{"SHIVALIK.BO": {"recommendationTrend": {"trend": [{"period": "0m", "strongBuy": 0, "buy": 0, "hold": 0, "sell": 0, "strongSell": 0}, {"period": "-1m", "strongBuy": 0, "buy": 0, "hold": 0, "sell": 0, "strongSell": 0}, {"period": "-2m", "strongBuy": 0, "buy": 0, "hold": 0, "sell": 0, "strongSell": 0}, {"period": "-3m", "strongBuy": 0, "buy": 0, "hold": 0, "sell": 0, "strongSell": 0}], "maxAge": 86400}, "cashflowStatementHistory": {"cashflowStatements": [{"maxAge": 1, "endDate": "2020-03-31", "netIncome": 140055716, "depreciation": 6272250, "changeToNetincome": 111836334, "changeToAccountReceivables": -61168946, "changeToLiabilities": 155285669, "changeToInventory": 13663092, "changeToOperatingActivities": -309380158, "totalCashFromOperatingActivities": 57215336, "capitalExpenditures": -903383284, "investments": -126100000, "otherCashflowsFromInvestingActivities": 10024090, "totalCashflowsFromInvestingActivities": -1019459194, "dividendsPaid": -20508813, "netBorrowings": -86852874, "otherCashflowsFromFinancingActivities": -40268305, "totalCashFromFinancingActivities": 102921008, "changeInCash": -859322850, "issuanceOfStock": 250551000}, {"maxAge": 1, "endDate": "2019-03-31", "netIncome": 136086764, "depreciation": -1647314, "changeToNetincome": 93421153, "changeToAccountReceivables": -59606316, "changeToLiabilities": 110384761, "changeToInventory": -46503751, "changeToOperatingActivities": -309691216, "totalCashFromOperatingActivities": -76999503, "capitalExpenditures": -288950743, "investments": -126100000, "otherCashflowsFromInvestingActivities": 52176668, "totalCashflowsFromInvestingActivities": -236774075, "dividendsPaid": -5260000, "netBorrowings": -21403635, "otherCashflowsFromFinancingActivities": -34496565, "totalCashFromFinancingActivities": 1001348780, "changeInCash": 687575202, "issuanceOfStock": 1062508980}, {"maxAge": 1, "endDate": "2018-03-31", "netIncome": 90824156, "depreciation": 24017944, "changeToNetincome": 124291309, "changeToAccountReceivables": -151274994, "changeToLiabilities": -5941628, "changeToInventory": -16887894, "changeToOperatingActivities": -135212964, "totalCashFromOperatingActivities": -70184071, "capitalExpenditures": -150985053, "investments": -90648000, "otherCashflowsFromInvestingActivities": 4476594, "totalCashflowsFromInvestingActivities": -237156459, "dividendsPaid": -14490000, "netBorrowings": -48560061, "otherCashflowsFromFinancingActivities": -40045221, "totalCashFromFinancingActivities": 520619266, "changeInCash": 213278736, "issuanceOfStock": 623714548}, {"maxAge": 1, "endDate": "2017-03-31", "netIncome": 54649263, "depreciation": 22919140, "changeToNetincome": 90476825, "changeToAccountReceivables": -77101781, "changeToLiabilities": -14922755, "changeToInventory": -30577163, "changeToOperatingActivities": 35351810, "totalCashFromOperatingActivities": 80884899, "capitalExpenditures": -29026375, "investments": -15413600, "otherCashflowsFromInvestingActivities": 4308198, "totalCashflowsFromInvestingActivities": -40131777, "dividendsPaid": -14490000, "netBorrowings": -12638574, "otherCashflowsFromFinancingActivities": -49998268, "totalCashFromFinancingActivities": -25517326, "changeInCash": 15235796, "issuanceOfStock": 37119516}], "maxAge": 86400}, "institutionOwnership": {"ownershipList": [], "maxAge": 1}, "balanceSheetHistoryQuarterly": {"balanceSheetStatements": [{"maxAge": 1, "endDate": "2020-06-30", "totalStockholderEquity": 1762819000, "netTangibleAssets": 1760128000}, {"maxAge": 1, "endDate": "2020-03-31", "cash": 90379018, "netReceivables": 1236887759, "inventory": 201211747, "otherCurrentAssets": 47588703, "totalCurrentAssets": 1576067227, "propertyPlantEquipment": 1530434757, "intangibleAssets": 2691226, "otherAssets": 172884793, "totalAssets": 3282078003, "accountsPayable": 444932970, "shortLongTermDebt": 14972267, "otherCurrentLiab": 167842455, "longTermDebt": 26187329, "otherLiab": 13745535, "deferredLongTermLiab": 97765057, "minorityInterest": 732655626, "totalCurrentLiabilities": 746670169, "totalLiab": 786603033, "commonStock": 68896150, "retainedEarnings": 478887781, "treasuryStock": -76270610, "capitalSurplus": 1291306023, "otherStockholderEquity": -76270610, "totalStockholderEquity": 1762819344, "netTangibleAssets": 1760128118}, {"maxAge": 1, "endDate": "2019-12-31", "totalStockholderEquity": 1719666000, "netTangibleAssets": 1715093000}, {"maxAge": 1, "endDate": "2019-09-30", "cash": 316165000, "netReceivables": 1197124000, "inventory": 148197000, "otherCurrentAssets": 283121000, "totalCurrentAssets": 1944607000, "propertyPlantEquipment": 1130225000, "intangibleAssets": 4573000, "otherAssets": 82423000, "deferredLongTermAssetCharges": 1174000, "totalAssets": 3161828000, "accountsPayable": 428346000, "otherCurrentLiab": 83817000, "longTermDebt": 43665000, "otherLiab": 136483000, "minorityInterest": 698283000, "totalCurrentLiabilities": 563731000, "totalLiab": 743879000, "commonStock": 68896000, "treasuryStock": 1650770000, "otherStockholderEquity": 1650770000, "totalStockholderEquity": 1719666000, "netTangibleAssets": 1715093000}], "maxAge": 86400}, "earningsHistory": {"history": [{"maxAge": 1, "epsActual": {}, "epsEstimate": {}, "epsDifference": {}, "surprisePercent": {}, "quarter": {}, "period": "-4q"}, {"maxAge": 1, "epsActual": {}, "epsEstimate": {}, "epsDifference": {}, "surprisePercent": {}, "quarter": {}, "period": "-3q"}, {"maxAge": 1, "epsActual": {}, "epsEstimate": {}, "epsDifference": {}, "surprisePercent": {}, "quarter": {}, "period": "-2q"}, {"maxAge": 1, "epsActual": {}, "epsEstimate": {}, "epsDifference": {}, "surprisePercent": {}, "quarter": {}, "period": "-1q"}], "maxAge": 86400}, "indexTrend": {"maxAge": 1, "symbol": "SP5", "peRatio": 19.7411, "pegRatio": 1.34172, "estimates": [{"period": "0q", "growth": 0.549}, {"period": "+1q", "growth": 0.431}, {"period": "0y", "growth": 0.305}, {"period": "+1y", "growth": 0.109}, {"period": "+5y", "growth": 0.120859005}, {"period": "-5y"}]}, "industryTrend": {"maxAge": 1, "symbol": null, "estimates": []}, "insiderTransactions": {"transactions": [{"maxAge": 1, "shares": 4350, "filerUrl": "", "transactionText": "", "filerName": "Growel Remedies Ltd.", "filerRelation": "Promoter", "moneyText": "", "startDate": "2020-03-18", "ownership": "D"}, {"maxAge": 1, "shares": 4534, "filerUrl": "", "transactionText": "", "filerName": "Growel Remedies Ltd.", "filerRelation": "Promoter", "moneyText": "", "startDate": "2020-03-13", "ownership": "D"}, {"maxAge": 1, "shares": 250, "filerUrl": "", "transactionText": "", "filerName": "Growel Remedies Ltd.", "filerRelation": "Promoter", "moneyText": "", "startDate": "2020-03-02", "ownership": "D"}, {"maxAge": 1, "shares": 4116, "filerUrl": "", "transactionText": "", "filerName": "Growel Remedies Ltd.", "filerRelation": "Promoter", "moneyText": "", "startDate": "2020-02-27", "ownership": "D"}, {"maxAge": 1, "shares": 1559, "filerUrl": "", "transactionText": "", "filerName": "Growel Remedies Ltd.", "filerRelation": "Promoter", "moneyText": "", "startDate": "2020-02-25", "ownership": "D"}, {"maxAge": 1, "shares": 4281, "filerUrl": "", "transactionText": "", "filerName": "Growel Remedies Ltd.", "filerRelation": "Promoter", "moneyText": "", "startDate": "2020-02-19", "ownership": "D"}, {"maxAge": 1, "shares": 13785, "filerUrl": "", "transactionText": "", "filerName": "Growel Remedies Ltd.", "filerRelation": "Promoter", "moneyText": "", "startDate": "2019-12-30", "ownership": "D"}, {"maxAge": 1, "shares": 13685, "filerUrl": "", "transactionText": "", "filerName": "Growel Remedies Ltd.", "filerRelation": "Promoter", "moneyText": "", "startDate": "2019-12-26", "ownership": "D"}, {"maxAge": 1, "shares": 17601, "filerUrl": "", "transactionText": "", "filerName": "Growel Remedies Ltd.", "filerRelation": "Promoter", "moneyText": "", "startDate": "2019-12-19", "ownership": "D"}, {"maxAge": 1, "shares": 4545, "filerUrl": "", "transactionText": "", "filerName": "Growel Remedies Ltd.", "filerRelation": "Promoter", "moneyText": "", "startDate": "2019-12-18", "ownership": "D"}, {"maxAge": 1, "shares": 5000, "filerUrl": "", "transactionText": "", "filerName": "Growel Remedies Ltd.", "filerRelation": "Promoter", "moneyText": "", "startDate": "2019-12-16", "ownership": "D"}, {"maxAge": 1, "shares": 6000, "filerUrl": "", "transactionText": "", "filerName": "Growel Remedies Ltd.", "filerRelation": "Promoter", "moneyText": "", "startDate": "2019-12-12", "ownership": "D"}, {"maxAge": 1, "shares": 5541, "filerUrl": "", "transactionText": "", "filerName": "Growel Remedies Ltd.", "filerRelation": "Promoter", "moneyText": "", "startDate": "2019-12-11", "ownership": "D"}, {"maxAge": 1, "shares": 12500, "filerUrl": "", "transactionText": "", "filerName": "Sharma (Ashwani Kumar)", "filerRelation": "UNREPORTED", "moneyText": "", "startDate": "2019-06-28", "ownership": "D"}, {"maxAge": 1, "shares": 9900, "filerUrl": "", "transactionText": "", "filerName": "Singh (Suresh Kumar)", "filerRelation": "Managing Director", "moneyText": "", "startDate": "2017-08-23", "ownership": "D"}, {"maxAge": 1, "shares": 2275120, "filerUrl": "", "transactionText": "", "filerName": "Growel Capital Services Pvt. Ltd.", "filerRelation": "Institution- Corporation", "moneyText": "", "startDate": "2017-08-23", "ownership": "D"}, {"maxAge": 1, "shares": 10000, "filerUrl": "", "transactionText": "", "filerName": "Singh (Suresh Kumar)", "filerRelation": "Managing Director", "moneyText": "", "startDate": "2017-08-19", "ownership": "D"}, {"maxAge": 1, "shares": 160000, "filerUrl": "", "transactionText": "", "filerName": "Growel Capital Services Pvt. Ltd.", "filerRelation": "Institution- Corporation", "moneyText": "", "startDate": "2017-08-19", "ownership": "D"}], "maxAge": 1}, "quoteType": {"exchange": "BSE", "quoteType": "EQUITY", "symbol": "SHIVALIK.BO", "underlyingSymbol": "SHIVALIK.BO", "shortName": "Shivalik Rasayan Ltd.", "longName": "Shivalik Rasayan Limited", "firstTradeDateEpochUtc": "2015-06-24 09:15:00", "timeZoneFullName": "Asia/Kolkata", "timeZoneShortName": "IST", "uuid": "71baa2ad-d1fd-32fd-b016-8f38499327d1", "gmtOffSetMilliseconds": 19800000, "maxAge": 1}, "incomeStatementHistory": {"incomeStatementHistory": [{"maxAge": 1, "endDate": "2020-03-31", "totalRevenue": 1862756216, "costOfRevenue": 1136305973, "grossProfit": 726450243, "researchDevelopment": {}, "sellingGeneralAdministrative": 168615477, "nonRecurring": {}, "otherOperatingExpenses": 270256795, "totalOperatingExpenses": 1610289622, "operatingIncome": 252466594, "totalOtherIncomeExpenseNet": 14465457, "ebit": 252466594, "interestExpense": -14848524, "incomeBeforeTax": 266932051, "incomeTaxExpense": 46491300, "minorityInterest": 732655626, "netIncomeFromContinuingOps": 220440751, "discontinuedOperations": {}, "extraordinaryItems": {}, "effectOfAccountingCharges": {}, "otherItems": {}, "netIncome": 140055716, "netIncomeApplicableToCommonShares": 140055716}, {"maxAge": 1, "endDate": "2019-03-31", "totalRevenue": 1705494447, "costOfRevenue": 1111694586, "grossProfit": 593799861, "researchDevelopment": {}, "sellingGeneralAdministrative": 135615661, "nonRecurring": {}, "otherOperatingExpenses": 223261007, "totalOperatingExpenses": 1500868203, "operatingIncome": 204626244, "totalOtherIncomeExpenseNet": 57069617, "ebit": 204626244, "interestExpense": -20543420, "incomeBeforeTax": 261695861, "incomeTaxExpense": 52300472, "minorityInterest": 543689298, "netIncomeFromContinuingOps": 209395389, "discontinuedOperations": {}, "extraordinaryItems": {}, "effectOfAccountingCharges": {}, "otherItems": {}, "netIncome": 136086764, "netIncomeApplicableToCommonShares": 136086764}, {"maxAge": 1, "endDate": "2018-03-31", "totalRevenue": 1551351440, "costOfRevenue": 940225216, "grossProfit": 611126224, "researchDevelopment": {}, "sellingGeneralAdministrative": 120839312, "nonRecurring": {}, "otherOperatingExpenses": 251261822, "totalOperatingExpenses": 1336344294, "operatingIncome": 215007146, "totalOtherIncomeExpenseNet": -12305107, "ebit": 215007146, "interestExpense": -37095057, "incomeBeforeTax": 202702039, "incomeTaxExpense": 50230598, "minorityInterest": 454810862, "netIncomeFromContinuingOps": 152471441, "discontinuedOperations": {}, "extraordinaryItems": {}, "effectOfAccountingCharges": {}, "otherItems": {}, "netIncome": 90824156, "netIncomeApplicableToCommonShares": 90824156}, {"maxAge": 1, "endDate": "2017-03-31", "totalRevenue": 1233951158, "costOfRevenue": 724663959, "grossProfit": 509287199, "researchDevelopment": {}, "sellingGeneralAdministrative": 103311250, "nonRecurring": {}, "otherOperatingExpenses": 228154421, "totalOperatingExpenses": 1079138330, "operatingIncome": 154812828, "totalOtherIncomeExpenseNet": -41776810, "ebit": 154812828, "interestExpense": -49998268, "incomeBeforeTax": 113036018, "incomeTaxExpense": 28432354, "minorityInterest": 155536681, "netIncomeFromContinuingOps": 84603664, "discontinuedOperations": {}, "extraordinaryItems": {}, "effectOfAccountingCharges": {}, "otherItems": {}, "netIncome": 54649263, "netIncomeApplicableToCommonShares": 54649263}], "maxAge": 86400}, "fundOwnership": {"ownershipList": [], "maxAge": 1}, "summaryDetail": {"maxAge": 1, "priceHint": 2, "previousClose": 686.1, "open": 672.0, "dayLow": 661.2, "dayHigh": 703.0, "regularMarketPreviousClose": 686.1, "regularMarketOpen": 672.0, "regularMarketDayLow": 661.2, "regularMarketDayHigh": 703.0, "trailingPE": 70.24319, "volume": 11032, "regularMarketVolume": 11032, "averageVolume": 10954, "averageVolume10days": 12437, "averageDailyVolume10Day": 12437, "bid": 668.7, "ask": 672.0, "bidSize": 0, "askSize": 0, "marketCap": 7223982080, "fiftyTwoWeekLow": 188.6, "fiftyTwoWeekHigh": 703.0, "fiftyDayAverage": 463.87878, "twoHundredDayAverage": 450.43677, "trailingAnnualDividendRate": 0.25, "trailingAnnualDividendYield": 0.0003643784, "currency": "INR", "fromCurrency": null, "lastMarket": null, "algorithm": null, "tradeable": false}, "sectorTrend": {"maxAge": 1, "symbol": null, "estimates": []}, "incomeStatementHistoryQuarterly": {"incomeStatementHistory": [{"maxAge": 1, "endDate": "2020-06-30", "totalRevenue": 460101000, "costOfRevenue": 289195000, "grossProfit": 170906000, "researchDevelopment": {}, "sellingGeneralAdministrative": 46737000, "nonRecurring": {}, "otherOperatingExpenses": 59230000, "totalOperatingExpenses": 411631000, "operatingIncome": 48470000, "totalOtherIncomeExpenseNet": -421000, "ebit": 48470000, "interestExpense": -2547000, "incomeBeforeTax": 48049000, "incomeTaxExpense": 9416000, "minorityInterest": {}, "netIncomeFromContinuingOps": 38633000, "discontinuedOperations": {}, "extraordinaryItems": {}, "effectOfAccountingCharges": {}, "otherItems": {}, "netIncome": 25061000, "netIncomeApplicableToCommonShares": 25061000}, {"maxAge": 1, "endDate": "2020-03-31", "totalRevenue": 377749216, "costOfRevenue": 195258973, "grossProfit": 182490243, "researchDevelopment": {}, "sellingGeneralAdministrative": 49045477, "nonRecurring": {}, "otherOperatingExpenses": 65946795, "totalOperatingExpenses": 321317622, "operatingIncome": 56431594, "totalOtherIncomeExpenseNet": 6337457, "ebit": 56431594, "interestExpense": -2518524, "incomeBeforeTax": 62769051, "incomeTaxExpense": 9242300, "minorityInterest": 732655626, "netIncomeFromContinuingOps": 53526751, "discontinuedOperations": {}, "extraordinaryItems": {}, "effectOfAccountingCharges": {}, "otherItems": {}, "netIncome": 38447716, "netIncomeApplicableToCommonShares": 38447716}, {"maxAge": 1, "endDate": "2019-12-31", "totalRevenue": 512810000, "costOfRevenue": 309217000, "grossProfit": 203593000, "researchDevelopment": {}, "sellingGeneralAdministrative": 45315000, "nonRecurring": {}, "otherOperatingExpenses": 80490000, "totalOperatingExpenses": 443464000, "operatingIncome": 69346000, "totalOtherIncomeExpenseNet": 944000, "ebit": 69346000, "interestExpense": -3564000, "incomeBeforeTax": 70290000, "incomeTaxExpense": 13581000, "minorityInterest": 732655626, "netIncomeFromContinuingOps": 56709000, "discontinuedOperations": {}, "extraordinaryItems": {}, "effectOfAccountingCharges": {}, "otherItems": {}, "netIncome": 34455000, "netIncomeApplicableToCommonShares": 34455000}, {"maxAge": 1, "endDate": "2019-09-30", "totalRevenue": 515748000, "costOfRevenue": 333557000, "grossProfit": 182191000, "researchDevelopment": {}, "sellingGeneralAdministrative": 39880000, "nonRecurring": {}, "otherOperatingExpenses": 68735000, "totalOperatingExpenses": 450324000, "operatingIncome": 65424000, "totalOtherIncomeExpenseNet": 6130000, "ebit": 65424000, "interestExpense": -5026000, "incomeBeforeTax": 71554000, "incomeTaxExpense": 14221000, "minorityInterest": 698283000, "netIncomeFromContinuingOps": 57333000, "discontinuedOperations": {}, "extraordinaryItems": {}, "effectOfAccountingCharges": {}, "otherItems": {}, "netIncome": 34127000, "netIncomeApplicableToCommonShares": 34127000}], "maxAge": 86400}, "cashflowStatementHistoryQuarterly": {"cashflowStatements": [{"maxAge": 1, "endDate": "2020-06-30", "netIncome": 25061000, "changeToLiabilities": 0}, {"maxAge": 1, "endDate": "2020-03-31", "netIncome": 38447716, "changeToLiabilities": 0}, {"maxAge": 1, "endDate": "2019-12-31", "netIncome": 34455000, "changeToLiabilities": 0}, {"maxAge": 1, "endDate": "2019-09-30", "netIncome": 34127000, "changeToLiabilities": 0}], "maxAge": 86400}, "insiderHolders": {"holders": [{"maxAge": 1, "name": "Growel Capital Services Pvt. Ltd.", "relation": "Institution- Corporation", "url": "", "transactionDescription": "Acquisition", "latestTransDate": "2017-08-23", "positionDirect": 2435120, "positionDirectDate": "2017-08-23"}, {"maxAge": 1, "name": "Growel Remedies Ltd.", "relation": "Promoter", "url": "", "transactionDescription": "Acquisition", "latestTransDate": "2020-03-18", "positionDirect": 7291677, "positionDirectDate": "2020-03-18"}, {"maxAge": 1, "name": "Sharma (Ashwani Kumar)", "relation": "UNREPORTED", "url": "", "transactionDescription": "Acquisition", "latestTransDate": "2019-06-28", "positionDirect": 12750, "positionDirectDate": "2019-06-28"}, {"maxAge": 1, "name": "Singh (Suresh Kumar)", "relation": "Managing Director", "url": "", "transactionDescription": "Acquisition", "latestTransDate": "2017-08-23", "positionDirect": 100, "positionDirectDate": "2017-08-23"}], "maxAge": 1}, "earnings": {"maxAge": 86400, "earningsChart": {"quarterly": [], "earningsDate": []}, "financialsChart": {"yearly": [{"date": 2017, "revenue": 1233951158, "earnings": 54649263}, {"date": 2018, "revenue": 1551351440, "earnings": 90824156}, {"date": 2019, "revenue": 1705494447, "earnings": 136086764}, {"date": 2020, "revenue": 1862756216, "earnings": 140055716}], "quarterly": [{"date": "3Q2019", "revenue": 515748000, "earnings": 34127000}, {"date": "4Q2019", "revenue": 512810000, "earnings": 34455000}, {"date": "1Q2020", "revenue": 377749216, "earnings": 38447716}, {"date": "2Q2020", "revenue": 460101000, "earnings": 25061000}]}, "financialCurrency": "INR"}, "calendarEvents": {"maxAge": 1, "earnings": {"earningsDate": [], "revenueLow": 355570000, "revenueHigh": 355570000}}, "upgradeDowngradeHistory": {"history": [], "maxAge": 86400}, "price": {"maxAge": 1, "regularMarketChangePercent": -0.019093392, "regularMarketChange": -13.099976, "regularMarketTime": "2021-04-30 15:29:24", "priceHint": 2, "regularMarketPrice": 673.0, "regularMarketDayHigh": 703.0, "regularMarketDayLow": 661.2, "regularMarketVolume": 11032, "averageDailyVolume10Day": 12437, "averageDailyVolume3Month": 10954, "regularMarketPreviousClose": 686.1, "regularMarketSource": "FREE_REALTIME", "regularMarketOpen": 672.0, "exchange": "BSE", "exchangeName": "BSE", "exchangeDataDelayedBy": 0, "marketState": "CLOSED", "quoteType": "EQUITY", "symbol": "SHIVALIK.BO", "underlyingSymbol": null, "shortName": "Shivalik Rasayan Ltd.", "longName": "Shivalik Rasayan Limited", "currency": "INR", "quoteSourceName": "Delayed Quote", "currencySymbol": "\u20b9", "fromCurrency": null, "lastMarket": null, "marketCap": 7223982080}, "balanceSheetHistory": {"balanceSheetStatements": [{"maxAge": 1, "endDate": "2020-03-31", "cash": 90379018, "netReceivables": 1236887759, "inventory": 201211747, "otherCurrentAssets": 47588703, "totalCurrentAssets": 1576067227, "propertyPlantEquipment": 1530434757, "intangibleAssets": 2691226, "otherAssets": 172884793, "totalAssets": 3282078003, "accountsPayable": 444932970, "shortLongTermDebt": 14972267, "otherCurrentLiab": 167842455, "longTermDebt": 26187329, "otherLiab": 13745535, "deferredLongTermLiab": 97765057, "minorityInterest": 732655626, "totalCurrentLiabilities": 746670169, "totalLiab": 786603033, "commonStock": 68896150, "retainedEarnings": 478887781, "treasuryStock": -76270610, "capitalSurplus": 1291306023, "otherStockholderEquity": -76270610, "totalStockholderEquity": 1762819344, "netTangibleAssets": 1760128118}, {"maxAge": 1, "endDate": "2019-03-31", "cash": 949701868, "netReceivables": 918988423, "inventory": 214874839, "otherCurrentAssets": 34866893, "totalCurrentAssets": 2118432023, "propertyPlantEquipment": 662119660, "intangibleAssets": 3342605, "otherAssets": 98995942, "totalAssets": 2882890230, "accountsPayable": 301025748, "shortLongTermDebt": 13456887, "otherCurrentLiab": 120575421, "longTermDebt": 54272402, "otherLiab": 16677225, "deferredLongTermLiab": 37975607, "minorityInterest": 543689298, "totalCurrentLiabilities": 615428790, "totalLiab": 686378417, "commonStock": 68896150, "retainedEarnings": 347124278, "treasuryStock": -54503936, "capitalSurplus": 1291306023, "otherStockholderEquity": -54503936, "totalStockholderEquity": 1652822515, "netTangibleAssets": 1649479910}, {"maxAge": 1, "endDate": "2018-03-31", "cash": 262126664, "shortTermInvestments": 700000, "netReceivables": 618728605, "inventory": 168371083, "otherCurrentAssets": 13108402, "totalCurrentAssets": 1063034754, "propertyPlantEquipment": 403061043, "intangibleAssets": 3168847, "otherAssets": 49186411, "totalAssets": 1518451055, "accountsPayable": 204859154, "shortLongTermDebt": 13534493, "otherCurrentLiab": 65875144, "longTermDebt": 65661325, "otherLiab": 19751687, "deferredLongTermLiab": 15001599, "minorityInterest": 454810862, "totalCurrentLiabilities": 489217455, "totalLiab": 574630467, "commonStock": 42080000, "retainedEarnings": 240770659, "treasuryStock": -38934126, "capitalSurplus": 245093193, "otherStockholderEquity": -38934126, "totalStockholderEquity": 489009726, "netTangibleAssets": 485840879}, {"maxAge": 1, "endDate": "2017-03-31", "cash": 48847929, "shortTermInvestments": 700000, "netReceivables": 407209573, "inventory": 151632690, "otherCurrentAssets": 20504398, "totalCurrentAssets": 628894590, "propertyPlantEquipment": 279209969, "intangibleAssets": 217884, "otherAssets": 33187806, "totalAssets": 941510249, "accountsPayable": 220473253, "shortLongTermDebt": 58925235, "otherCurrentLiab": 70308749, "longTermDebt": 115783162, "otherLiab": 18493606, "deferredLongTermLiab": 9088749, "minorityInterest": 155536681, "totalCurrentLiabilities": 543805961, "totalLiab": 678082729, "commonStock": 34200000, "treasuryStock": 53965646, "capitalSurplus": 19725193, "otherStockholderEquity": 53965646, "totalStockholderEquity": 107890839, "netTangibleAssets": 107672955}], "maxAge": 86400}, "earningsTrend": {"trend": [{"maxAge": 1, "period": "0q", "endDate": "2017-03-31", "growth": {}, "earningsEstimate": {"avg": 0.0, "low": 0.0, "high": 0.0, "yearAgoEps": {}, "numberOfAnalysts": 0, "growth": {}}, "revenueEstimate": {"avg": 0, "low": 355570000, "high": 355570000, "numberOfAnalysts": 1, "yearAgoRevenue": {}, "growth": {}}, "epsTrend": {"current": 0.0, "7daysAgo": 8.15, "30daysAgo": 8.15, "60daysAgo": 8.15, "90daysAgo": 8.15}, "epsRevisions": {"upLast7days": 0, "upLast30days": 0, "downLast30days": 0, "downLast90days": {}}}, {"maxAge": 1, "period": "+1q", "endDate": "2017-06-30", "growth": {}, "earningsEstimate": {"avg": 0.0, "low": 0.0, "high": 0.0, "yearAgoEps": {}, "numberOfAnalysts": 0, "growth": {}}, "revenueEstimate": {"avg": 0, "low": 0, "high": 0, "numberOfAnalysts": 0, "yearAgoRevenue": {}, "growth": {}}, "epsTrend": {"current": 0.0, "7daysAgo": 0.0, "30daysAgo": 0.0, "60daysAgo": 0.0, "90daysAgo": 0.0}, "epsRevisions": {"upLast7days": 0, "upLast30days": 0, "downLast30days": 0, "downLast90days": {}}}, {"maxAge": 1, "period": "0y", "endDate": "2017-03-31", "growth": {}, "earningsEstimate": {"avg": 0.0, "low": 0.0, "high": 0.0, "yearAgoEps": {}, "numberOfAnalysts": 0, "growth": {}}, "revenueEstimate": {"avg": 1233950000, "low": 1282930000, "high": 1282930000, "numberOfAnalysts": 1, "yearAgoRevenue": {}, "growth": {}}, "epsTrend": {"current": 0.0, "7daysAgo": 25.72, "30daysAgo": 25.72, "60daysAgo": 25.72, "90daysAgo": 25.72}, "epsRevisions": {"upLast7days": 0, "upLast30days": 0, "downLast30days": 0, "downLast90days": {}}}, {"maxAge": 1, "period": "+1y", "endDate": "2018-03-31", "growth": {}, "earningsEstimate": {"avg": 0.0, "low": 0.0, "high": 0.0, "yearAgoEps": {}, "numberOfAnalysts": 0, "growth": {}}, "revenueEstimate": {"avg": 1501030000, "low": 1501030000, "high": 1501030000, "numberOfAnalysts": 1, "yearAgoRevenue": 1233950000, "growth": 0.216}, "epsTrend": {"current": 0.0, "7daysAgo": 30.57, "30daysAgo": 30.57, "60daysAgo": 30.57, "90daysAgo": 30.57}, "epsRevisions": {"upLast7days": 0, "upLast30days": 0, "downLast30days": 0, "downLast90days": {}}}, {"maxAge": 1, "period": "+5y", "endDate": null, "growth": {}, "earningsEstimate": {"avg": {}, "low": {}, "high": {}, "yearAgoEps": {}, "numberOfAnalysts": {}, "growth": {}}, "revenueEstimate": {"avg": {}, "low": {}, "high": {}, "numberOfAnalysts": {}, "yearAgoRevenue": {}, "growth": {}}, "epsTrend": {"current": {}, "7daysAgo": {}, "30daysAgo": {}, "60daysAgo": {}, "90daysAgo": {}}, "epsRevisions": {"upLast7days": {}, "upLast30days": {}, "downLast30days": {}, "downLast90days": {}}}, {"maxAge": 1, "period": "-5y", "endDate": null, "growth": {}, "earningsEstimate": {"avg": {}, "low": {}, "high": {}, "yearAgoEps": {}, "numberOfAnalysts": {}, "growth": {}}, "revenueEstimate": {"avg": {}, "low": {}, "high": {}, "numberOfAnalysts": {}, "yearAgoRevenue": {}, "growth": {}}, "epsTrend": {"current": {}, "7daysAgo": {}, "30daysAgo": {}, "60daysAgo": {}, "90daysAgo": {}}, "epsRevisions": {"upLast7days": {}, "upLast30days": {}, "downLast30days": {}, "downLast90days": {}}}], "maxAge": 1}, "financialData": {"maxAge": 86400, "currentPrice": 673.0, "recommendationMean": 2.0, "recommendationKey": "buy", "grossProfits": 726450243, "financialCurrency": "INR"}}}