{"SHIVAMAUTO.NS": {"assetProfile": {"address1": "Tower A, Emaar Digital Greens", "address2": "10, 1st Floor Sector \u00e2\u0080\u0093 61 Golf Course Extension Road", "city": "Gurugram", "zip": "122102", "country": "India", "phone": "91 12 4469 8700", "fax": "91 12 4469 8798", "website": "http://www.shivamautotech.com", "industry": "Auto Parts", "sector": "Consumer Cyclical", "longBusinessSummary": "Shivam Autotech Limited manufactures and sells auto transmission components primarily for original equipment manufacturers in India and internationally. It offers transmission gears and shafts; spline shafts; plungers; and power train, alternator, starter motor, magneto, and steering components, as well as various precision engineering components. The company was founded in 1999 and is headquartered in Gurugram, India. Shivam Autotech Limited is a subsidiary of Dayanand Munjal Investments Private Limited.", "fullTimeEmployees": 918, "companyOfficers": [{"maxAge": 1, "name": "Mr. Neeraj  Munjal", "age": 53, "title": "CEO, MD & Exec. Director", "yearBorn": 1967, "fiscalYear": 2020, "totalPay": 18758000, "exercisedValue": 0, "unexercisedValue": 0}, {"maxAge": 1, "name": "Mr. Davendra  Ujlayan", "age": 57, "title": "CFO & VP of Fin.", "yearBorn": 1963, "fiscalYear": 2020, "totalPay": 5537000, "exercisedValue": 0, "unexercisedValue": 0}, {"maxAge": 1, "name": "Ms. Samta  Bajaj", "title": "Company Sec. & Compliance Officer", "fiscalYear": 2020, "totalPay": 482936, "exercisedValue": 0, "unexercisedValue": 0}, {"maxAge": 1, "name": "Ms. Charu  Munjal", "age": 48, "title": "Whole Time & Exec. Director", "yearBorn": 1972, "fiscalYear": 2020, "totalPay": 8582000, "exercisedValue": 0, "unexercisedValue": 0}], "compensationAsOfEpochDate": "2020-12-31 05:30:00", "maxAge": 86400}, "recommendationTrend": {"trend": [{"period": "0m", "strongBuy": 0, "buy": 0, "hold": 0, "sell": 0, "strongSell": 0}, {"period": "-1m", "strongBuy": 0, "buy": 0, "hold": 0, "sell": 0, "strongSell": 0}, {"period": "-2m", "strongBuy": 0, "buy": 0, "hold": 0, "sell": 0, "strongSell": 0}, {"period": "-3m", "strongBuy": 0, "buy": 0, "hold": 0, "sell": 0, "strongSell": 0}], "maxAge": 86400}, "cashflowStatementHistory": {"cashflowStatements": [{"maxAge": 1, "endDate": "2020-03-31", "netIncome": -371344000, "depreciation": 530641000, "changeToNetincome": 397629000, "changeToAccountReceivables": 179592000, "changeToLiabilities": -30925000, "changeToInventory": 229776000, "changeToOperatingActivities": 98292000, "totalCashFromOperatingActivities": 1041144000, "capitalExpenditures": -437133000, "otherCashflowsFromInvestingActivities": 3894000, "totalCashflowsFromInvestingActivities": -432519000, "netBorrowings": -63263000, "otherCashflowsFromFinancingActivities": -521446000, "totalCashFromFinancingActivities": -584709000, "changeInCash": 23916000}, {"maxAge": 1, "endDate": "2019-03-31", "netIncome": -182145000, "depreciation": 479464000, "changeToNetincome": 529993000, "changeToAccountReceivables": -113754000, "changeToLiabilities": 505296000, "changeToInventory": -193212000, "changeToOperatingActivities": -93469000, "totalCashFromOperatingActivities": 940279000, "capitalExpenditures": -680291000, "otherCashflowsFromInvestingActivities": 3845000, "totalCashflowsFromInvestingActivities": -675443000, "netBorrowings": 220246000, "otherCashflowsFromFinancingActivities": -478899000, "totalCashFromFinancingActivities": -258653000, "changeInCash": 6183000}, {"maxAge": 1, "endDate": "2018-03-31", "netIncome": -12313000, "depreciation": 404177000, "changeToNetincome": 380267000, "changeToAccountReceivables": -161836000, "changeToLiabilities": -57413000, "changeToInventory": 67653000, "changeToOperatingActivities": 157610000, "totalCashFromOperatingActivities": 786658000, "capitalExpenditures": -485008000, "otherCashflowsFromInvestingActivities": 542000, "totalCashflowsFromInvestingActivities": -484303000, "netBorrowings": 131768000, "otherCashflowsFromFinancingActivities": -461598000, "totalCashFromFinancingActivities": -329830000, "changeInCash": -27474000}, {"maxAge": 1, "endDate": "2017-03-31", "netIncome": -35793000, "depreciation": 316667000, "changeToNetincome": 178101000, "changeToAccountReceivables": -194562000, "changeToLiabilities": 145298000, "changeToInventory": -83793000, "changeToOperatingActivities": -65583000, "totalCashFromOperatingActivities": 265684000, "capitalExpenditures": -864102000, "otherCashflowsFromInvestingActivities": 1899000, "totalCashflowsFromInvestingActivities": -862203000, "dividendsPaid": -40000000, "netBorrowings": 951213000, "otherCashflowsFromFinancingActivities": -293432000, "totalCashFromFinancingActivities": 617781000, "changeInCash": 21262000}], "maxAge": 86400}, "indexTrend": {"maxAge": 1, "symbol": "SP5", "peRatio": 19.7411, "pegRatio": 1.34172, "estimates": [{"period": "0q", "growth": 0.549}, {"period": "+1q", "growth": 0.431}, {"period": "0y", "growth": 0.305}, {"period": "+1y", "growth": 0.109}, {"period": "+5y", "growth": 0.120865}, {"period": "-5y"}]}, "defaultKeyStatistics": {"maxAge": 1, "priceHint": 2, "enterpriseValue": 1883017472, "profitMargins": -0.0692, "floatShares": 21871048, "sharesOutstanding": 100000000, "heldPercentInsiders": 0.75054, "heldPercentInstitutions": 0.0, "beta": 1.549109, "category": null, "bookValue": 13.517, "priceToBook": 1.376045, "fundFamily": null, "legalType": null, "lastFiscalYearEnd": "2020-03-31 05:30:00", "nextFiscalYearEnd": "2022-03-31 05:30:00", "mostRecentQuarter": "2020-12-31 05:30:00", "netIncomeToCommon": -306048992, "trailingEps": -3.052, "lastSplitFactor": "2:1", "lastSplitDate": "2015-10-08 05:30:00", "enterpriseToRevenue": 0.426, "enterpriseToEbitda": 3.515}, "industryTrend": {"maxAge": 1, "symbol": null, "estimates": []}, "quoteType": {"exchange": "NSI", "quoteType": "EQUITY", "symbol": "SHIVAMAUTO.NS", "underlyingSymbol": "SHIVAMAUTO.NS", "shortName": "SHIVAM AUTOTECH LT", "longName": "Shivam Autotech Limited", "firstTradeDateEpochUtc": "2006-11-21 09:15:00", "timeZoneFullName": "Asia/Kolkata", "timeZoneShortName": "IST", "uuid": "fd05e35d-64a4-3459-92f4-31fd591509db", "gmtOffSetMilliseconds": 19800000, "maxAge": 1}, "incomeStatementHistory": {"incomeStatementHistory": [{"maxAge": 1, "endDate": "2020-03-31", "totalRevenue": 5884190000, "costOfRevenue": 3601317000, "grossProfit": 2282873000, "researchDevelopment": {}, "sellingGeneralAdministrative": 618383000, "nonRecurring": {}, "otherOperatingExpenses": 1135875000, "totalOperatingExpenses": 5893699000, "operatingIncome": -9509000, "totalOtherIncomeExpenseNet": -532914000, "ebit": -9509000, "interestExpense": -519026000, "incomeBeforeTax": -542423000, "incomeTaxExpense": -171079000, "minorityInterest": {}, "netIncomeFromContinuingOps": -371344000, "discontinuedOperations": {}, "extraordinaryItems": {}, "effectOfAccountingCharges": {}, "otherItems": {}, "netIncome": -371344000, "netIncomeApplicableToCommonShares": -371344000}, {"maxAge": 1, "endDate": "2019-03-31", "totalRevenue": 6365558000, "costOfRevenue": 3736714000, "grossProfit": 2628844000, "researchDevelopment": {}, "sellingGeneralAdministrative": 632290000, "nonRecurring": {}, "otherOperatingExpenses": 1158704000, "totalOperatingExpenses": 6015278000, "operatingIncome": 350280000, "totalOtherIncomeExpenseNet": -487256000, "ebit": 350280000, "interestExpense": -470983000, "incomeBeforeTax": -136976000, "incomeTaxExpense": 45169000, "minorityInterest": {}, "netIncomeFromContinuingOps": -182145000, "discontinuedOperations": {}, "extraordinaryItems": {}, "effectOfAccountingCharges": {}, "otherItems": {}, "netIncome": -182145000, "netIncomeApplicableToCommonShares": -182145000}, {"maxAge": 1, "endDate": "2018-03-31", "totalRevenue": 5575643000, "costOfRevenue": 3178577000, "grossProfit": 2397066000, "researchDevelopment": {}, "sellingGeneralAdministrative": 562532000, "nonRecurring": {}, "otherOperatingExpenses": 1038602000, "totalOperatingExpenses": 5192401000, "operatingIncome": 383242000, "totalOtherIncomeExpenseNet": -458944000, "ebit": 383242000, "interestExpense": -444504000, "incomeBeforeTax": -75702000, "incomeTaxExpense": -63389000, "minorityInterest": {}, "netIncomeFromContinuingOps": -12313000, "discontinuedOperations": {}, "extraordinaryItems": {}, "effectOfAccountingCharges": {}, "otherItems": {}, "netIncome": -12313000, "netIncomeApplicableToCommonShares": -12313000}, {"maxAge": 1, "endDate": "2017-03-31", "totalRevenue": 4556143000, "costOfRevenue": 2577308000, "grossProfit": 1978835000, "researchDevelopment": {}, "sellingGeneralAdministrative": 440904000, "nonRecurring": {}, "otherOperatingExpenses": 1062513000, "totalOperatingExpenses": 4402741000, "operatingIncome": 153402000, "totalOtherIncomeExpenseNet": -285924000, "ebit": 153402000, "interestExpense": -275093000, "incomeBeforeTax": -132522000, "incomeTaxExpense": -96729000, "minorityInterest": {}, "netIncomeFromContinuingOps": -35793000, "discontinuedOperations": {}, "extraordinaryItems": {}, "effectOfAccountingCharges": {}, "otherItems": {}, "netIncome": -35793000, "netIncomeApplicableToCommonShares": -35793000}], "maxAge": 86400}, "fundOwnership": {"ownershipList": [], "maxAge": 1}, "summaryDetail": {"maxAge": 1, "priceHint": 2, "previousClose": 18.8, "open": 18.8, "dayLow": 18.5, "dayHigh": 19.4, "regularMarketPreviousClose": 18.8, "regularMarketOpen": 18.8, "regularMarketDayLow": 18.5, "regularMarketDayHigh": 19.4, "exDividendDate": "2016-09-20 05:30:00", "payoutRatio": 0.0, "beta": 1.549109, "volume": 68276, "regularMarketVolume": 68276, "averageVolume": 98057, "averageVolume10days": 45047, "averageDailyVolume10Day": 45047, "bid": 0.0, "ask": 0.0, "bidSize": 0, "askSize": 0, "marketCap": 1869895296, "fiftyTwoWeekLow": 10.05, "fiftyTwoWeekHigh": 23.95, "priceToSalesTrailing12Months": 0.42279506, "fiftyDayAverage": 19.72353, "twoHundredDayAverage": 19.378014, "trailingAnnualDividendRate": 0.4, "trailingAnnualDividendYield": 0.021276597, "currency": "INR", "fromCurrency": null, "lastMarket": null, "algorithm": null, "tradeable": false}, "insiderHolders": {"holders": [], "maxAge": 1}, "calendarEvents": {"maxAge": 1, "earnings": {"earningsDate": []}, "exDividendDate": "2016-09-20 05:30:00"}, "upgradeDowngradeHistory": {"history": [], "maxAge": 86400}, "price": {"maxAge": 1, "regularMarketChangePercent": -0.010638237, "regularMarketChange": -0.19999886, "regularMarketTime": "2021-04-30 15:29:59", "priceHint": 2, "regularMarketPrice": 18.6, "regularMarketDayHigh": 19.4, "regularMarketDayLow": 18.5, "regularMarketVolume": 68276, "averageDailyVolume10Day": 45047, "averageDailyVolume3Month": 98057, "regularMarketPreviousClose": 18.8, "regularMarketSource": "FREE_REALTIME", "regularMarketOpen": 18.8, "exchange": "NSI", "exchangeName": "NSE", "exchangeDataDelayedBy": 15, "marketState": "CLOSED", "quoteType": "EQUITY", "symbol": "SHIVAMAUTO.NS", "underlyingSymbol": null, "shortName": "SHIVAM AUTOTECH LT", "longName": "Shivam Autotech Limited", "currency": "INR", "quoteSourceName": "Delayed Quote", "currencySymbol": "\u20b9", "fromCurrency": null, "lastMarket": null, "marketCap": 1869895296}, "balanceSheetHistory": {"balanceSheetStatements": [{"maxAge": 1, "endDate": "2020-03-31", "cash": 32136000, "netReceivables": 735103000, "inventory": 859904000, "otherCurrentAssets": 336588000, "totalCurrentAssets": 1980559000, "longTermInvestments": 12071000, "propertyPlantEquipment": 4745767000, "intangibleAssets": 18314000, "otherAssets": 478525000, "deferredLongTermAssetCharges": 333515000, "totalAssets": 7235236000, "accountsPayable": 1017886000, "shortLongTermDebt": 474128000, "otherCurrentLiab": 301112000, "longTermDebt": 2037317000, "otherLiab": 68774000, "totalCurrentLiabilities": 3688753000, "totalLiab": 5883563000, "commonStock": 200000000, "retainedEarnings": 1155517000, "treasuryStock": -3844000, "otherStockholderEquity": -3844000, "totalStockholderEquity": 1351673000, "netTangibleAssets": 1333359000}, {"maxAge": 1, "endDate": "2019-03-31", "cash": 8220000, "netReceivables": 971409000, "inventory": 1089681000, "otherCurrentAssets": 358705000, "totalCurrentAssets": 2445624000, "propertyPlantEquipment": 4654503000, "intangibleAssets": 20813000, "otherAssets": 396048000, "deferredLongTermAssetCharges": 164451000, "totalAssets": 7516988000, "accountsPayable": 1048811000, "shortLongTermDebt": 618324000, "otherCurrentLiab": 236904000, "longTermDebt": 1986682000, "otherLiab": 50898000, "totalCurrentLiabilities": 3752637000, "totalLiab": 5790217000, "commonStock": 200000000, "retainedEarnings": 1526863000, "treasuryStock": -92000, "otherStockholderEquity": -92000, "totalStockholderEquity": 1726771000, "netTangibleAssets": 1705958000}, {"maxAge": 1, "endDate": "2018-03-31", "cash": 2037000, "netReceivables": 862129000, "inventory": 896469000, "otherCurrentAssets": 282271000, "totalCurrentAssets": 2053092000, "propertyPlantEquipment": 4486076000, "intangibleAssets": 23943000, "otherAssets": 380331000, "deferredLongTermAssetCharges": 206032000, "totalAssets": 6943442000, "accountsPayable": 543514000, "shortLongTermDebt": 519860000, "otherCurrentLiab": 225114000, "longTermDebt": 2107919000, "otherLiab": 41243000, "totalCurrentLiabilities": 2884801000, "totalLiab": 5033963000, "commonStock": 200000000, "retainedEarnings": 1709007000, "treasuryStock": 472000, "otherStockholderEquity": 472000, "totalStockholderEquity": 1909479000, "netTangibleAssets": 1885536000}, {"maxAge": 1, "endDate": "2017-03-31", "cash": 29511000, "netReceivables": 772568000, "inventory": 964122000, "otherCurrentAssets": 329295000, "totalCurrentAssets": 2104519000, "propertyPlantEquipment": 4325270000, "intangibleAssets": 16179000, "otherAssets": 334888000, "deferredLongTermAssetCharges": 138696000, "totalAssets": 6780856000, "accountsPayable": 600927000, "shortLongTermDebt": 369855000, "otherCurrentLiab": 137405000, "longTermDebt": 2163711000, "otherLiab": 36391000, "totalCurrentLiabilities": 2660582000, "totalLiab": 4860684000, "commonStock": 200000000, "retainedEarnings": 1721320000, "treasuryStock": -1148000, "otherStockholderEquity": -1148000, "totalStockholderEquity": 1920172000, "netTangibleAssets": 1903993000}], "maxAge": 86400}, "earningsTrend": {"trend": [{"maxAge": 1, "period": "0q", "endDate": null, "growth": {}, "earningsEstimate": {"avg": 0.0, "low": 0.0, "high": 0.0, "yearAgoEps": {}, "numberOfAnalysts": 0, "growth": {}}, "revenueEstimate": {"avg": 0, "low": 0, "high": 0, "numberOfAnalysts": 0, "yearAgoRevenue": {}, "growth": {}}, "epsTrend": {"current": 0.0, "7daysAgo": 0.0, "30daysAgo": 0.0, "60daysAgo": 0.0, "90daysAgo": 0.0}, "epsRevisions": {"upLast7days": 0, "upLast30days": 0, "downLast30days": 0, "downLast90days": {}}}, {"maxAge": 1, "period": "+1q", "endDate": null, "growth": {}, "earningsEstimate": {"avg": 0.0, "low": 0.0, "high": 0.0, "yearAgoEps": {}, "numberOfAnalysts": 0, "growth": {}}, "revenueEstimate": {"avg": 0, "low": 0, "high": 0, "numberOfAnalysts": 0, "yearAgoRevenue": {}, "growth": {}}, "epsTrend": {"current": 0.0, "7daysAgo": 0.0, "30daysAgo": 0.0, "60daysAgo": 0.0, "90daysAgo": 0.0}, "epsRevisions": {"upLast7days": 0, "upLast30days": 0, "downLast30days": 0, "downLast90days": {}}}, {"maxAge": 1, "period": "0y", "endDate": null, "growth": {}, "earningsEstimate": {"avg": 0.0, "low": 0.0, "high": 0.0, "yearAgoEps": {}, "numberOfAnalysts": 0, "growth": {}}, "revenueEstimate": {"avg": 0, "low": 0, "high": 0, "numberOfAnalysts": 0, "yearAgoRevenue": {}, "growth": {}}, "epsTrend": {"current": 0.0, "7daysAgo": 0.0, "30daysAgo": 0.0, "60daysAgo": 0.0, "90daysAgo": 0.0}, "epsRevisions": {"upLast7days": 0, "upLast30days": 0, "downLast30days": 0, "downLast90days": {}}}, {"maxAge": 1, "period": "+1y", "endDate": null, "growth": {}, "earningsEstimate": {"avg": 0.0, "low": 0.0, "high": 0.0, "yearAgoEps": {}, "numberOfAnalysts": 0, "growth": {}}, "revenueEstimate": {"avg": 0, "low": 0, "high": 0, "numberOfAnalysts": 0, "yearAgoRevenue": {}, "growth": {}}, "epsTrend": {"current": 0.0, "7daysAgo": 0.0, "30daysAgo": 0.0, "60daysAgo": 0.0, "90daysAgo": 0.0}, "epsRevisions": {"upLast7days": 0, "upLast30days": 0, "downLast30days": 0, "downLast90days": {}}}, {"maxAge": 1, "period": "+5y", "endDate": null, "growth": -0.26299998, "earningsEstimate": {"avg": {}, "low": {}, "high": {}, "yearAgoEps": {}, "numberOfAnalysts": {}, "growth": {}}, "revenueEstimate": {"avg": {}, "low": {}, "high": {}, "numberOfAnalysts": {}, "yearAgoRevenue": {}, "growth": {}}, "epsTrend": {"current": {}, "7daysAgo": {}, "30daysAgo": {}, "60daysAgo": {}, "90daysAgo": {}}, "epsRevisions": {"upLast7days": {}, "upLast30days": {}, "downLast30days": {}, "downLast90days": {}}}, {"maxAge": 1, "period": "-5y", "endDate": null, "growth": {}, "earningsEstimate": {"avg": {}, "low": {}, "high": {}, "yearAgoEps": {}, "numberOfAnalysts": {}, "growth": {}}, "revenueEstimate": {"avg": {}, "low": {}, "high": {}, "numberOfAnalysts": {}, "yearAgoRevenue": {}, "growth": {}}, "epsTrend": {"current": {}, "7daysAgo": {}, "30daysAgo": {}, "60daysAgo": {}, "90daysAgo": {}}, "epsRevisions": {"upLast7days": {}, "upLast30days": {}, "downLast30days": {}, "downLast90days": {}}}], "maxAge": 1}, "institutionOwnership": {"ownershipList": [], "maxAge": 1}, "majorHoldersBreakdown": {"maxAge": 1, "insidersPercentHeld": 0.75054, "institutionsPercentHeld": 0.0, "institutionsFloatPercentHeld": 0.0, "institutionsCount": 0}, "balanceSheetHistoryQuarterly": {"balanceSheetStatements": [{"maxAge": 1, "endDate": "2020-12-31"}, {"maxAge": 1, "endDate": "2020-06-30", "totalStockholderEquity": 1351670000, "netTangibleAssets": 1333355000}, {"maxAge": 1, "endDate": "2020-03-31", "cash": 32136000, "netReceivables": 735103000, "inventory": 859904000, "otherCurrentAssets": 336588000, "totalCurrentAssets": 1980559000, "longTermInvestments": 12071000, "propertyPlantEquipment": 4745767000, "intangibleAssets": 18314000, "otherAssets": 478525000, "deferredLongTermAssetCharges": 333515000, "totalAssets": 7235236000, "accountsPayable": 1017886000, "shortLongTermDebt": 474128000, "otherCurrentLiab": 301112000, "longTermDebt": 2037317000, "otherLiab": 68774000, "totalCurrentLiabilities": 3688753000, "totalLiab": 5883563000, "commonStock": 200000000, "retainedEarnings": 1155517000, "treasuryStock": -3844000, "otherStockholderEquity": -3844000, "totalStockholderEquity": 1351673000, "netTangibleAssets": 1333359000}, {"maxAge": 1, "endDate": "2019-12-31", "totalStockholderEquity": 1578209000, "netTangibleAssets": 1559351000}], "maxAge": 86400}, "earningsHistory": {"history": [{"maxAge": 1, "epsActual": {}, "epsEstimate": {}, "epsDifference": {}, "surprisePercent": {}, "quarter": {}, "period": "-4q"}, {"maxAge": 1, "epsActual": {}, "epsEstimate": {}, "epsDifference": {}, "surprisePercent": {}, "quarter": {}, "period": "-3q"}, {"maxAge": 1, "epsActual": {}, "epsEstimate": {}, "epsDifference": {}, "surprisePercent": {}, "quarter": {}, "period": "-2q"}, {"maxAge": 1, "epsActual": {}, "epsEstimate": {}, "epsDifference": {}, "surprisePercent": {}, "quarter": {}, "period": "-1q"}], "maxAge": 86400}, "summaryProfile": {"address1": "Tower A, Emaar Digital Greens", "address2": "10, 1st Floor Sector \u00e2\u0080\u0093 61 Golf Course Extension Road", "city": "Gurugram", "zip": "122102", "country": "India", "phone": "91 12 4469 8700", "fax": "91 12 4469 8798", "website": "http://www.shivamautotech.com", "industry": "Auto Parts", "sector": "Consumer Cyclical", "longBusinessSummary": "Shivam Autotech Limited manufactures and sells auto transmission components primarily for original equipment manufacturers in India and internationally. It offers transmission gears and shafts; spline shafts; plungers; and power train, alternator, starter motor, magneto, and steering components, as well as various precision engineering components. The company was founded in 1999 and is headquartered in Gurugram, India. Shivam Autotech Limited is a subsidiary of Dayanand Munjal Investments Private Limited.", "fullTimeEmployees": 918, "companyOfficers": [], "maxAge": 86400}, "netSharePurchaseActivity": {"maxAge": 1, "period": "6m", "buyInfoCount": 0, "buyInfoShares": 0, "sellInfoCount": 0, "netInfoCount": 0, "netInfoShares": 0, "netPercentInsiderShares": 0.0, "totalInsiderShares": 75174464}, "sectorTrend": {"maxAge": 1, "symbol": null, "estimates": []}, "incomeStatementHistoryQuarterly": {"incomeStatementHistory": [{"maxAge": 1, "endDate": "2020-12-31", "totalRevenue": 1559569000, "costOfRevenue": 733539000, "grossProfit": 826030000, "researchDevelopment": {}, "sellingGeneralAdministrative": 153089000, "nonRecurring": {}, "otherOperatingExpenses": 354644000, "totalOperatingExpenses": 1372038000, "operatingIncome": 187531000, "totalOtherIncomeExpenseNet": -137717000, "ebit": 187531000, "interestExpense": -137717000, "incomeBeforeTax": 49814000, "incomeTaxExpense": -69377000, "minorityInterest": {}, "netIncomeFromContinuingOps": 119191000, "discontinuedOperations": {}, "extraordinaryItems": {}, "effectOfAccountingCharges": {}, "otherItems": {}, "netIncome": 119191000, "netIncomeApplicableToCommonShares": 119191000}, {"maxAge": 1, "endDate": "2020-06-30", "totalRevenue": 382163000, "costOfRevenue": 205242000, "grossProfit": 176921000, "researchDevelopment": {}, "sellingGeneralAdministrative": 136743000, "nonRecurring": {}, "otherOperatingExpenses": 126068000, "totalOperatingExpenses": 596189000, "operatingIncome": -214026000, "totalOtherIncomeExpenseNet": -120171000, "ebit": -214026000, "interestExpense": -120172000, "incomeBeforeTax": -334197000, "incomeTaxExpense": -26270000, "minorityInterest": {}, "netIncomeFromContinuingOps": -307927000, "discontinuedOperations": {}, "extraordinaryItems": {}, "effectOfAccountingCharges": {}, "otherItems": {}, "netIncome": -307927000, "netIncomeApplicableToCommonShares": -307927000}, {"maxAge": 1, "endDate": "2020-03-31", "totalRevenue": 1144376000, "costOfRevenue": 811872000, "grossProfit": 332504000, "researchDevelopment": {}, "sellingGeneralAdministrative": 118445000, "nonRecurring": {}, "otherOperatingExpenses": 186262000, "totalOperatingExpenses": 1253489000, "operatingIncome": -109113000, "totalOtherIncomeExpenseNet": -130459000, "ebit": -109113000, "interestExpense": -116571000, "incomeBeforeTax": -239572000, "incomeTaxExpense": -107881000, "minorityInterest": {}, "netIncomeFromContinuingOps": -131691000, "discontinuedOperations": {}, "extraordinaryItems": {}, "effectOfAccountingCharges": {}, "otherItems": {}, "netIncome": -131691000, "netIncomeApplicableToCommonShares": -131691000}, {"maxAge": 1, "endDate": "2019-12-31", "totalRevenue": 1435745000, "costOfRevenue": 795567000, "grossProfit": 640178000, "researchDevelopment": {}, "sellingGeneralAdministrative": 180749000, "nonRecurring": {}, "otherOperatingExpenses": 339969000, "totalOperatingExpenses": 1445819000, "operatingIncome": -10074000, "totalOtherIncomeExpenseNet": -133904000, "ebit": -10074000, "interestExpense": -133903000, "incomeBeforeTax": -143978000, "incomeTaxExpense": -52609000, "minorityInterest": {}, "netIncomeFromContinuingOps": -91369000, "discontinuedOperations": {}, "extraordinaryItems": {}, "effectOfAccountingCharges": {}, "otherItems": {}, "netIncome": -91369000, "netIncomeApplicableToCommonShares": -91369000}], "maxAge": 86400}, "cashflowStatementHistoryQuarterly": {"cashflowStatements": [{"maxAge": 1, "endDate": "2020-12-31", "netIncome": 119191000, "changeToLiabilities": 0}, {"maxAge": 1, "endDate": "2020-06-30", "netIncome": -307927000, "changeToLiabilities": 0}, {"maxAge": 1, "endDate": "2020-03-31", "netIncome": -131691000, "changeToLiabilities": 0}, {"maxAge": 1, "endDate": "2019-12-31", "netIncome": -91369000, "changeToLiabilities": 0}], "maxAge": 86400}, "earnings": {"maxAge": 86400, "earningsChart": {"quarterly": [], "earningsDate": []}, "financialsChart": {"yearly": [{"date": 2017, "revenue": 4556143000, "earnings": -35793000}, {"date": 2018, "revenue": 5575643000, "earnings": -12313000}, {"date": 2019, "revenue": 6365558000, "earnings": -182145000}, {"date": 2020, "revenue": 5884190000, "earnings": -371344000}], "quarterly": [{"date": "4Q2019", "revenue": 1435745000, "earnings": -91369000}, {"date": "1Q2020", "revenue": 1144376000, "earnings": -131691000}, {"date": "2Q2020", "revenue": 382163000, "earnings": -307927000}, {"date": "4Q2020", "revenue": 1559569000, "earnings": 119191000}]}, "financialCurrency": "INR"}, "financialData": {"maxAge": 86400, "currentPrice": 18.6, "targetHighPrice": 92.0, "targetLowPrice": 92.0, "targetMeanPrice": 92.0, "targetMedianPrice": 92.0, "recommendationMean": 2.0, "recommendationKey": "buy", "numberOfAnalystOpinions": 1, "ebitda": 535716992, "totalRevenue": 4422699008, "revenuePerShare": 44.111, "grossProfits": 2282873000, "revenueGrowth": 0.086, "grossMargins": 0.4636, "ebitdaMargins": 0.12113, "operatingMargins": -0.00168, "profitMargins": -0.0692, "financialCurrency": "INR"}}}