{"SHIVACEM.BO": {"cashflowStatementHistory": {"cashflowStatements": [{"maxAge": 1, "endDate": "2020-03-31", "netIncome": -228238000, "depreciation": 74285000, "changeToNetincome": 91253000, "changeToAccountReceivables": -39155000, "changeToLiabilities": 1588000, "changeToInventory": -21559000, "changeToOperatingActivities": 5767000, "totalCashFromOperatingActivities": -111683000, "capitalExpenditures": -70750000, "otherCashflowsFromInvestingActivities": 1492000, "totalCashflowsFromInvestingActivities": -63346000, "netBorrowings": 175316000, "otherCashflowsFromFinancingActivities": -893000, "totalCashFromFinancingActivities": 174423000, "changeInCash": -605000}, {"maxAge": 1, "endDate": "2019-03-31", "netIncome": -212588000, "depreciation": 71562000, "changeToNetincome": 71368000, "changeToAccountReceivables": 23171000, "changeToLiabilities": -44748000, "changeToInventory": 32974000, "changeToOperatingActivities": 5085000, "totalCashFromOperatingActivities": -48442000, "capitalExpenditures": -31823000, "otherCashflowsFromInvestingActivities": 3464000, "totalCashflowsFromInvestingActivities": -28359000, "netBorrowings": 77998000, "otherCashflowsFromFinancingActivities": -1231000, "totalCashFromFinancingActivities": 76767000, "changeInCash": -34000}, {"maxAge": 1, "endDate": "2018-03-31", "netIncome": -310945000, "depreciation": 72691000, "changeToNetincome": 148073000, "changeToAccountReceivables": -7500000, "changeToLiabilities": -360330000, "changeToInventory": -44310000, "changeToOperatingActivities": -97533000, "totalCashFromOperatingActivities": -593134000, "capitalExpenditures": -112877000, "otherCashflowsFromInvestingActivities": 2801000, "totalCashflowsFromInvestingActivities": -110076000, "netBorrowings": 760760000, "otherCashflowsFromFinancingActivities": -51748000, "totalCashFromFinancingActivities": 703571000, "changeInCash": 359000}, {"maxAge": 1, "endDate": "2017-03-31", "netIncome": -204972000, "depreciation": 57734000, "changeToNetincome": 90953000, "changeToAccountReceivables": 254270000, "changeToLiabilities": 179443000, "changeToInventory": 78564000, "changeToOperatingActivities": -110954000, "totalCashFromOperatingActivities": 346744000, "capitalExpenditures": -404178000, "otherCashflowsFromInvestingActivities": 240000, "totalCashflowsFromInvestingActivities": -403938000, "netBorrowings": 101614000, "otherCashflowsFromFinancingActivities": -77663000, "totalCashFromFinancingActivities": 57492000, "changeInCash": 298000, "issuanceOfStock": 34600000}], "maxAge": 86400}, "institutionOwnership": {"maxAge": 1, "ownershipList": []}, "balanceSheetHistoryQuarterly": {"balanceSheetStatements": [{"maxAge": 1, "endDate": "2020-03-31", "cash": 3049000, "netReceivables": 33049000, "inventory": 119246000, "otherCurrentAssets": 17863000, "totalCurrentAssets": 175177000, "propertyPlantEquipment": 1305514000, "intangibleAssets": 95343000, "otherAssets": 537582000, "deferredLongTermAssetCharges": 316766000, "totalAssets": 2113616000, "accountsPayable": 67129000, "shortLongTermDebt": 135298000, "otherCurrentLiab": 26178000, "longTermDebt": 162000000, "otherLiab": 56567000, "totalCurrentLiabilities": 1832378000, "totalLiab": 2051406000, "commonStock": 390000000, "retainedEarnings": -927118000, "treasuryStock": 78715000, "capitalSurplus": 520613000, "otherStockholderEquity": 78715000, "totalStockholderEquity": 62210000, "netTangibleAssets": -33133000}, {"maxAge": 1, "endDate": "2019-12-31", "totalStockholderEquity": 189869000, "netTangibleAssets": 90191000}, {"maxAge": 1, "endDate": "2019-09-30", "cash": 10907000, "shortTermInvestments": 6955000, "netReceivables": 26549000, "inventory": 114482000, "otherCurrentAssets": 19332000, "totalCurrentAssets": 178225000, "longTermInvestments": 59400000, "propertyPlantEquipment": 1298095000, "intangibleAssets": 99678000, "otherAssets": 453325000, "deferredLongTermAssetCharges": 273269000, "totalAssets": 2088723000, "accountsPayable": 90182000, "shortLongTermDebt": 1560507000, "otherCurrentLiab": 8214000, "longTermDebt": 56842000, "otherLiab": 180263000, "totalCurrentLiabilities": 1661749000, "totalLiab": 1898854000, "commonStock": 390000000, "treasuryStock": -200131000, "otherStockholderEquity": -200131000, "totalStockholderEquity": 189869000, "netTangibleAssets": 90191000}, {"maxAge": 1, "endDate": "2019-06-30", "cash": 9424000, "shortTermInvestments": 6805000, "netReceivables": 41742000, "inventory": 108246000, "otherCurrentAssets": 20127000, "totalCurrentAssets": 186344000, "longTermInvestments": 1140000, "propertyPlantEquipment": 1315751000, "intangibleAssets": 98289000, "otherAssets": 432448000, "deferredLongTermAssetCharges": 252269000, "totalAssets": 2033972000, "accountsPayable": 69747000, "shortLongTermDebt": 1432729000, "otherCurrentLiab": 11480000, "longTermDebt": 82242000, "otherLiab": 183323000, "totalCurrentLiabilities": 1516676000, "totalLiab": 1782241000, "commonStock": 390000000, "treasuryStock": -138269000, "otherStockholderEquity": -138269000, "totalStockholderEquity": 251731000, "netTangibleAssets": 153442000}], "maxAge": 86400}, "indexTrend": {"maxAge": 1, "symbol": "SP5", "peRatio": 19.7411, "pegRatio": 1.34172, "estimates": [{"period": "0q", "growth": 0.549}, {"period": "+1q", "growth": 0.431}, {"period": "0y", "growth": 0.305}, {"period": "+1y", "growth": 0.109}, {"period": "+5y", "growth": 0.120859005}, {"period": "-5y"}]}, "insiderTransactions": {"transactions": [{"maxAge": 1, "shares": 5000000, "filerUrl": "", "transactionText": "", "filerName": "JSW Cement Ltd.", "filerRelation": "Promoter", "moneyText": "", "startDate": "2020-06-18", "ownership": "D"}, {"maxAge": 1, "shares": 0, "filerUrl": "", "transactionText": "", "filerName": "JSW Cement Ltd.", "filerRelation": "Promoter", "moneyText": "", "startDate": "2020-06-15", "ownership": "I"}, {"maxAge": 1, "shares": 4500000, "filerUrl": "", "transactionText": "", "filerName": "JSW Cement Ltd.", "filerRelation": "Promoter", "moneyText": "", "startDate": "2020-06-15", "ownership": "D"}, {"maxAge": 1, "shares": 1800000, "filerUrl": "", "transactionText": "", "filerName": "Reynold Traders Pvt Ltd", "filerRelation": "Promoter", "moneyText": "", "startDate": "2019-03-30", "ownership": "D"}, {"maxAge": 1, "shares": 1800000, "filerUrl": "", "transactionText": "", "filerName": "Reynold Traders Pvt Ltd", "filerRelation": "Promoter", "moneyText": "", "startDate": "2019-03-30", "ownership": "D"}, {"maxAge": 1, "shares": 1800000, "filerUrl": "", "transactionText": "", "filerName": "JSW Cement Ltd.", "filerRelation": "Promoter", "moneyText": "", "startDate": "2019-03-30", "ownership": "D"}, {"maxAge": 1, "shares": 1800000, "filerUrl": "", "transactionText": "", "filerName": "JSW Cement Ltd.", "filerRelation": "Promoter", "moneyText": "", "startDate": "2019-03-30", "ownership": "D"}], "maxAge": 1}, "quoteType": {"exchange": "BSE", "quoteType": "EQUITY", "symbol": "SHIVACEM.BO", "underlyingSymbol": "SHIVACEM.BO", "shortName": "SHIVA CEMENT LTD.", "longName": "Shiva Cement Limited", "firstTradeDateEpochUtc": "2002-01-31 09:15:00", "timeZoneFullName": "Asia/Kolkata", "timeZoneShortName": "IST", "uuid": "320a14ac-dd60-366e-a0fb-19d29311314a", "messageBoardId": null, "gmtOffSetMilliseconds": 19800000, "maxAge": 1}, "incomeStatementHistory": {"incomeStatementHistory": [{"maxAge": 1, "endDate": "2020-03-31", "totalRevenue": 323867000, "costOfRevenue": 267398000, "grossProfit": 56469000, "researchDevelopment": {}, "sellingGeneralAdministrative": 50145000, "nonRecurring": {}, "otherOperatingExpenses": 75463000, "totalOperatingExpenses": 471667000, "operatingIncome": -147800000, "totalOtherIncomeExpenseNet": -158550000, "ebit": -147800000, "interestExpense": -139360000, "incomeBeforeTax": -306350000, "incomeTaxExpense": -78112000, "minorityInterest": {}, "netIncomeFromContinuingOps": -228238000, "discontinuedOperations": {}, "extraordinaryItems": {}, "effectOfAccountingCharges": {}, "otherItems": {}, "netIncome": -228238000, "netIncomeApplicableToCommonShares": -228238000}, {"maxAge": 1, "endDate": "2019-03-31", "totalRevenue": 293753000, "costOfRevenue": 249645000, "grossProfit": 44108000, "researchDevelopment": {}, "sellingGeneralAdministrative": 65813000, "nonRecurring": {}, "otherOperatingExpenses": 47473000, "totalOperatingExpenses": 439227000, "operatingIncome": -145474000, "totalOtherIncomeExpenseNet": -145064000, "ebit": -145474000, "interestExpense": -144221000, "incomeBeforeTax": -290538000, "incomeTaxExpense": -77950000, "minorityInterest": {}, "netIncomeFromContinuingOps": -212588000, "discontinuedOperations": {}, "extraordinaryItems": {}, "effectOfAccountingCharges": {}, "otherItems": {}, "netIncome": -212588000, "netIncomeApplicableToCommonShares": -212588000}, {"maxAge": 1, "endDate": "2018-03-31", "totalRevenue": 252729000, "costOfRevenue": 196069000, "grossProfit": 56660000, "researchDevelopment": {}, "sellingGeneralAdministrative": 83360000, "nonRecurring": {}, "otherOperatingExpenses": 60244000, "totalOperatingExpenses": 419084000, "operatingIncome": -166355000, "totalOtherIncomeExpenseNet": -232557000, "ebit": -166355000, "interestExpense": -127290000, "incomeBeforeTax": -398912000, "incomeTaxExpense": -87967000, "minorityInterest": {}, "netIncomeFromContinuingOps": -310945000, "discontinuedOperations": {}, "extraordinaryItems": {}, "effectOfAccountingCharges": {}, "otherItems": {}, "netIncome": -310945000, "netIncomeApplicableToCommonShares": -310945000}, {"maxAge": 1, "endDate": "2017-03-31", "totalRevenue": 219664000, "costOfRevenue": 195557000, "grossProfit": 24107000, "researchDevelopment": {}, "sellingGeneralAdministrative": 38502000, "nonRecurring": {}, "otherOperatingExpenses": 42050000, "totalOperatingExpenses": 335549000, "operatingIncome": -115885000, "totalOtherIncomeExpenseNet": -186511000, "ebit": -115885000, "interestExpense": -77663000, "incomeBeforeTax": -302396000, "incomeTaxExpense": -97424000, "minorityInterest": {}, "netIncomeFromContinuingOps": -204972000, "discontinuedOperations": {}, "extraordinaryItems": {}, "effectOfAccountingCharges": {}, "otherItems": {}, "netIncome": -204972000, "netIncomeApplicableToCommonShares": -204972000}], "maxAge": 86400}, "fundOwnership": {"maxAge": 1, "ownershipList": []}, "summaryDetail": {"maxAge": 1, "priceHint": 2, "previousClose": 20.1, "open": 19.9, "dayLow": 19.6, "dayHigh": 21.1, "regularMarketPreviousClose": 20.1, "regularMarketOpen": 19.9, "regularMarketDayLow": 19.6, "regularMarketDayHigh": 21.1, "volume": 476496, "regularMarketVolume": 476496, "averageVolume": 396951, "averageVolume10days": 237073, "averageDailyVolume10Day": 237073, "bid": 0.0, "ask": 20.7, "bidSize": 0, "askSize": 0, "marketCap": 4036500224, "fiftyTwoWeekLow": 6.6, "fiftyTwoWeekHigh": 26.2, "fiftyDayAverage": 22.404285, "twoHundredDayAverage": 15.701241, "currency": "INR", "fromCurrency": null, "toCurrency": null, "lastMarket": null, "algorithm": null, "tradeable": false}, "incomeStatementHistoryQuarterly": {"incomeStatementHistory": [{"maxAge": 1, "endDate": "2020-03-31", "totalRevenue": 83433000, "costOfRevenue": 61812000, "grossProfit": 21621000, "researchDevelopment": {}, "sellingGeneralAdministrative": 974000, "nonRecurring": {}, "otherOperatingExpenses": 49809000, "totalOperatingExpenses": 125716000, "operatingIncome": -42283000, "totalOtherIncomeExpenseNet": -41814000, "ebit": -42283000, "interestExpense": -31714000, "incomeBeforeTax": -84097000, "incomeTaxExpense": -20861000, "minorityInterest": {}, "netIncomeFromContinuingOps": -63236000, "discontinuedOperations": {}, "extraordinaryItems": {}, "effectOfAccountingCharges": {}, "otherItems": {}, "netIncome": -63236000, "netIncomeApplicableToCommonShares": -63236000}, {"maxAge": 1, "endDate": "2019-12-31", "totalRevenue": 76309000, "costOfRevenue": 71910000, "grossProfit": 4399000, "researchDevelopment": {}, "sellingGeneralAdministrative": 12601000, "nonRecurring": {}, "otherOperatingExpenses": 6589000, "totalOperatingExpenses": 113590000, "operatingIncome": -37281000, "totalOtherIncomeExpenseNet": -45733000, "ebit": -37281000, "interestExpense": -36640000, "incomeBeforeTax": -83014000, "incomeTaxExpense": -21584000, "minorityInterest": {}, "netIncomeFromContinuingOps": -61430000, "discontinuedOperations": {}, "extraordinaryItems": {}, "effectOfAccountingCharges": {}, "otherItems": {}, "netIncome": -61430000, "netIncomeApplicableToCommonShares": -61430000}, {"maxAge": 1, "endDate": "2019-09-30", "totalRevenue": 57273000, "costOfRevenue": 49377000, "grossProfit": 7896000, "researchDevelopment": {}, "sellingGeneralAdministrative": 22937000, "nonRecurring": {}, "otherOperatingExpenses": 15008000, "totalOperatingExpenses": 107167000, "operatingIncome": -49894000, "totalOtherIncomeExpenseNet": -32789000, "ebit": -49894000, "interestExpense": -32790000, "incomeBeforeTax": -82683000, "incomeTaxExpense": -20417000, "minorityInterest": {}, "netIncomeFromContinuingOps": -62266000, "discontinuedOperations": {}, "extraordinaryItems": {}, "effectOfAccountingCharges": {}, "otherItems": {}, "netIncome": -62266000, "netIncomeApplicableToCommonShares": -62266000}, {"maxAge": 1, "endDate": "2019-06-30", "totalRevenue": 106852000, "costOfRevenue": 84297000, "grossProfit": 22555000, "researchDevelopment": {}, "sellingGeneralAdministrative": 13633000, "nonRecurring": {}, "otherOperatingExpenses": 7726000, "totalOperatingExpenses": 125193000, "operatingIncome": -18341000, "totalOtherIncomeExpenseNet": -37870000, "ebit": -18341000, "interestExpense": -38216000, "incomeBeforeTax": -56557000, "incomeTaxExpense": -15250000, "minorityInterest": {}, "netIncomeFromContinuingOps": -41307000, "discontinuedOperations": {}, "extraordinaryItems": {}, "effectOfAccountingCharges": {}, "otherItems": {}, "netIncome": -41307000, "netIncomeApplicableToCommonShares": -41307000}], "maxAge": 86400}, "cashflowStatementHistoryQuarterly": {"cashflowStatements": [{"maxAge": 1, "endDate": "2020-03-31", "netIncome": -63236000, "changeToLiabilities": 0}, {"maxAge": 1, "endDate": "2019-12-31", "netIncome": -61430000, "changeToLiabilities": 0}, {"maxAge": 1, "endDate": "2019-09-30", "netIncome": -62266000, "changeToLiabilities": 0}, {"maxAge": 1, "endDate": "2019-06-30", "netIncome": -41307000, "changeToLiabilities": 0}], "maxAge": 86400}, "insiderHolders": {"holders": [{"maxAge": 1, "name": "JSW Cement Ltd.", "relation": "Promoter", "url": "", "transactionDescription": "Purchase", "latestTransDate": "2020-06-18", "positionDirect": 115666750, "positionDirectDate": "2020-06-18"}, {"maxAge": 1, "name": "Reynold Traders Pvt Ltd", "relation": "Promoter", "url": "", "transactionDescription": "Sale", "latestTransDate": "2019-03-30", "positionDirect": 0, "positionDirectDate": "2019-03-30"}], "maxAge": 1}, "calendarEvents": {"maxAge": 1, "earnings": {"earningsDate": []}}, "price": {"maxAge": 1, "regularMarketChangePercent": 0.029850764, "regularMarketChange": 0.6000004, "regularMarketTime": "2021-04-30 15:40:43", "priceHint": 2, "regularMarketPrice": 20.7, "regularMarketDayHigh": 21.1, "regularMarketDayLow": 19.6, "regularMarketVolume": 476496, "averageDailyVolume10Day": 237073, "averageDailyVolume3Month": 396951, "regularMarketPreviousClose": 20.1, "regularMarketSource": "FREE_REALTIME", "regularMarketOpen": 19.9, "exchange": "BSE", "exchangeName": "BSE", "exchangeDataDelayedBy": 0, "marketState": "CLOSED", "quoteType": "EQUITY", "symbol": "SHIVACEM.BO", "underlyingSymbol": null, "shortName": "SHIVA CEMENT LTD.", "longName": "Shiva Cement Limited", "currency": "INR", "quoteSourceName": "Delayed Quote", "currencySymbol": "\u20b9", "fromCurrency": null, "toCurrency": null, "lastMarket": null, "marketCap": 4036500224}, "balanceSheetHistory": {"balanceSheetStatements": [{"maxAge": 1, "endDate": "2020-03-31", "cash": 3049000, "netReceivables": 33049000, "inventory": 119246000, "otherCurrentAssets": 17863000, "totalCurrentAssets": 175177000, "propertyPlantEquipment": 1305514000, "intangibleAssets": 95343000, "otherAssets": 537582000, "deferredLongTermAssetCharges": 316766000, "totalAssets": 2113616000, "accountsPayable": 67129000, "shortLongTermDebt": 135298000, "otherCurrentLiab": 26178000, "longTermDebt": 162000000, "otherLiab": 56567000, "totalCurrentLiabilities": 1832378000, "totalLiab": 2051406000, "commonStock": 390000000, "retainedEarnings": -927118000, "treasuryStock": 78715000, "capitalSurplus": 520613000, "otherStockholderEquity": 78715000, "totalStockholderEquity": 62210000, "netTangibleAssets": -33133000}, {"maxAge": 1, "endDate": "2019-03-31", "cash": 4169000, "netReceivables": 43688000, "inventory": 97687000, "otherCurrentAssets": 23299000, "totalCurrentAssets": 170165000, "propertyPlantEquipment": 1330382000, "intangibleAssets": 98986000, "otherAssets": 417233000, "deferredLongTermAssetCharges": 237019000, "totalAssets": 2016766000, "accountsPayable": 57900000, "shortLongTermDebt": 1227898000, "otherCurrentLiab": 15826000, "longTermDebt": 147700000, "otherLiab": 49562000, "totalCurrentLiabilities": 1524405000, "totalLiab": 1721667000, "commonStock": 390000000, "retainedEarnings": -696157000, "treasuryStock": 80644000, "capitalSurplus": 520612000, "otherStockholderEquity": 80644000, "totalStockholderEquity": 295099000, "netTangibleAssets": 196113000}, {"maxAge": 1, "endDate": "2018-03-31", "cash": 4648000, "netReceivables": 56046000, "inventory": 130661000, "otherCurrentAssets": 20984000, "totalCurrentAssets": 213354000, "propertyPlantEquipment": 1371973000, "intangibleAssets": 101869000, "otherAssets": 356526000, "deferredLongTermAssetCharges": 159069000, "totalAssets": 2043722000, "accountsPayable": 80282000, "shortLongTermDebt": 57300000, "otherCurrentLiab": 18364000, "longTermDebt": 1240300000, "otherLiab": 126862000, "totalCurrentLiabilities": 168723000, "totalLiab": 1535885000, "commonStock": 390000000, "retainedEarnings": -483569000, "treasuryStock": 80793000, "capitalSurplus": 520613000, "otherStockholderEquity": 80793000, "totalStockholderEquity": 507837000, "netTangibleAssets": 405968000}, {"maxAge": 1, "endDate": "2017-03-31", "cash": 4739000, "shortTermInvestments": 6713000, "netReceivables": 13106000, "inventory": 86351000, "otherCurrentAssets": 51449000, "totalCurrentAssets": 163141000, "propertyPlantEquipment": 1422146000, "intangibleAssets": 108116000, "otherAssets": 171507000, "deferredLongTermAssetCharges": 71102000, "totalAssets": 1864910000, "accountsPayable": 69374000, "shortLongTermDebt": 257569000, "otherCurrentLiab": 93648000, "longTermDebt": 287926000, "otherLiab": 40718000, "totalCurrentLiabilities": 717565000, "totalLiab": 1046209000, "commonStock": 390000000, "retainedEarnings": -172624000, "treasuryStock": 80712000, "capitalSurplus": 520613000, "otherStockholderEquity": 80712000, "totalStockholderEquity": 818701000, "netTangibleAssets": 710585000}], "maxAge": 86400}, "financialData": {"maxAge": 86400, "currentPrice": 20.7, "recommendationKey": "none", "grossProfits": 56469000, "financialCurrency": "INR"}}}