{"SHREERAMA.NS": {"assetProfile": {"address1": "1557, Motibhoyan", "address2": "Kalol-Khatraj Road Gandhinagar District", "city": "Kalol", "zip": "382721", "country": "India", "phone": "91 79 6674 7101", "website": "http://www.srmtl.com", "industry": "Packaging & Containers", "sector": "Consumer Cyclical", "longBusinessSummary": "Shree Rama Multi-Tech Limited manufactures and sells packaging products primarily in India. Its packaging products include multilayer tubes for packing dentifrices, cosmetics, pharmaceuticals, food, and other products; monolayer tubes; paper and plastic containers for hot or cold beverages, and dairy and other products; and multi-colored labels and stickers for breweries, chemicals, cosmetics, food and beverages, pharmaceuticals, and other industrial products. The company also offers multilayer films for packaging edible oils, processed foods, fish, tea, coffee, spices, motor oil and grease, water, and other solid and liquid items; and plastic laminate products, such as flexible packaging, miniature packs, and carry home packs, as well as high performance, special, tube, and flexible laminates. In addition, it provides injection molded articles, such as caps, lids, and containers for packaging ice-creams, frozen foods, dairy products, sweets, and gifts, as well as for general household purposes. The company also exports its products primarily to the United States, Nigeria, Bulgaria, the United Arab Emirates, and Sri Lanka. Shree Rama Multi-Tech Limited was founded in 1987 and is based in Kalol, India.", "fullTimeEmployees": 358, "companyOfficers": [{"maxAge": 1, "name": "Mr. Shailesh Khushaldas Desai", "age": 60, "title": "Chairman & MD", "yearBorn": 1960, "fiscalYear": 2020, "totalPay": 7000000, "exercisedValue": 0, "unexercisedValue": 0}, {"maxAge": 1, "name": "Mr. Krunalkumar G. Shah", "title": "CFO & Chief Financial Controller", "fiscalYear": 2020, "totalPay": 1162000, "exercisedValue": 0, "unexercisedValue": 0}, {"maxAge": 1, "name": "Mr. Hemal Rohitkumar Shah", "title": "Whole Time Director", "fiscalYear": 2020, "totalPay": 1633000, "exercisedValue": 0, "unexercisedValue": 0}, {"maxAge": 1, "name": "Mr. Sandip A. Mistry", "title": "Company Sec. & Compliance Officer", "exercisedValue": 0, "unexercisedValue": 0}], "compensationAsOfEpochDate": "2020-12-31 05:30:00", "maxAge": 86400}, "cashflowStatementHistory": {"cashflowStatements": [{"maxAge": 1, "endDate": "2020-03-31", "netIncome": 210556000, "depreciation": 88718000, "changeToNetincome": -208667000, "changeToAccountReceivables": 74948000, "changeToLiabilities": -32345000, "changeToInventory": 14368000, "totalCashFromOperatingActivities": 148468000, "capitalExpenditures": -11024000, "otherCashflowsFromInvestingActivities": -19788000, "totalCashflowsFromInvestingActivities": 132186000, "netBorrowings": -249827000, "otherCashflowsFromFinancingActivities": -29612000, "totalCashFromFinancingActivities": -279439000, "changeInCash": 1215000}, {"maxAge": 1, "endDate": "2019-03-31", "netIncome": -30261000, "depreciation": 89796000, "changeToNetincome": 23125000, "changeToAccountReceivables": 38942000, "changeToLiabilities": 61360000, "changeToInventory": -54036000, "totalCashFromOperatingActivities": 129389000, "capitalExpenditures": -153842000, "otherCashflowsFromInvestingActivities": 21771000, "totalCashflowsFromInvestingActivities": -67270000, "netBorrowings": -25268000, "otherCashflowsFromFinancingActivities": -38325000, "totalCashFromFinancingActivities": -63593000, "changeInCash": -1474000}, {"maxAge": 1, "endDate": "2018-03-31", "netIncome": -25672000, "depreciation": 108683000, "changeToNetincome": 30924000, "changeToAccountReceivables": -10221000, "changeToLiabilities": -9462000, "changeToInventory": -6454000, "changeToOperatingActivities": 3835000, "totalCashFromOperatingActivities": 91633000, "capitalExpenditures": -11387000, "otherCashflowsFromInvestingActivities": 111614000, "totalCashflowsFromInvestingActivities": 101406000, "netBorrowings": -158039000, "otherCashflowsFromFinancingActivities": -45787000, "totalCashFromFinancingActivities": -203826000, "changeInCash": -10787000}, {"maxAge": 1, "endDate": "2017-03-31", "netIncome": -21327000, "depreciation": 120427000, "changeToNetincome": 44897000, "changeToAccountReceivables": -11725000, "changeToLiabilities": 20353000, "changeToInventory": 13081000, "changeToOperatingActivities": 3835000, "totalCashFromOperatingActivities": 165713000, "capitalExpenditures": -23750000, "otherCashflowsFromInvestingActivities": 11209000, "totalCashflowsFromInvestingActivities": -7152000, "netBorrowings": -88496000, "otherCashflowsFromFinancingActivities": -68306000, "totalCashFromFinancingActivities": -156802000, "changeInCash": 1759000}], "maxAge": 86400}, "institutionOwnership": {"ownershipList": [], "maxAge": 1}, "majorHoldersBreakdown": {"maxAge": 1, "insidersPercentHeld": 0.55403, "institutionsPercentHeld": 0.0, "institutionsFloatPercentHeld": 0.0, "institutionsCount": 0}, "balanceSheetHistoryQuarterly": {"balanceSheetStatements": [{"maxAge": 1, "endDate": "2020-12-31", "totalStockholderEquity": 259110000, "netTangibleAssets": 258923000}, {"maxAge": 1, "endDate": "2020-09-30", "cash": 21346000, "netReceivables": 218256000, "inventory": 236479000, "otherCurrentAssets": 46943000, "totalCurrentAssets": 523024000, "longTermInvestments": 693000, "propertyPlantEquipment": 636145000, "intangibleAssets": 187000, "otherAssets": 36344000, "totalAssets": 1196393000, "accountsPayable": 134509000, "shortLongTermDebt": 42339000, "otherCurrentLiab": 29479000, "longTermDebt": 683853000, "otherLiab": 30026000, "totalCurrentLiabilities": 223067000, "totalLiab": 937283000, "commonStock": 317603000, "treasuryStock": -58493000, "otherStockholderEquity": -58493000, "totalStockholderEquity": 259110000, "netTangibleAssets": 258923000}, {"maxAge": 1, "endDate": "2020-06-30", "totalStockholderEquity": 246461000, "netTangibleAssets": 246224000}, {"maxAge": 1, "endDate": "2020-03-31", "cash": 1550000, "netReceivables": 194859000, "inventory": 249884000, "otherCurrentAssets": 55946000, "totalCurrentAssets": 502239000, "longTermInvestments": 15000, "propertyPlantEquipment": 669962000, "intangibleAssets": 237000, "otherAssets": 35778000, "totalAssets": 1208231000, "accountsPayable": 118364000, "shortLongTermDebt": 88230000, "otherCurrentLiab": 22331000, "longTermDebt": 683853000, "otherLiab": 20484000, "totalCurrentLiabilities": 246906000, "totalLiab": 951770000, "commonStock": 317340000, "retainedEarnings": -2793459000, "treasuryStock": 439985000, "capitalSurplus": 2282595000, "otherStockholderEquity": 439985000, "totalStockholderEquity": 246461000, "netTangibleAssets": 246224000}], "maxAge": 86400}, "indexTrend": {"maxAge": 1, "symbol": "SP5", "peRatio": 19.7411, "pegRatio": 1.34172, "estimates": [{"period": "0q", "growth": 0.549}, {"period": "+1q", "growth": 0.431}, {"period": "0y", "growth": 0.305}, {"period": "+1y", "growth": 0.109}, {"period": "+5y", "growth": 0.120865}, {"period": "-5y"}]}, "defaultKeyStatistics": {"maxAge": 1, "priceHint": 2, "enterpriseValue": 1384577536, "profitMargins": 0.09648, "floatShares": 23287785, "sharesOutstanding": 63468000, "heldPercentInsiders": 0.55403, "heldPercentInstitutions": 0.0, "beta": 0.858839, "category": null, "bookValue": 4.093, "priceToBook": 2.5287077, "fundFamily": null, "legalType": null, "lastFiscalYearEnd": "2020-03-31 05:30:00", "nextFiscalYearEnd": "2022-03-31 05:30:00", "mostRecentQuarter": "2020-12-31 05:30:00", "netIncomeToCommon": 123688000, "trailingEps": 1.944, "lastSplitFactor": null, "enterpriseToRevenue": 1.08, "enterpriseToEbitda": 9.845}, "summaryProfile": {"address1": "1557, Motibhoyan", "address2": "Kalol-Khatraj Road Gandhinagar District", "city": "Kalol", "zip": "382721", "country": "India", "phone": "91 79 6674 7101", "website": "http://www.srmtl.com", "industry": "Packaging & Containers", "sector": "Consumer Cyclical", "longBusinessSummary": "Shree Rama Multi-Tech Limited manufactures and sells packaging products primarily in India. Its packaging products include multilayer tubes for packing dentifrices, cosmetics, pharmaceuticals, food, and other products; monolayer tubes; paper and plastic containers for hot or cold beverages, and dairy and other products; and multi-colored labels and stickers for breweries, chemicals, cosmetics, food and beverages, pharmaceuticals, and other industrial products. The company also offers multilayer films for packaging edible oils, processed foods, fish, tea, coffee, spices, motor oil and grease, water, and other solid and liquid items; and plastic laminate products, such as flexible packaging, miniature packs, and carry home packs, as well as high performance, special, tube, and flexible laminates. In addition, it provides injection molded articles, such as caps, lids, and containers for packaging ice-creams, frozen foods, dairy products, sweets, and gifts, as well as for general household purposes. The company also exports its products primarily to the United States, Nigeria, Bulgaria, the United Arab Emirates, and Sri Lanka. Shree Rama Multi-Tech Limited was founded in 1987 and is based in Kalol, India.", "fullTimeEmployees": 358, "companyOfficers": [], "maxAge": 86400}, "netSharePurchaseActivity": {"maxAge": 1, "period": "6m", "buyInfoCount": 0, "buyInfoShares": 0, "sellInfoCount": 0, "netInfoCount": 0, "netInfoShares": 0, "netPercentInsiderShares": 0.0, "totalInsiderShares": 35064904}, "quoteType": {"exchange": "NSI", "quoteType": "EQUITY", "symbol": "SHREERAMA.NS", "underlyingSymbol": "SHREERAMA.NS", "shortName": "SHREE RAMA MULTI", "longName": "Shree Rama Multi-Tech Limited", "firstTradeDateEpochUtc": "2000-03-21 09:15:00", "timeZoneFullName": "Asia/Kolkata", "timeZoneShortName": "IST", "uuid": "407a0602-cb76-3cf5-bd80-f59acc6d9a36", "gmtOffSetMilliseconds": 19800000, "maxAge": 1}, "incomeStatementHistory": {"incomeStatementHistory": [{"maxAge": 1, "endDate": "2020-03-31", "totalRevenue": 1308373000, "costOfRevenue": 667303000, "grossProfit": 641070000, "researchDevelopment": {}, "sellingGeneralAdministrative": 152724000, "nonRecurring": {}, "otherOperatingExpenses": 316872000, "totalOperatingExpenses": 1226507000, "operatingIncome": 81866000, "totalOtherIncomeExpenseNet": 25239000, "ebit": 81866000, "interestExpense": -27440000, "incomeBeforeTax": 107105000, "incomeTaxExpense": -103451000, "minorityInterest": {}, "netIncomeFromContinuingOps": 210556000, "discontinuedOperations": {}, "extraordinaryItems": {}, "effectOfAccountingCharges": {}, "otherItems": {}, "netIncome": 210556000, "netIncomeApplicableToCommonShares": 210556000}, {"maxAge": 1, "endDate": "2019-03-31", "totalRevenue": 1173212000, "costOfRevenue": 668705000, "grossProfit": 504507000, "researchDevelopment": {}, "sellingGeneralAdministrative": 142219000, "nonRecurring": {}, "otherOperatingExpenses": 281241000, "totalOperatingExpenses": 1182424000, "operatingIncome": -9212000, "totalOtherIncomeExpenseNet": -35217000, "ebit": -9212000, "interestExpense": -36162000, "incomeBeforeTax": -44429000, "incomeTaxExpense": -14168000, "minorityInterest": {}, "netIncomeFromContinuingOps": -30261000, "discontinuedOperations": {}, "extraordinaryItems": {}, "effectOfAccountingCharges": {}, "otherItems": {}, "netIncome": -30261000, "netIncomeApplicableToCommonShares": -30261000}, {"maxAge": 1, "endDate": "2018-03-31", "totalRevenue": 1224298000, "costOfRevenue": 679337000, "grossProfit": 544961000, "researchDevelopment": {}, "sellingGeneralAdministrative": 130718000, "nonRecurring": {}, "otherOperatingExpenses": 306979000, "totalOperatingExpenses": 1225717000, "operatingIncome": -1419000, "totalOtherIncomeExpenseNet": -39014000, "ebit": -1419000, "interestExpense": -42839000, "incomeBeforeTax": -40433000, "incomeTaxExpense": -14761000, "minorityInterest": {}, "netIncomeFromContinuingOps": -25672000, "discontinuedOperations": {}, "extraordinaryItems": {}, "effectOfAccountingCharges": {}, "otherItems": {}, "netIncome": -25672000, "netIncomeApplicableToCommonShares": -25672000}, {"maxAge": 1, "endDate": "2017-03-31", "totalRevenue": 1209667000, "costOfRevenue": 662529000, "grossProfit": 547138000, "researchDevelopment": {}, "sellingGeneralAdministrative": 130220000, "nonRecurring": {}, "otherOperatingExpenses": 275530000, "totalOperatingExpenses": 1188713000, "operatingIncome": 20954000, "totalOtherIncomeExpenseNet": -56816000, "ebit": 20954000, "interestExpense": -62849000, "incomeBeforeTax": -35862000, "incomeTaxExpense": -14535000, "minorityInterest": {}, "netIncomeFromContinuingOps": -21327000, "discontinuedOperations": {}, "extraordinaryItems": {}, "effectOfAccountingCharges": {}, "otherItems": {}, "netIncome": -21327000, "netIncomeApplicableToCommonShares": -21327000}], "maxAge": 86400}, "fundOwnership": {"ownershipList": [], "maxAge": 1}, "summaryDetail": {"maxAge": 1, "priceHint": 2, "previousClose": 10.5, "open": 10.4, "dayLow": 9.9, "dayHigh": 10.5, "regularMarketPreviousClose": 10.5, "regularMarketOpen": 10.4, "regularMarketDayLow": 9.9, "regularMarketDayHigh": 10.5, "exDividendDate": "2001-12-06 05:30:00", "payoutRatio": 0.0, "beta": 0.858839, "trailingPE": 5.3240743, "volume": 76928, "regularMarketVolume": 76928, "averageVolume": 127715, "averageVolume10days": 27160, "averageDailyVolume10Day": 27160, "bid": 0.0, "ask": 0.0, "bidSize": 0, "askSize": 0, "marketCap": 648135680, "fiftyTwoWeekLow": 3.2, "fiftyTwoWeekHigh": 12.85, "priceToSalesTrailing12Months": 0.5055376, "fiftyDayAverage": 9.717647, "twoHundredDayAverage": 8.213475, "currency": "INR", "fromCurrency": null, "lastMarket": null, "algorithm": null, "tradeable": false}, "incomeStatementHistoryQuarterly": {"incomeStatementHistory": [{"maxAge": 1, "endDate": "2020-12-31", "totalRevenue": 356448000, "costOfRevenue": 217957000, "grossProfit": 138491000, "researchDevelopment": {}, "sellingGeneralAdministrative": 39329000, "nonRecurring": {}, "otherOperatingExpenses": 59005000, "totalOperatingExpenses": 334534000, "operatingIncome": 21914000, "totalOtherIncomeExpenseNet": -1661000, "ebit": 21914000, "interestExpense": -2042000, "incomeBeforeTax": 20253000, "incomeTaxExpense": 0, "minorityInterest": {}, "netIncomeFromContinuingOps": 20253000, "discontinuedOperations": {}, "extraordinaryItems": {}, "effectOfAccountingCharges": {}, "otherItems": {}, "netIncome": 20253000, "netIncomeApplicableToCommonShares": 20253000}, {"maxAge": 1, "endDate": "2020-09-30", "totalRevenue": 358049000, "costOfRevenue": 224194000, "grossProfit": 133855000, "researchDevelopment": {}, "sellingGeneralAdministrative": 39786000, "nonRecurring": {}, "otherOperatingExpenses": 59861000, "totalOperatingExpenses": 344693000, "operatingIncome": 13356000, "totalOtherIncomeExpenseNet": -1328000, "ebit": 13356000, "interestExpense": -1979000, "incomeBeforeTax": 12028000, "incomeTaxExpense": 0, "minorityInterest": {}, "netIncomeFromContinuingOps": 12028000, "discontinuedOperations": {}, "extraordinaryItems": {}, "effectOfAccountingCharges": {}, "otherItems": {}, "netIncome": 12028000, "netIncomeApplicableToCommonShares": 12028000}, {"maxAge": 1, "endDate": "2020-06-30", "totalRevenue": 265808000, "costOfRevenue": 171692000, "grossProfit": 94116000, "researchDevelopment": {}, "sellingGeneralAdministrative": 34154000, "nonRecurring": {}, "otherOperatingExpenses": 38283000, "totalOperatingExpenses": 262530000, "operatingIncome": 3278000, "totalOtherIncomeExpenseNet": -3066000, "ebit": 3278000, "interestExpense": -3532000, "incomeBeforeTax": 212000, "incomeTaxExpense": 0, "minorityInterest": {}, "netIncomeFromContinuingOps": 212000, "discontinuedOperations": {}, "extraordinaryItems": {}, "effectOfAccountingCharges": {}, "otherItems": {}, "netIncome": 212000, "netIncomeApplicableToCommonShares": 212000}, {"maxAge": 1, "endDate": "2020-03-31", "totalRevenue": 301767000, "costOfRevenue": 73517000, "grossProfit": 228250000, "researchDevelopment": {}, "sellingGeneralAdministrative": 43590000, "nonRecurring": {}, "otherOperatingExpenses": 144416000, "totalOperatingExpenses": 287157000, "operatingIncome": 14610000, "totalOtherIncomeExpenseNet": -21636000, "ebit": 14610000, "interestExpense": -1206000, "incomeBeforeTax": -7026000, "incomeTaxExpense": -98221000, "minorityInterest": {}, "netIncomeFromContinuingOps": 91195000, "discontinuedOperations": {}, "extraordinaryItems": {}, "effectOfAccountingCharges": {}, "otherItems": {}, "netIncome": 91195000, "netIncomeApplicableToCommonShares": 91195000}], "maxAge": 86400}, "cashflowStatementHistoryQuarterly": {"cashflowStatements": [{"maxAge": 1, "endDate": "2020-12-31", "netIncome": 20253000, "changeToLiabilities": 0}, {"maxAge": 1, "endDate": "2020-09-30", "netIncome": 12028000, "changeToLiabilities": 0}, {"maxAge": 1, "endDate": "2020-06-30", "netIncome": 212000, "changeToLiabilities": 0}, {"maxAge": 1, "endDate": "2020-03-31", "netIncome": 91195000, "changeToLiabilities": 0}], "maxAge": 86400}, "insiderHolders": {"holders": [], "maxAge": 1}, "calendarEvents": {"maxAge": 1, "earnings": {"earningsDate": []}, "exDividendDate": "2001-12-06 05:30:00"}, "upgradeDowngradeHistory": {"history": [], "maxAge": 86400}, "price": {"maxAge": 1, "regularMarketChangePercent": -0.014285678, "regularMarketChange": -0.14999962, "regularMarketTime": "2021-04-30 15:30:01", "priceHint": 2, "regularMarketPrice": 10.35, "regularMarketDayHigh": 10.5, "regularMarketDayLow": 9.9, "regularMarketVolume": 76928, "averageDailyVolume10Day": 27160, "averageDailyVolume3Month": 127715, "regularMarketPreviousClose": 10.5, "regularMarketSource": "FREE_REALTIME", "regularMarketOpen": 10.4, "exchange": "NSI", "exchangeName": "NSE", "exchangeDataDelayedBy": 15, "marketState": "CLOSED", "quoteType": "EQUITY", "symbol": "SHREERAMA.NS", "underlyingSymbol": null, "shortName": "SHREE RAMA MULTI", "longName": "Shree Rama Multi-Tech Limited", "currency": "INR", "quoteSourceName": "Delayed Quote", "currencySymbol": "\u20b9", "fromCurrency": null, "lastMarket": null, "marketCap": 648135680}, "balanceSheetHistory": {"balanceSheetStatements": [{"maxAge": 1, "endDate": "2020-03-31", "cash": 1550000, "netReceivables": 194859000, "inventory": 249884000, "otherCurrentAssets": 55946000, "totalCurrentAssets": 502239000, "longTermInvestments": 15000, "propertyPlantEquipment": 669962000, "intangibleAssets": 237000, "otherAssets": 35778000, "totalAssets": 1208231000, "accountsPayable": 118364000, "shortLongTermDebt": 88230000, "otherCurrentLiab": 22331000, "longTermDebt": 683853000, "otherLiab": 20484000, "totalCurrentLiabilities": 246906000, "totalLiab": 951770000, "commonStock": 317340000, "retainedEarnings": -2793459000, "treasuryStock": 439985000, "capitalSurplus": 2282595000, "otherStockholderEquity": 439985000, "totalStockholderEquity": 246461000, "netTangibleAssets": 246224000}, {"maxAge": 1, "endDate": "2019-03-31", "cash": 335000, "netReceivables": 234528000, "inventory": 264253000, "otherCurrentAssets": 122483000, "totalCurrentAssets": 621599000, "longTermInvestments": 37000, "propertyPlantEquipment": 749873000, "intangibleAssets": 672000, "otherAssets": 72913000, "totalAssets": 1445094000, "accountsPayable": 141185000, "shortLongTermDebt": 117680000, "otherCurrentLiab": 73577000, "longTermDebt": 801154000, "otherLiab": 116784000, "totalCurrentLiabilities": 483077000, "totalLiab": 1401015000, "commonStock": 317340000, "retainedEarnings": -3005841000, "treasuryStock": 439985000, "capitalSurplus": 2282595000, "otherStockholderEquity": 439985000, "totalStockholderEquity": 34079000, "netTangibleAssets": 33407000}, {"maxAge": 1, "endDate": "2018-03-31", "cash": 1809000, "shortTermInvestments": 20000000, "netReceivables": 263229000, "inventory": 210217000, "otherCurrentAssets": 64993000, "totalCurrentAssets": 540248000, "longTermInvestments": 58000, "propertyPlantEquipment": 775696000, "intangibleAssets": 1113000, "otherAssets": 81813000, "totalAssets": 1398928000, "accountsPayable": 93083000, "shortLongTermDebt": 118269000, "otherCurrentLiab": 601000, "longTermDebt": 917656000, "otherLiab": 141077000, "totalCurrentLiabilities": 265973000, "totalLiab": 1324706000, "commonStock": 317340000, "retainedEarnings": -2975698000, "treasuryStock": 439985000, "capitalSurplus": 2282595000, "otherStockholderEquity": 439985000, "totalStockholderEquity": 64222000, "netTangibleAssets": 63109000}, {"maxAge": 1, "endDate": "2017-03-31", "cash": 12596000, "shortTermInvestments": 830000, "netReceivables": 267609000, "inventory": 203763000, "otherCurrentAssets": 141587000, "totalCurrentAssets": 626385000, "longTermInvestments": 51000, "propertyPlantEquipment": 898984000, "intangibleAssets": 883000, "otherAssets": 88088000, "totalAssets": 1614391000, "accountsPayable": 93180000, "shortLongTermDebt": 118507000, "otherCurrentLiab": 12032000, "longTermDebt": 1034268000, "otherLiab": 154778000, "totalCurrentLiabilities": 324268000, "totalLiab": 1513314000, "commonStock": 317340000, "retainedEarnings": -2948843000, "treasuryStock": 439985000, "capitalSurplus": 2282595000, "otherStockholderEquity": 439985000, "totalStockholderEquity": 91077000, "netTangibleAssets": 90194000}], "maxAge": 86400}, "financialData": {"maxAge": 86400, "currentPrice": 10.35, "recommendationKey": "none", "totalCash": 21346000, "totalCashPerShare": 0.337, "ebitda": 140640496, "totalDebt": 741372032, "totalRevenue": 1282072064, "debtToEquity": 286.122, "revenuePerShare": 20.147, "grossProfits": 641070000, "revenueGrowth": 0.214, "grossMargins": 0.46387002, "ebitdaMargins": 0.1097, "operatingMargins": 0.04146, "profitMargins": 0.09648, "financialCurrency": "INR"}}}