{"SHREYANIND.BO": {"recommendationTrend": {"trend": [{"period": "0m", "strongBuy": 0, "buy": 0, "hold": 0, "sell": 0, "strongSell": 0}, {"period": "-1m", "strongBuy": 0, "buy": 0, "hold": 0, "sell": 0, "strongSell": 0}, {"period": "-2m", "strongBuy": 0, "buy": 0, "hold": 0, "sell": 0, "strongSell": 0}, {"period": "-3m", "strongBuy": 0, "buy": 0, "hold": 0, "sell": 0, "strongSell": 0}], "maxAge": 86400}, "cashflowStatementHistory": {"cashflowStatements": [{"maxAge": 1, "endDate": "2020-03-31", "netIncome": 319611000, "depreciation": 105256000, "changeToNetincome": 7481000, "changeToAccountReceivables": 112884000, "changeToLiabilities": 27915000, "changeToInventory": -15114000, "changeToOperatingActivities": -28117000, "totalCashFromOperatingActivities": 529964000, "capitalExpenditures": -483872000, "investments": -140198000, "otherCashflowsFromInvestingActivities": 3775000, "totalCashflowsFromInvestingActivities": -615664000, "dividendsPaid": -86565000, "netBorrowings": 244067000, "otherCashflowsFromFinancingActivities": -30173000, "totalCashFromFinancingActivities": 85855000, "changeInCash": 155000}, {"maxAge": 1, "endDate": "2019-03-31", "netIncome": 469503000, "depreciation": 93810000, "changeToNetincome": 17643000, "changeToAccountReceivables": 3950000, "changeToLiabilities": -2228000, "changeToInventory": -78242000, "changeToOperatingActivities": -8440000, "totalCashFromOperatingActivities": 496050000, "capitalExpenditures": -124508000, "investments": -168602000, "otherCashflowsFromInvestingActivities": 5131000, "totalCashflowsFromInvestingActivities": -270984000, "dividendsPaid": -28820000, "netBorrowings": -146474000, "otherCashflowsFromFinancingActivities": -51266000, "totalCashFromFinancingActivities": -226560000, "changeInCash": -1494000}, {"maxAge": 1, "endDate": "2018-03-31", "netIncome": 311826000, "depreciation": 87846000, "changeToNetincome": 62054000, "changeToAccountReceivables": -150374000, "changeToLiabilities": 101799000, "changeToInventory": -46292000, "changeToOperatingActivities": -33965000, "totalCashFromOperatingActivities": 332894000, "capitalExpenditures": -358188000, "investments": -18601000, "otherCashflowsFromInvestingActivities": 53294000, "totalCashflowsFromInvestingActivities": -315401000, "dividendsPaid": -23952000, "netBorrowings": 51577000, "otherCashflowsFromFinancingActivities": -45417000, "totalCashFromFinancingActivities": -17792000, "changeInCash": -299000}, {"maxAge": 1, "endDate": "2017-03-31", "netIncome": 251149000, "depreciation": 79417000, "changeToNetincome": 49788000, "changeToAccountReceivables": 136772000, "changeToLiabilities": 51983000, "changeToInventory": -26640000, "changeToOperatingActivities": -33965000, "totalCashFromOperatingActivities": 542522000, "capitalExpenditures": -169642000, "investments": -178658000, "otherCashflowsFromInvestingActivities": 6789000, "totalCashflowsFromInvestingActivities": -339270000, "dividendsPaid": -19321000, "netBorrowings": -141601000, "otherCashflowsFromFinancingActivities": -45941000, "totalCashFromFinancingActivities": -206863000, "changeInCash": -3611000}], "maxAge": 86400}, "institutionOwnership": {"ownershipList": [], "maxAge": 1}, "balanceSheetHistoryQuarterly": {"balanceSheetStatements": [{"maxAge": 1, "endDate": "2020-06-30", "totalStockholderEquity": 2160832000, "netTangibleAssets": 2160598000}, {"maxAge": 1, "endDate": "2020-03-31", "cash": 1803000, "netReceivables": 324403000, "inventory": 430309000, "otherCurrentAssets": 310004000, "totalCurrentAssets": 1551304000, "longTermInvestments": 7586000, "propertyPlantEquipment": 2146613000, "intangibleAssets": 234000, "otherAssets": 119077000, "totalAssets": 3824814000, "accountsPayable": 473621000, "shortLongTermDebt": 53290000, "otherCurrentLiab": 104693000, "longTermDebt": 291896000, "otherLiab": 301143000, "deferredLongTermLiab": 91000, "totalCurrentLiabilities": 1053450000, "totalLiab": 1663982000, "commonStock": 138246000, "retainedEarnings": 1842665000, "treasuryStock": -12454000, "capitalSurplus": 192375000, "otherStockholderEquity": -12454000, "totalStockholderEquity": 2160832000, "netTangibleAssets": 2160598000}, {"maxAge": 1, "endDate": "2019-12-31", "totalStockholderEquity": 2082403000, "netTangibleAssets": 2082145000}, {"maxAge": 1, "endDate": "2019-09-30", "cash": 40771000, "shortTermInvestments": 703340000, "netReceivables": 464834000, "inventory": 427637000, "otherCurrentAssets": 36505000, "totalCurrentAssets": 1673087000, "longTermInvestments": 14868000, "propertyPlantEquipment": 1824312000, "intangibleAssets": 258000, "otherAssets": 101992000, "totalAssets": 3614517000, "accountsPayable": 335269000, "otherCurrentLiab": 392221000, "longTermDebt": 122391000, "otherLiab": 409406000, "totalCurrentLiabilities": 1000317000, "totalLiab": 1532114000, "commonStock": 138247000, "treasuryStock": 1944156000, "otherStockholderEquity": 1944156000, "totalStockholderEquity": 2082403000, "netTangibleAssets": 2082145000}], "maxAge": 86400}, "earningsHistory": {"history": [{"maxAge": 1, "epsActual": {}, "epsEstimate": {}, "epsDifference": {}, "surprisePercent": {}, "quarter": {}, "period": "-4q"}, {"maxAge": 1, "epsActual": 9.89, "epsEstimate": 6.7, "epsDifference": 3.19, "surprisePercent": 0.47599998, "quarter": "2017-03-31", "period": "-3q"}, {"maxAge": 1, "epsActual": 5.15, "epsEstimate": 3.63, "epsDifference": 1.52, "surprisePercent": 0.41900003, "quarter": "2017-06-30", "period": "-2q"}, {"maxAge": 1, "epsActual": 5.3, "epsEstimate": 6.17, "epsDifference": -0.87, "surprisePercent": -0.141, "quarter": "2017-09-30", "period": "-1q"}], "maxAge": 86400}, "indexTrend": {"maxAge": 1, "symbol": "SP5", "peRatio": 19.7411, "pegRatio": 1.34172, "estimates": [{"period": "0q", "growth": 0.549}, {"period": "+1q", "growth": 0.431}, {"period": "0y", "growth": 0.305}, {"period": "+1y", "growth": 0.109}, {"period": "+5y", "growth": 0.120865}, {"period": "-5y"}]}, "industryTrend": {"maxAge": 1, "symbol": null, "estimates": []}, "insiderTransactions": {"transactions": [{"maxAge": 1, "shares": 0, "filerUrl": "", "transactionText": "", "filerName": "Jagvallabh Parasnath Capital Investment Pvt. Ltd.", "filerRelation": "Promoter", "moneyText": "", "startDate": "2020-03-19", "ownership": "I"}, {"maxAge": 1, "shares": 20400, "filerUrl": "", "transactionText": "", "filerName": "Jagvallabh Parasnath Capital Investment Pvt. Ltd.", "filerRelation": "Promoter", "moneyText": "", "startDate": "2020-03-19", "ownership": "D"}, {"maxAge": 1, "shares": 10026, "filerUrl": "", "transactionText": "", "filerName": "Jagvallabh Parasnath Capital Investment Pvt. Ltd.", "filerRelation": "Promoter", "moneyText": "", "startDate": "2019-12-23", "ownership": "D"}, {"maxAge": 1, "shares": 12072, "filerUrl": "", "transactionText": "", "filerName": "Jagvallabh Parasnath Capital Investment Pvt. Ltd.", "filerRelation": "Promoter", "moneyText": "", "startDate": "2019-09-27", "ownership": "D"}, {"maxAge": 1, "shares": 5000, "filerUrl": "", "transactionText": "", "filerName": "Lavina Investment & Mercantile Company", "filerRelation": "Promoter", "moneyText": "", "startDate": "2019-09-26", "ownership": "D"}, {"maxAge": 1, "shares": 11156, "filerUrl": "", "transactionText": "", "filerName": "Lavina Investment & Mercantile Company", "filerRelation": "Promoter", "moneyText": "", "startDate": "2019-09-25", "ownership": "D"}, {"maxAge": 1, "shares": 13970, "filerUrl": "", "transactionText": "", "filerName": "Jagvallabh Parasnath Capital Investment Pvt. Ltd.", "filerRelation": "Promoter", "moneyText": "", "startDate": "2019-08-22", "ownership": "D"}, {"maxAge": 1, "shares": 187259, "filerUrl": "", "transactionText": "", "filerName": "Lavina Investment & Mercantile Company", "filerRelation": "Promoter", "moneyText": "", "startDate": "2019-08-06", "ownership": "D"}, {"maxAge": 1, "shares": 190199, "filerUrl": "", "transactionText": "", "filerName": "Jagvallabh Parasnath Capital Investment Pvt. Ltd.", "filerRelation": "UNREPORTED", "moneyText": "", "startDate": "2019-08-06", "ownership": "D"}, {"maxAge": 1, "shares": 31301, "filerUrl": "", "transactionText": "", "filerName": "Oswal (Nirmal Kumari)", "filerRelation": "UNREPORTED", "moneyText": "", "startDate": "2016-07-28", "ownership": "D"}, {"maxAge": 1, "shares": 29000, "filerUrl": "", "transactionText": "", "filerName": "Sulzer Investments Pvt. Ltd.", "filerRelation": "Promoter", "moneyText": "", "startDate": "2014-03-31", "ownership": "D"}, {"maxAge": 1, "shares": 29000, "filerUrl": "", "transactionText": "", "filerName": "Noble Share Trading Pvt. Ltd.", "filerRelation": "Promoter", "moneyText": "", "startDate": "2014-03-31", "ownership": "D"}, {"maxAge": 1, "shares": 29000, "filerUrl": "", "transactionText": "", "filerName": "Limelite Consultants Pvt. Ltd.", "filerRelation": "Promoter", "moneyText": "", "startDate": "2014-03-31", "ownership": "D"}, {"maxAge": 1, "shares": 29000, "filerUrl": "", "transactionText": "", "filerName": "Lavina Investment & Mercantile Company", "filerRelation": "Promoter", "moneyText": "", "startDate": "2014-03-31", "ownership": "D"}, {"maxAge": 1, "shares": 30350, "filerUrl": "", "transactionText": "", "filerName": "Achin Investment & Mercantile Company", "filerRelation": "Promoter", "moneyText": "", "startDate": "2014-03-31", "ownership": "D"}, {"maxAge": 1, "shares": 30000, "filerUrl": "", "transactionText": "", "filerName": "Adeep Investment Company", "filerRelation": "Promoter", "moneyText": "", "startDate": "2014-03-31", "ownership": "D"}, {"maxAge": 1, "shares": 29000, "filerUrl": "", "transactionText": "", "filerName": "Jagvallabh Parasnath Capital Investment Pvt. Ltd.", "filerRelation": "Promoter", "moneyText": "", "startDate": "2014-03-31", "ownership": "D"}], "maxAge": 1}, "quoteType": {"exchange": "BSE", "quoteType": "EQUITY", "symbol": "SHREYANIND.BO", "underlyingSymbol": "SHREYANIND.BO", "shortName": "SHREYANS INDUSTRIES LTD.", "longName": "Shreyans Industries Limited", "firstTradeDateEpochUtc": "2000-11-10 09:15:00", "timeZoneFullName": "Asia/Kolkata", "timeZoneShortName": "IST", "uuid": "e7363113-6720-3f25-a0ca-295c088ced5c", "gmtOffSetMilliseconds": 19800000, "maxAge": 1}, "incomeStatementHistory": {"incomeStatementHistory": [{"maxAge": 1, "endDate": "2020-03-31", "totalRevenue": 5403092000, "costOfRevenue": 2786549000, "grossProfit": 2616543000, "researchDevelopment": {}, "sellingGeneralAdministrative": 623652000, "nonRecurring": {}, "otherOperatingExpenses": 1450578000, "totalOperatingExpenses": 4966083000, "operatingIncome": 437009000, "totalOtherIncomeExpenseNet": -111560000, "ebit": 437009000, "interestExpense": -35977000, "incomeBeforeTax": 325449000, "incomeTaxExpense": 5838000, "minorityInterest": {}, "netIncomeFromContinuingOps": 319611000, "discontinuedOperations": {}, "extraordinaryItems": {}, "effectOfAccountingCharges": {}, "otherItems": {}, "netIncome": 319611000, "netIncomeApplicableToCommonShares": 319611000}, {"maxAge": 1, "endDate": "2019-03-31", "totalRevenue": 5739091000, "costOfRevenue": 2890571000, "grossProfit": 2848520000, "researchDevelopment": {}, "sellingGeneralAdministrative": 567503000, "nonRecurring": {}, "otherOperatingExpenses": 1472109000, "totalOperatingExpenses": 5024047000, "operatingIncome": 715044000, "totalOtherIncomeExpenseNet": -10205000, "ebit": 715044000, "interestExpense": -53415000, "incomeBeforeTax": 704839000, "incomeTaxExpense": 235336000, "minorityInterest": {}, "netIncomeFromContinuingOps": 469503000, "discontinuedOperations": {}, "extraordinaryItems": {}, "effectOfAccountingCharges": {}, "otherItems": {}, "netIncome": 469503000, "netIncomeApplicableToCommonShares": 469503000}, {"maxAge": 1, "endDate": "2018-03-31", "totalRevenue": 4635747000, "costOfRevenue": 2457891000, "grossProfit": 2177856000, "researchDevelopment": {}, "sellingGeneralAdministrative": 497546000, "nonRecurring": {}, "otherOperatingExpenses": 1104582000, "totalOperatingExpenses": 4147865000, "operatingIncome": 487882000, "totalOtherIncomeExpenseNet": -27599000, "ebit": 487882000, "interestExpense": -47903000, "incomeBeforeTax": 460283000, "incomeTaxExpense": 148457000, "minorityInterest": {}, "netIncomeFromContinuingOps": 311826000, "discontinuedOperations": {}, "extraordinaryItems": {}, "effectOfAccountingCharges": {}, "otherItems": {}, "netIncome": 311826000, "netIncomeApplicableToCommonShares": 311826000}, {"maxAge": 1, "endDate": "2017-03-31", "totalRevenue": 4200342000, "costOfRevenue": 2284004000, "grossProfit": 1916338000, "researchDevelopment": {}, "sellingGeneralAdministrative": 449677000, "nonRecurring": {}, "otherOperatingExpenses": 894665000, "totalOperatingExpenses": 3708762000, "operatingIncome": 491580000, "totalOtherIncomeExpenseNet": -103982000, "ebit": 491580000, "interestExpense": -48187000, "incomeBeforeTax": 387598000, "incomeTaxExpense": 136449000, "minorityInterest": {}, "netIncomeFromContinuingOps": 251149000, "discontinuedOperations": {}, "extraordinaryItems": {}, "effectOfAccountingCharges": {}, "otherItems": {}, "netIncome": 251149000, "netIncomeApplicableToCommonShares": 251149000}], "maxAge": 86400}, "fundOwnership": {"ownershipList": [], "maxAge": 1}, "summaryDetail": {"maxAge": 1, "priceHint": 2, "previousClose": 84.65, "open": 85.0, "dayLow": 82.0, "dayHigh": 86.0, "regularMarketPreviousClose": 84.65, "regularMarketOpen": 85.0, "regularMarketDayLow": 82.0, "regularMarketDayHigh": 86.0, "trailingPE": 4.0782313, "forwardPE": 3.3453958, "volume": 2117, "regularMarketVolume": 2117, "averageVolume": 5337, "averageVolume10days": 1558, "averageDailyVolume10Day": 1558, "bid": 82.05, "ask": 86.0, "bidSize": 0, "askSize": 0, "marketCap": 1150206720, "fiftyTwoWeekLow": 55.5, "fiftyTwoWeekHigh": 118.1, "fiftyDayAverage": 86.51818, "twoHundredDayAverage": 79.84375, "trailingAnnualDividendRate": 3.0, "trailingAnnualDividendYield": 0.035440046, "currency": "INR", "fromCurrency": null, "lastMarket": null, "algorithm": null, "tradeable": false}, "sectorTrend": {"maxAge": 1, "symbol": null, "estimates": []}, "incomeStatementHistoryQuarterly": {"incomeStatementHistory": [{"maxAge": 1, "endDate": "2020-06-30", "totalRevenue": 769729000, "costOfRevenue": 522223000, "grossProfit": 247506000, "researchDevelopment": {}, "sellingGeneralAdministrative": 125628000, "nonRecurring": {}, "otherOperatingExpenses": 62678000, "totalOperatingExpenses": 737129000, "operatingIncome": 32600000, "totalOtherIncomeExpenseNet": 39949000, "ebit": 32600000, "interestExpense": -10866000, "incomeBeforeTax": 72549000, "incomeTaxExpense": 4800000, "minorityInterest": {}, "netIncomeFromContinuingOps": 67749000, "discontinuedOperations": {}, "extraordinaryItems": {}, "effectOfAccountingCharges": {}, "otherItems": {}, "netIncome": 67749000, "netIncomeApplicableToCommonShares": 67749000}, {"maxAge": 1, "endDate": "2020-03-31", "totalRevenue": 1332992000, "costOfRevenue": -214214000, "grossProfit": 1547206000, "researchDevelopment": {}, "sellingGeneralAdministrative": 146092000, "nonRecurring": {}, "otherOperatingExpenses": 1247759000, "totalOperatingExpenses": 1210953000, "operatingIncome": 122039000, "totalOtherIncomeExpenseNet": -108918000, "ebit": 122039000, "interestExpense": -1371000, "incomeBeforeTax": 13121000, "incomeTaxExpense": -2962000, "minorityInterest": {}, "netIncomeFromContinuingOps": 16083000, "discontinuedOperations": {}, "extraordinaryItems": {}, "effectOfAccountingCharges": {}, "otherItems": {}, "netIncome": 16083000, "netIncomeApplicableToCommonShares": 16083000}, {"maxAge": 1, "endDate": "2019-12-31", "totalRevenue": 1270738000, "costOfRevenue": 971733000, "grossProfit": 299005000, "researchDevelopment": {}, "sellingGeneralAdministrative": 161918000, "nonRecurring": {}, "otherOperatingExpenses": 43688000, "totalOperatingExpenses": 1201754000, "operatingIncome": 68984000, "totalOtherIncomeExpenseNet": 10667000, "ebit": 68984000, "interestExpense": -12932000, "incomeBeforeTax": 79651000, "incomeTaxExpense": -40400000, "minorityInterest": {}, "netIncomeFromContinuingOps": 120051000, "discontinuedOperations": {}, "extraordinaryItems": {}, "effectOfAccountingCharges": {}, "otherItems": {}, "netIncome": 120051000, "netIncomeApplicableToCommonShares": 120051000}, {"maxAge": 1, "endDate": "2019-09-30", "totalRevenue": 1237368000, "costOfRevenue": 945305000, "grossProfit": 292063000, "researchDevelopment": {}, "sellingGeneralAdministrative": 159104000, "nonRecurring": {}, "otherOperatingExpenses": 24562000, "totalOperatingExpenses": 1153804000, "operatingIncome": 83564000, "totalOtherIncomeExpenseNet": -4779000, "ebit": 83564000, "interestExpense": -10759000, "incomeBeforeTax": 78785000, "incomeTaxExpense": 600000, "minorityInterest": {}, "netIncomeFromContinuingOps": 78185000, "discontinuedOperations": {}, "extraordinaryItems": {}, "effectOfAccountingCharges": {}, "otherItems": {}, "netIncome": 78185000, "netIncomeApplicableToCommonShares": 78185000}], "maxAge": 86400}, "cashflowStatementHistoryQuarterly": {"cashflowStatements": [{"maxAge": 1, "endDate": "2020-06-30", "netIncome": 67749000, "changeToLiabilities": 0}, {"maxAge": 1, "endDate": "2020-03-31", "netIncome": 16083000, "changeToLiabilities": 0}, {"maxAge": 1, "endDate": "2019-12-31", "netIncome": 120051000, "changeToLiabilities": 0}, {"maxAge": 1, "endDate": "2019-09-30", "netIncome": 78185000, "changeToLiabilities": 0}], "maxAge": 86400}, "insiderHolders": {"holders": [{"maxAge": 1, "name": "Achin Investment & Mercantile Company", "relation": "Promoter", "url": "", "transactionDescription": "Purchase", "latestTransDate": "2014-03-31", "positionDirect": 717150, "positionDirectDate": "2014-03-31"}, {"maxAge": 1, "name": "Adeep Investment Company", "relation": "Promoter", "url": "", "transactionDescription": "Purchase", "latestTransDate": "2014-03-31", "positionDirect": 738245, "positionDirectDate": "2014-03-31"}, {"maxAge": 1, "name": "Jagvallabh Parasnath Capital Investment Pvt. Ltd.", "relation": "Promoter", "url": "", "transactionDescription": "Acquisition", "latestTransDate": "2020-03-19", "positionIndirect": 1159418, "positionIndirectDate": 1584576000}, {"maxAge": 1, "name": "Lavina Investment & Mercantile Company", "relation": "Promoter", "url": "", "transactionDescription": "Acquisition", "latestTransDate": "2019-09-26", "positionDirect": 985565, "positionDirectDate": "2019-09-26"}, {"maxAge": 1, "name": "Limelite Consultants Pvt. Ltd.", "relation": "Promoter", "url": "", "transactionDescription": "Purchase", "latestTransDate": "2014-03-31", "positionDirect": 489640, "positionDirectDate": "2014-03-31"}, {"maxAge": 1, "name": "Noble Share Trading Pvt. Ltd.", "relation": "Promoter", "url": "", "transactionDescription": "Purchase", "latestTransDate": "2014-03-31", "positionDirect": 486000, "positionDirectDate": "2014-03-31"}, {"maxAge": 1, "name": "Oswal (Nirmal Kumari)", "relation": "UNREPORTED", "url": "", "transactionDescription": "Acquisition", "latestTransDate": "2016-07-28", "positionDirectDate": "2016-07-28"}, {"maxAge": 1, "name": "Sulzer Investments Pvt. Ltd.", "relation": "Promoter", "url": "", "transactionDescription": "Purchase", "latestTransDate": "2014-03-31", "positionDirect": 489000, "positionDirectDate": "2014-03-31"}], "maxAge": 1}, "earnings": {"maxAge": 86400, "earningsChart": {"quarterly": [{"date": "1Q2017", "actual": 9.89, "estimate": 6.7}, {"date": "2Q2017", "actual": 5.15, "estimate": 3.63}, {"date": "3Q2017", "actual": 5.3, "estimate": 6.17}], "currentQuarterEstimateDate": "4Q", "currentQuarterEstimateYear": 2017, "earningsDate": []}, "financialsChart": {"yearly": [{"date": 2017, "revenue": 4200342000, "earnings": 251149000}, {"date": 2018, "revenue": 4635747000, "earnings": 311826000}, {"date": 2019, "revenue": 5739091000, "earnings": 469503000}, {"date": 2020, "revenue": 5403092000, "earnings": 319611000}], "quarterly": [{"date": "3Q2019", "revenue": 1237368000, "earnings": 78185000}, {"date": "4Q2019", "revenue": 1270738000, "earnings": 120051000}, {"date": "1Q2020", "revenue": 1332992000, "earnings": 16083000}, {"date": "2Q2020", "revenue": 769729000, "earnings": 67749000}]}, "financialCurrency": "INR"}, "calendarEvents": {"maxAge": 1, "earnings": {"earningsDate": [], "revenueAverage": 1182420000}}, "upgradeDowngradeHistory": {"history": [], "maxAge": 86400}, "price": {"maxAge": 1, "regularMarketChangePercent": -0.01712941, "regularMarketChange": -1.4500046, "regularMarketTime": "2021-04-30 15:29:37", "priceHint": 2, "regularMarketPrice": 83.2, "regularMarketDayHigh": 86.0, "regularMarketDayLow": 82.0, "regularMarketVolume": 2117, "averageDailyVolume10Day": 1558, "averageDailyVolume3Month": 5337, "regularMarketPreviousClose": 84.65, "regularMarketSource": "FREE_REALTIME", "regularMarketOpen": 85.0, "exchange": "BSE", "exchangeName": "BSE", "exchangeDataDelayedBy": 0, "marketState": "CLOSED", "quoteType": "EQUITY", "symbol": "SHREYANIND.BO", "underlyingSymbol": null, "shortName": "SHREYANS INDUSTRIES LTD.", "longName": "Shreyans Industries Limited", "currency": "INR", "quoteSourceName": "Delayed Quote", "currencySymbol": "\u20b9", "fromCurrency": null, "lastMarket": null, "marketCap": 1150206720}, "balanceSheetHistory": {"balanceSheetStatements": [{"maxAge": 1, "endDate": "2020-03-31", "cash": 1803000, "netReceivables": 324403000, "inventory": 430309000, "otherCurrentAssets": 310004000, "totalCurrentAssets": 1551304000, "longTermInvestments": 7586000, "propertyPlantEquipment": 2146613000, "intangibleAssets": 234000, "otherAssets": 119077000, "totalAssets": 3824814000, "accountsPayable": 473621000, "shortLongTermDebt": 53290000, "otherCurrentLiab": 104693000, "longTermDebt": 291896000, "otherLiab": 301143000, "deferredLongTermLiab": 91000, "totalCurrentLiabilities": 1053450000, "totalLiab": 1663982000, "commonStock": 138246000, "retainedEarnings": 1842665000, "treasuryStock": -12454000, "capitalSurplus": 192375000, "otherStockholderEquity": -12454000, "totalStockholderEquity": 2160832000, "netTangibleAssets": 2160598000}, {"maxAge": 1, "endDate": "2019-03-31", "cash": 1648000, "netReceivables": 413259000, "inventory": 415195000, "otherCurrentAssets": 281886000, "totalCurrentAssets": 1570746000, "longTermInvestments": 8573000, "propertyPlantEquipment": 1772594000, "intangibleAssets": 282000, "otherAssets": 92900000, "totalAssets": 3445095000, "accountsPayable": 445706000, "shortLongTermDebt": 41643000, "otherCurrentLiab": 135175000, "longTermDebt": 144099000, "otherLiab": 389112000, "deferredLongTermLiab": 56000, "totalCurrentLiabilities": 929627000, "totalLiab": 1462838000, "commonStock": 138246000, "retainedEarnings": 1656385000, "treasuryStock": -4749000, "capitalSurplus": 192375000, "otherStockholderEquity": -4749000, "totalStockholderEquity": 1982257000, "netTangibleAssets": 1981975000}, {"maxAge": 1, "endDate": "2018-03-31", "cash": 3142000, "netReceivables": 411990000, "inventory": 336953000, "otherCurrentAssets": 324962000, "totalCurrentAssets": 1276533000, "longTermInvestments": 5178000, "propertyPlantEquipment": 1758824000, "intangibleAssets": 335000, "otherAssets": 56905000, "totalAssets": 3097775000, "accountsPayable": 447934000, "shortLongTermDebt": 77497000, "otherCurrentLiab": 113739000, "longTermDebt": 214427000, "otherLiab": 389842000, "deferredLongTermLiab": 101000, "totalCurrentLiabilities": 947821000, "totalLiab": 1552090000, "commonStock": 138246000, "retainedEarnings": 1216884000, "treasuryStock": -1820000, "capitalSurplus": 192375000, "otherStockholderEquity": -1820000, "totalStockholderEquity": 1545685000, "netTangibleAssets": 1545350000}, {"maxAge": 1, "endDate": "2017-03-31", "cash": 3441000, "netReceivables": 273568000, "inventory": 290661000, "otherCurrentAssets": 327282000, "totalCurrentAssets": 1078664000, "longTermInvestments": 4987000, "propertyPlantEquipment": 1507719000, "intangibleAssets": 390000, "otherAssets": 106067000, "totalAssets": 2697827000, "accountsPayable": 346135000, "shortLongTermDebt": 58150000, "otherCurrentLiab": 95210000, "longTermDebt": 180502000, "otherLiab": 382362000, "deferredLongTermLiab": 38000, "totalCurrentLiabilities": 882817000, "totalLiab": 1445681000, "commonStock": 138246000, "retainedEarnings": 930016000, "treasuryStock": -8491000, "capitalSurplus": 192375000, "otherStockholderEquity": -8491000, "totalStockholderEquity": 1252146000, "netTangibleAssets": 1251756000}], "maxAge": 86400}, "earningsTrend": {"trend": [{"maxAge": 1, "period": "0q", "endDate": "2017-12-31", "growth": {}, "earningsEstimate": {"avg": 0.0, "low": 0.0, "high": 0.0, "yearAgoEps": {}, "numberOfAnalysts": 0, "growth": {}}, "revenueEstimate": {"avg": 1182420000, "low": 0, "high": 0, "numberOfAnalysts": 0, "yearAgoRevenue": {}, "growth": {}}, "epsTrend": {"current": 0.0, "7daysAgo": 0.0, "30daysAgo": 0.0, "60daysAgo": 0.0, "90daysAgo": 0.0}, "epsRevisions": {"upLast7days": 0, "upLast30days": 0, "downLast30days": 0, "downLast90days": {}}}, {"maxAge": 1, "period": "+1q", "endDate": "2018-03-31", "growth": {}, "earningsEstimate": {"avg": 0.0, "low": 0.0, "high": 0.0, "yearAgoEps": 9.89, "numberOfAnalysts": 0, "growth": {}}, "revenueEstimate": {"avg": 1332110000, "low": 0, "high": 0, "numberOfAnalysts": 0, "yearAgoRevenue": 1142160000, "growth": 0.16600001}, "epsTrend": {"current": 0.0, "7daysAgo": 0.0, "30daysAgo": 0.0, "60daysAgo": 0.0, "90daysAgo": 0.0}, "epsRevisions": {"upLast7days": 0, "upLast30days": 0, "downLast30days": 0, "downLast90days": {}}}, {"maxAge": 1, "period": "0y", "endDate": "2018-03-31", "growth": {}, "earningsEstimate": {"avg": 0.0, "low": 0.0, "high": 0.0, "yearAgoEps": {}, "numberOfAnalysts": 0, "growth": {}}, "revenueEstimate": {"avg": 4743110000, "low": 4662380000, "high": 4662380000, "numberOfAnalysts": 1, "yearAgoRevenue": 4200340000, "growth": 0.129}, "epsTrend": {"current": 0.0, "7daysAgo": 22.65, "30daysAgo": 22.65, "60daysAgo": 22.65, "90daysAgo": 22.65}, "epsRevisions": {"upLast7days": 0, "upLast30days": 0, "downLast30days": 0, "downLast90days": {}}}, {"maxAge": 1, "period": "+1y", "endDate": "2019-03-31", "growth": {}, "earningsEstimate": {"avg": 24.87, "low": 24.87, "high": 24.87, "yearAgoEps": {}, "numberOfAnalysts": 1, "growth": {}}, "revenueEstimate": {"avg": 5119930000, "low": 5119930000, "high": 5119930000, "numberOfAnalysts": 1, "yearAgoRevenue": 4743110000, "growth": 0.079}, "epsTrend": {"current": 24.87, "7daysAgo": 24.87, "30daysAgo": 27.97, "60daysAgo": 27.97, "90daysAgo": 27.97}, "epsRevisions": {"upLast7days": 0, "upLast30days": 0, "downLast30days": 0, "downLast90days": {}}}, {"maxAge": 1, "period": "+5y", "endDate": null, "growth": {}, "earningsEstimate": {"avg": {}, "low": {}, "high": {}, "yearAgoEps": {}, "numberOfAnalysts": {}, "growth": {}}, "revenueEstimate": {"avg": {}, "low": {}, "high": {}, "numberOfAnalysts": {}, "yearAgoRevenue": {}, "growth": {}}, "epsTrend": {"current": {}, "7daysAgo": {}, "30daysAgo": {}, "60daysAgo": {}, "90daysAgo": {}}, "epsRevisions": {"upLast7days": {}, "upLast30days": {}, "downLast30days": {}, "downLast90days": {}}}, {"maxAge": 1, "period": "-5y", "endDate": null, "growth": {}, "earningsEstimate": {"avg": {}, "low": {}, "high": {}, "yearAgoEps": {}, "numberOfAnalysts": {}, "growth": {}}, "revenueEstimate": {"avg": {}, "low": {}, "high": {}, "numberOfAnalysts": {}, "yearAgoRevenue": {}, "growth": {}}, "epsTrend": {"current": {}, "7daysAgo": {}, "30daysAgo": {}, "60daysAgo": {}, "90daysAgo": {}}, "epsRevisions": {"upLast7days": {}, "upLast30days": {}, "downLast30days": {}, "downLast90days": {}}}], "maxAge": 1}, "financialData": {"maxAge": 86400, "currentPrice": 83.2, "recommendationMean": 2.0, "recommendationKey": "buy", "grossProfits": 2616543000, "financialCurrency": "INR"}}}