{"SHRENIK.NS": {"assetProfile": {"address1": "505-508, TEN/11, Beside Mardia Plaza", "address2": "C.G.Road", "city": "Ahmedabad", "zip": "380009", "country": "India", "phone": "91 79 2644 0303", "fax": "91 79 2640 6810", "website": "http://www.shrenik.co.in", "industry": "Paper & Paper Products", "sector": "Basic Materials", "longBusinessSummary": "Shrenik Limited engages in the trading and processing of paper, pulp, paperboards, etc. in Gujarat, Rajasthan, and Maharashtra. It offers printing and writing papers, and other specialty papers; and coated paper, uncoated maplitho paper, copier paper, and duplex and folding box boards under the Shrenik Premium Copier Paper and Shrenik Premium Digital Paper brand names. Shrenik Limited was incorporated in 2012 and is based in Ahmedabad, India.", "fullTimeEmployees": 31, "companyOfficers": [{"maxAge": 1, "name": "Mr. Shrenikbhai Sudhirbhai Vimawala", "age": 55, "title": "Chairman & MD", "yearBorn": 1965, "exercisedValue": 0, "unexercisedValue": 0}, {"maxAge": 1, "name": "Mr. Rishit Shrenik Vimawala", "age": 30, "title": "Whole Time Director & Interim Compliance Officer", "yearBorn": 1990, "exercisedValue": 0, "unexercisedValue": 0}, {"maxAge": 1, "name": "Mr. Virendra Vasantlal Surti", "age": 45, "title": "Chief Financial Officer", "yearBorn": 1975, "exercisedValue": 0, "unexercisedValue": 0}], "maxAge": 86400}, "cashflowStatementHistory": {"cashflowStatements": [{"maxAge": 1, "endDate": "2020-03-31", "netIncome": 116038810, "depreciation": 11156994, "changeToNetincome": 169091251, "changeToAccountReceivables": -72289331, "changeToLiabilities": 171063179, "changeToInventory": -311610427, "changeToOperatingActivities": -39111833, "totalCashFromOperatingActivities": 45302329, "capitalExpenditures": -19300620, "otherCashflowsFromInvestingActivities": 3661850, "totalCashflowsFromInvestingActivities": 25270301, "dividendsPaid": -6344076, "netBorrowings": 124092872, "otherCashflowsFromFinancingActivities": -163649266, "totalCashFromFinancingActivities": -45900470, "changeInCash": 24672160}, {"maxAge": 1, "endDate": "2019-03-31", "netIncome": 111188258, "depreciation": 6813191, "changeToNetincome": 110351527, "changeToAccountReceivables": -670457276, "changeToLiabilities": 311335360, "changeToInventory": -165463861, "changeToOperatingActivities": 114319505, "totalCashFromOperatingActivities": -180992679, "capitalExpenditures": -65768942, "otherCashflowsFromInvestingActivities": 5969712, "totalCashflowsFromInvestingActivities": -75161892, "dividendsPaid": -23930016, "netBorrowings": 415027449, "otherCashflowsFromFinancingActivities": -124831289, "totalCashFromFinancingActivities": 266266144, "changeInCash": 10111569}, {"maxAge": 1, "endDate": "2018-03-31", "netIncome": 79108484, "depreciation": 5689720, "changeToNetincome": 89981468, "changeToAccountReceivables": -57788132, "changeToLiabilities": 43106857, "changeToInventory": -559659692, "changeToOperatingActivities": -71077524, "totalCashFromOperatingActivities": -469371830, "capitalExpenditures": -22091428, "otherCashflowsFromInvestingActivities": 6123384, "totalCashflowsFromInvestingActivities": 23248547, "dividendsPaid": -23930016, "netBorrowings": 310727102, "otherCashflowsFromFinancingActivities": -94586343, "totalCashFromFinancingActivities": 432140759, "changeInCash": -13982520, "issuanceOfStock": 216000000}, {"maxAge": 1, "endDate": "2017-03-31", "netIncome": 41844925, "depreciation": 3128583, "changeToNetincome": 71454363, "changeToAccountReceivables": -31514920, "changeToLiabilities": -17149207, "changeToInventory": -198881143, "changeToOperatingActivities": -71077524, "totalCashFromOperatingActivities": -130935384, "capitalExpenditures": -12611211, "otherCashflowsFromInvestingActivities": 2196915, "totalCashflowsFromInvestingActivities": -102529891, "dividendsPaid": -23930016, "netBorrowings": 294579210, "otherCashflowsFromFinancingActivities": -72911093, "totalCashFromFinancingActivities": 221668117, "changeInCash": -11797158, "issuanceOfStock": 216000000}], "maxAge": 86400}, "institutionOwnership": {"ownershipList": [], "maxAge": 1}, "majorHoldersBreakdown": {"maxAge": 1}, "balanceSheetHistoryQuarterly": {"balanceSheetStatements": [{"maxAge": 1, "endDate": "2020-12-31", "totalStockholderEquity": 764173057, "netTangibleAssets": 764173057}, {"maxAge": 1, "endDate": "2020-09-30", "cash": 21564799, "shortTermInvestments": 9733503, "netReceivables": 698015125, "inventory": 1894841159, "otherCurrentAssets": 504596387, "totalCurrentAssets": 3128750973, "longTermInvestments": 4000, "propertyPlantEquipment": 115169630, "otherAssets": 54634256, "totalAssets": 3298558859, "accountsPayable": 650469869, "shortLongTermDebt": 1411659604, "otherCurrentLiab": 122136668, "longTermDebt": 331076352, "otherLiab": 19043309, "totalCurrentLiabilities": 2184266141, "totalLiab": 2534385802, "commonStock": 204000000, "treasuryStock": 560173057, "otherStockholderEquity": 560173057, "totalStockholderEquity": 764173057, "netTangibleAssets": 764173057}, {"maxAge": 1, "endDate": "2020-06-30", "totalStockholderEquity": 746007624, "netTangibleAssets": 745655223}, {"maxAge": 1, "endDate": "2020-03-31", "cash": 38463951, "netReceivables": 1290441167, "inventory": 1805842667, "otherCurrentAssets": 14448273, "totalCurrentAssets": 3151527543, "longTermInvestments": 4000, "propertyPlantEquipment": 122596654, "intangibleAssets": 352401, "otherAssets": 45600137, "totalAssets": 3320080735, "accountsPayable": 640380179, "shortLongTermDebt": 16419262, "otherCurrentLiab": 147828964, "longTermDebt": 456666616, "otherLiab": 1069901, "deferredLongTermLiab": 528326, "totalCurrentLiabilities": 2116336594, "totalLiab": 2574073111, "commonStock": 204000000, "retainedEarnings": 344007624, "capitalSurplus": 198000000, "totalStockholderEquity": 746007624, "netTangibleAssets": 745655223}], "maxAge": 86400}, "indexTrend": {"maxAge": 1, "symbol": "SP5", "peRatio": 19.7411, "pegRatio": 1.34172, "estimates": [{"period": "0q", "growth": 0.549}, {"period": "+1q", "growth": 0.431}, {"period": "0y", "growth": 0.305}, {"period": "+1y", "growth": 0.109}, {"period": "+5y", "growth": 0.120865}, {"period": "-5y"}]}, "defaultKeyStatistics": {"maxAge": 1, "priceHint": 4, "enterpriseValue": 2423810048, "profitMargins": 0.00273, "floatShares": 95193320, "sharesOutstanding": 612000000, "beta": 2.896418, "category": null, "bookValue": 1.264, "priceToBook": 1.6613922, "fundFamily": null, "legalType": null, "lastFiscalYearEnd": "2020-03-31 05:30:00", "nextFiscalYearEnd": "2022-03-31 05:30:00", "mostRecentQuarter": "2020-12-31 05:30:00", "netIncomeToCommon": 11479810, "trailingEps": 0.014, "lastSplitFactor": "2:1", "lastSplitDate": "2020-10-08 05:30:00", "enterpriseToRevenue": 0.577, "enterpriseToEbitda": 12.65}, "summaryProfile": {"address1": "505-508, TEN/11, Beside Mardia Plaza", "address2": "C.G.Road", "city": "Ahmedabad", "zip": "380009", "country": "India", "phone": "91 79 2644 0303", "fax": "91 79 2640 6810", "website": "http://www.shrenik.co.in", "industry": "Paper & Paper Products", "sector": "Basic Materials", "longBusinessSummary": "Shrenik Limited engages in the trading and processing of paper, pulp, paperboards, etc. in Gujarat, Rajasthan, and Maharashtra. It offers printing and writing papers, and other specialty papers; and coated paper, uncoated maplitho paper, copier paper, and duplex and folding box boards under the Shrenik Premium Copier Paper and Shrenik Premium Digital Paper brand names. Shrenik Limited was incorporated in 2012 and is based in Ahmedabad, India.", "fullTimeEmployees": 31, "companyOfficers": [], "maxAge": 86400}, "netSharePurchaseActivity": {"maxAge": 1, "period": "6m", "buyInfoCount": 0, "buyInfoShares": 0, "sellInfoCount": 0, "netInfoCount": 0, "netInfoShares": 0, "totalInsiderShares": 0}, "quoteType": {"exchange": "NSI", "quoteType": "EQUITY", "symbol": "SHRENIK.NS", "underlyingSymbol": "SHRENIK.NS", "shortName": "SHRENIK LTD", "longName": "Shrenik Limited", "firstTradeDateEpochUtc": "2017-07-18 09:15:00", "timeZoneFullName": "Asia/Kolkata", "timeZoneShortName": "IST", "uuid": "3d91eb12-1f5e-3fbd-bda1-420e5df4c047", "gmtOffSetMilliseconds": 19800000, "maxAge": 1}, "incomeStatementHistory": {"incomeStatementHistory": [{"maxAge": 1, "endDate": "2020-03-31", "totalRevenue": 7955574363, "costOfRevenue": 7513885229, "grossProfit": 441689134, "researchDevelopment": {}, "sellingGeneralAdministrative": 44602317, "nonRecurring": {}, "otherOperatingExpenses": 73381320, "totalOperatingExpenses": 7643961552, "operatingIncome": 311612811, "totalOtherIncomeExpenseNet": -152349071, "ebit": 311612811, "interestExpense": -151958308, "incomeBeforeTax": 159263740, "incomeTaxExpense": 43224930, "minorityInterest": {}, "netIncomeFromContinuingOps": 116038810, "discontinuedOperations": {}, "extraordinaryItems": {}, "effectOfAccountingCharges": {}, "otherItems": {}, "netIncome": 116038810, "netIncomeApplicableToCommonShares": 116038810}, {"maxAge": 1, "endDate": "2019-03-31", "totalRevenue": 8367882600, "costOfRevenue": 7990559168, "grossProfit": 377323432, "researchDevelopment": {}, "sellingGeneralAdministrative": 35938876, "nonRecurring": {}, "otherOperatingExpenses": 46353006, "totalOperatingExpenses": 8080556863, "operatingIncome": 287325737, "totalOtherIncomeExpenseNet": -114264239, "ebit": 287325737, "interestExpense": -114588183, "incomeBeforeTax": 173061498, "incomeTaxExpense": 61873240, "minorityInterest": {}, "netIncomeFromContinuingOps": 111188258, "discontinuedOperations": {}, "extraordinaryItems": {}, "effectOfAccountingCharges": {}, "otherItems": {}, "netIncome": 111188258, "netIncomeApplicableToCommonShares": 111188258}, {"maxAge": 1, "endDate": "2018-03-31", "totalRevenue": 5932314394, "costOfRevenue": 5645669776, "grossProfit": 286644618, "researchDevelopment": {}, "sellingGeneralAdministrative": 22030629, "nonRecurring": {}, "otherOperatingExpenses": 49791352, "totalOperatingExpenses": 5724420471, "operatingIncome": 207893923, "totalOtherIncomeExpenseNet": -86313491, "ebit": 207893923, "interestExpense": -86181655, "incomeBeforeTax": 121580432, "incomeTaxExpense": 42471948, "minorityInterest": {}, "netIncomeFromContinuingOps": 79108484, "discontinuedOperations": {}, "extraordinaryItems": {}, "effectOfAccountingCharges": {}, "otherItems": {}, "netIncome": 79108484, "netIncomeApplicableToCommonShares": 79108484}, {"maxAge": 1, "endDate": "2017-03-31", "totalRevenue": 4276540941, "costOfRevenue": 4106755971, "grossProfit": 169784970, "researchDevelopment": {}, "sellingGeneralAdministrative": 16336902, "nonRecurring": {}, "otherOperatingExpenses": 15821009, "totalOperatingExpenses": 4142224480, "operatingIncome": 134316461, "totalOtherIncomeExpenseNet": -69589829, "ebit": 134316461, "interestExpense": -72761103, "incomeBeforeTax": 64726632, "incomeTaxExpense": 22881707, "minorityInterest": {}, "netIncomeFromContinuingOps": 41844925, "discontinuedOperations": {}, "extraordinaryItems": {}, "effectOfAccountingCharges": {}, "otherItems": {}, "netIncome": 41844925, "netIncomeApplicableToCommonShares": 41844925}], "maxAge": 86400}, "fundOwnership": {"ownershipList": [], "maxAge": 1}, "summaryDetail": {"maxAge": 1, "priceHint": 4, "previousClose": 2.0, "open": 1.9, "dayLow": 1.9, "dayHigh": 2.1, "regularMarketPreviousClose": 2.0, "regularMarketOpen": 1.9, "regularMarketDayLow": 1.9, "regularMarketDayHigh": 2.1, "dividendRate": 0.03, "dividendYield": 0.0167, "exDividendDate": "2020-09-08 05:30:00", "beta": 2.896418, "trailingPE": 149.99998, "volume": 12987184, "regularMarketVolume": 12987184, "averageVolume": 2646125, "averageVolume10days": 2615588, "averageDailyVolume10Day": 2615588, "bid": 0.0, "ask": 0.0, "marketCap": 1285200000, "fiftyTwoWeekLow": 1.8, "fiftyTwoWeekHigh": 10.45, "priceToSalesTrailing12Months": 0.30611324, "fiftyDayAverage": 2.4955883, "twoHundredDayAverage": 4.9548464, "trailingAnnualDividendRate": 0.033, "trailingAnnualDividendYield": 0.0165, "currency": "INR", "fromCurrency": null, "lastMarket": null, "algorithm": null, "tradeable": false}, "incomeStatementHistoryQuarterly": {"incomeStatementHistory": [{"maxAge": 1, "endDate": "2020-12-31", "totalRevenue": 452645000, "costOfRevenue": 408844000, "grossProfit": 43801000, "researchDevelopment": {}, "sellingGeneralAdministrative": 3318000, "nonRecurring": {}, "otherOperatingExpenses": 14520000, "totalOperatingExpenses": 431522000, "operatingIncome": 21123000, "totalOtherIncomeExpenseNet": -38794000, "ebit": 21123000, "interestExpense": -43795000, "incomeBeforeTax": -17671000, "incomeTaxExpense": -4102000, "minorityInterest": {}, "netIncomeFromContinuingOps": -13569000, "discontinuedOperations": {}, "extraordinaryItems": {}, "effectOfAccountingCharges": {}, "otherItems": {}, "netIncome": -13569000, "netIncomeApplicableToCommonShares": -13569000}, {"maxAge": 1, "endDate": "2020-09-30", "totalRevenue": 1761606000, "costOfRevenue": 1671325000, "grossProfit": 90281000, "researchDevelopment": {}, "sellingGeneralAdministrative": 3423000, "nonRecurring": {}, "otherOperatingExpenses": 1550000, "totalOperatingExpenses": 1681381000, "operatingIncome": 80225000, "totalOtherIncomeExpenseNet": -46152000, "ebit": 80225000, "interestExpense": -56421000, "incomeBeforeTax": 34073000, "incomeTaxExpense": 3840000, "minorityInterest": {}, "netIncomeFromContinuingOps": 30233000, "discontinuedOperations": {}, "extraordinaryItems": {}, "effectOfAccountingCharges": {}, "otherItems": {}, "netIncome": 30233000, "netIncomeApplicableToCommonShares": 30233000}, {"maxAge": 1, "endDate": "2020-06-30", "totalRevenue": 587815000, "costOfRevenue": 550284000, "grossProfit": 37531000, "researchDevelopment": {}, "sellingGeneralAdministrative": 2619000, "nonRecurring": {}, "otherOperatingExpenses": 12430000, "totalOperatingExpenses": 570839000, "operatingIncome": 16976000, "totalOtherIncomeExpenseNet": -35062000, "ebit": 16976000, "interestExpense": -35270000, "incomeBeforeTax": -18086000, "incomeTaxExpense": 22000, "minorityInterest": {}, "netIncomeFromContinuingOps": -18108000, "discontinuedOperations": {}, "extraordinaryItems": {}, "effectOfAccountingCharges": {}, "otherItems": {}, "netIncome": -18108000, "netIncomeApplicableToCommonShares": -18108000}, {"maxAge": 1, "endDate": "2020-03-31", "totalRevenue": 1396380363, "costOfRevenue": 1311530229, "grossProfit": 84850134, "researchDevelopment": {}, "sellingGeneralAdministrative": 26351317, "nonRecurring": {}, "otherOperatingExpenses": -4459680, "totalOperatingExpenses": 1336675552, "operatingIncome": 59704811, "totalOtherIncomeExpenseNet": -39579071, "ebit": 59704811, "interestExpense": -28023308, "incomeBeforeTax": 20125740, "incomeTaxExpense": 7569930, "minorityInterest": {}, "netIncomeFromContinuingOps": 12555810, "discontinuedOperations": {}, "extraordinaryItems": {}, "effectOfAccountingCharges": {}, "otherItems": {}, "netIncome": 12555810, "netIncomeApplicableToCommonShares": 12555810}], "maxAge": 86400}, "cashflowStatementHistoryQuarterly": {"cashflowStatements": [{"maxAge": 1, "endDate": "2020-12-31", "netIncome": -13569000, "changeToLiabilities": 0}, {"maxAge": 1, "endDate": "2020-09-30", "netIncome": 30233000, "changeToLiabilities": 0}, {"maxAge": 1, "endDate": "2020-06-30", "netIncome": -18108000, "changeToLiabilities": 0}, {"maxAge": 1, "endDate": "2020-03-31", "netIncome": 12555810, "changeToLiabilities": 0}], "maxAge": 86400}, "insiderHolders": {"holders": [], "maxAge": 1}, "calendarEvents": {"maxAge": 1, "earnings": {"earningsDate": ["2020-10-17 05:30:S"]}, "exDividendDate": "2020-09-08 05:30:00"}, "upgradeDowngradeHistory": {"history": [], "maxAge": 86400}, "price": {"maxAge": 1, "regularMarketChangePercent": 0.049999952, "regularMarketChange": 0.099999905, "regularMarketTime": "2021-04-30 15:29:58", "priceHint": 4, "regularMarketPrice": 2.1, "regularMarketDayHigh": 2.1, "regularMarketDayLow": 1.9, "regularMarketVolume": 12987184, "averageDailyVolume10Day": 2615588, "averageDailyVolume3Month": 2646125, "regularMarketPreviousClose": 2.0, "regularMarketSource": "FREE_REALTIME", "regularMarketOpen": 1.9, "exchange": "NSI", "exchangeName": "NSE", "exchangeDataDelayedBy": 15, "marketState": "CLOSED", "quoteType": "EQUITY", "symbol": "SHRENIK.NS", "underlyingSymbol": null, "shortName": "SHRENIK LTD", "longName": "Shrenik Limited", "currency": "INR", "quoteSourceName": "Delayed Quote", "currencySymbol": "\u20b9", "fromCurrency": null, "lastMarket": null, "marketCap": 1285200000}, "balanceSheetHistory": {"balanceSheetStatements": [{"maxAge": 1, "endDate": "2020-03-31", "cash": 38463951, "netReceivables": 1290441167, "inventory": 1805842667, "otherCurrentAssets": 14448273, "totalCurrentAssets": 3151527543, "longTermInvestments": 4000, "propertyPlantEquipment": 122596654, "intangibleAssets": 352401, "otherAssets": 45600137, "totalAssets": 3320080735, "accountsPayable": 640380179, "shortLongTermDebt": 16419262, "otherCurrentLiab": 147828964, "longTermDebt": 456666616, "otherLiab": 1069901, "deferredLongTermLiab": 528326, "totalCurrentLiabilities": 2116336594, "totalLiab": 2574073111, "commonStock": 204000000, "retainedEarnings": 344007624, "capitalSurplus": 198000000, "totalStockholderEquity": 746007624, "netTangibleAssets": 745655223}, {"maxAge": 1, "endDate": "2019-03-31", "cash": 13791791, "netReceivables": 1219274023, "inventory": 1505837216, "otherCurrentAssets": 42401537, "totalCurrentAssets": 2784454672, "longTermInvestments": 4000, "propertyPlantEquipment": 114573228, "intangibleAssets": 349339, "otherAssets": 74508786, "totalAssets": 2973890025, "accountsPayable": 473475318, "shortLongTermDebt": 47278905, "otherCurrentLiab": 181559380, "longTermDebt": 383047836, "otherLiab": 275288, "deferredLongTermLiab": 1374874, "totalCurrentLiabilities": 1954806299, "totalLiab": 2338129423, "commonStock": 204000000, "retainedEarnings": 233760602, "treasuryStock": 431760602, "capitalSurplus": 198000000, "otherStockholderEquity": 431760602, "totalStockholderEquity": 635760602, "netTangibleAssets": 635411263}, {"maxAge": 1, "endDate": "2018-03-31", "cash": 3680222, "netReceivables": 546860066, "inventory": 1338746568, "otherCurrentAssets": 43313577, "totalCurrentAssets": 1934901372, "longTermInvestments": 4000, "propertyPlantEquipment": 56424892, "intangibleAssets": 102841, "otherAssets": 63488715, "totalAssets": 2054921820, "accountsPayable": 174477443, "shortLongTermDebt": 48526164, "otherCurrentLiab": 73632080, "longTermDebt": 409401864, "otherLiab": 223128, "deferredLongTermLiab": 2221423, "totalCurrentLiabilities": 1094358196, "totalLiab": 1503983188, "commonStock": 204000000, "retainedEarnings": 148938632, "capitalSurplus": 198000000, "totalStockholderEquity": 550938632, "netTangibleAssets": 550835791}, {"maxAge": 1, "endDate": "2017-03-31", "cash": 17662743, "netReceivables": 504406288, "inventory": 764538725, "otherCurrentAssets": 111674330, "totalCurrentAssets": 1398799908, "longTermInvestments": 4000, "propertyPlantEquipment": 40023184, "intangibleAssets": 138901, "otherAssets": 30968349, "totalAssets": 1469934342, "accountsPayable": 144201977, "shortLongTermDebt": 52697524, "otherCurrentLiab": 76898604, "longTermDebt": 287149276, "otherLiab": -73572, "deferredLongTermLiab": 3452352, "totalCurrentLiabilities": 902230743, "totalLiab": 1189306447, "commonStock": 150000000, "retainedEarnings": 94627895, "capitalSurplus": 36000000, "totalStockholderEquity": 280627895, "netTangibleAssets": 280488994}], "maxAge": 86400}, "financialData": {"maxAge": 86400, "currentPrice": 2.1, "recommendationKey": "none", "totalCash": 31298302, "totalCashPerShare": 0.092, "ebitda": 191602656, "totalDebt": 1742736000, "totalRevenue": 4198446336, "debtToEquity": 228.055, "revenuePerShare": 4.972, "grossProfits": 441689134, "revenueGrowth": -0.775, "grossMargins": 0.061090004, "ebitdaMargins": 0.045640003, "operatingMargins": 0.0422, "profitMargins": 0.00273, "financialCurrency": "INR"}}}