{"SHREECEM.BO": {"recommendationTrend": {"trend": [{"period": "0m", "strongBuy": 0, "buy": 0, "hold": 0, "sell": 0, "strongSell": 0}, {"period": "-1m", "strongBuy": 0, "buy": 0, "hold": 0, "sell": 0, "strongSell": 0}, {"period": "-2m", "strongBuy": 0, "buy": 0, "hold": 0, "sell": 0, "strongSell": 0}, {"period": "-3m", "strongBuy": 0, "buy": 0, "hold": 0, "sell": 0, "strongSell": 0}], "maxAge": 86400}, "cashflowStatementHistory": {"cashflowStatements": [{"maxAge": 1, "endDate": "2020-03-31", "netIncome": 15358500000, "depreciation": 18020500000, "changeToNetincome": -631700000, "changeToAccountReceivables": 565000000, "changeToLiabilities": 4553400000, "changeToInventory": 1808500000, "totalCashFromOperatingActivities": 39731800000, "capitalExpenditures": -15313800000, "investments": -42493900000, "otherCashflowsFromInvestingActivities": 1910200000, "totalCashflowsFromInvestingActivities": -55987100000, "dividendsPaid": -6284100000, "netBorrowings": 1175000000, "otherCashflowsFromFinancingActivities": -2913700000, "totalCashFromFinancingActivities": 15810600000, "effectOfExchangeRate": 84400000, "changeInCash": -360300000, "issuanceOfStock": 23833400000}, {"maxAge": 1, "endDate": "2019-03-31", "netIncome": 10063900000, "depreciation": 14675300000, "changeToNetincome": 2523000000, "changeToAccountReceivables": -3561100000, "changeToLiabilities": -2324600000, "changeToInventory": -619100000, "totalCashFromOperatingActivities": 20800200000, "capitalExpenditures": -19342700000, "investments": 29586000000, "otherCashflowsFromInvestingActivities": 2504300000, "totalCashflowsFromInvestingActivities": -7215200000, "dividendsPaid": -1914600000, "netBorrowings": -7591400000, "otherCashflowsFromFinancingActivities": -3253900000, "totalCashFromFinancingActivities": -12759900000, "effectOfExchangeRate": 16900000, "changeInCash": 842000000, "issuanceOfStock": 23833400000}, {"maxAge": 1, "endDate": "2018-03-31", "netIncome": 13841500000, "depreciation": 8962200000, "changeToNetincome": -2917600000, "changeToAccountReceivables": -5099200000, "changeToLiabilities": 6513700000, "changeToInventory": -2545200000, "totalCashFromOperatingActivities": 18787200000, "capitalExpenditures": -25251300000, "investments": -18363700000, "otherCashflowsFromInvestingActivities": 7678900000, "totalCashflowsFromInvestingActivities": -35947300000, "dividendsPaid": -1531300000, "netBorrowings": 20353300000, "otherCashflowsFromFinancingActivities": -1559800000, "totalCashFromFinancingActivities": 17262200000, "effectOfExchangeRate": 16900000, "changeInCash": 102100000, "issuanceOfStock": 23833400000}, {"maxAge": 1, "endDate": "2017-03-31", "netIncome": 13390800000, "depreciation": 12122800000, "changeToNetincome": -3012500000, "changeToAccountReceivables": 165300000, "changeToLiabilities": 4318500000, "changeToInventory": -4993100000, "totalCashFromOperatingActivities": 22016100000, "capitalExpenditures": -12809000000, "investments": -11557200000, "otherCashflowsFromInvestingActivities": 4026000000, "totalCashflowsFromInvestingActivities": -20477700000, "dividendsPaid": -539700000, "netBorrowings": 4454700000, "otherCashflowsFromFinancingActivities": -2100400000, "totalCashFromFinancingActivities": -1669100000, "effectOfExchangeRate": 16900000, "changeInCash": -130700000, "issuanceOfStock": 23833400000}], "maxAge": 86400}, "indexTrend": {"maxAge": 1, "symbol": "SP5", "peRatio": 19.7411, "pegRatio": 1.34172, "estimates": [{"period": "0q", "growth": 0.549}, {"period": "+1q", "growth": 0.431}, {"period": "0y", "growth": 0.305}, {"period": "+1y", "growth": 0.109}, {"period": "+5y", "growth": 0.120865}, {"period": "-5y"}]}, "industryTrend": {"maxAge": 1, "symbol": null, "estimates": []}, "quoteType": {"exchange": "BSE", "quoteType": "EQUITY", "symbol": "SHREECEM.BO", "underlyingSymbol": "SHREECEM.BO", "shortName": "SHREE CEMENT LTD.", "longName": "Shree Cement Limited", "firstTradeDateEpochUtc": "2002-01-15 09:15:00", "timeZoneFullName": "Asia/Kolkata", "timeZoneShortName": "IST", "uuid": "cbde87b2-1f24-3158-89f8-59f75f167fd5", "gmtOffSetMilliseconds": 19800000, "maxAge": 1}, "incomeStatementHistory": {"incomeStatementHistory": [{"maxAge": 1, "endDate": "2020-03-31", "totalRevenue": 128683900000, "costOfRevenue": 39913300000, "grossProfit": 88770600000, "researchDevelopment": {}, "sellingGeneralAdministrative": 35283400000, "nonRecurring": {}, "otherOperatingExpenses": 15854100000, "totalOperatingExpenses": 109128900000, "operatingIncome": 19555000000, "totalOtherIncomeExpenseNet": -212400000, "ebit": 19555000000, "interestExpense": -2881200000, "incomeBeforeTax": 19342600000, "incomeTaxExpense": 3902000000, "minorityInterest": 688100000, "netIncomeFromContinuingOps": 15440600000, "discontinuedOperations": {}, "extraordinaryItems": {}, "effectOfAccountingCharges": {}, "otherItems": {}, "netIncome": 15358500000, "netIncomeApplicableToCommonShares": 15358500000}, {"maxAge": 1, "endDate": "2019-03-31", "totalRevenue": 125546500000, "costOfRevenue": 43653200000, "grossProfit": 81893300000, "researchDevelopment": {}, "sellingGeneralAdministrative": 36906000000, "nonRecurring": {}, "otherOperatingExpenses": 15285700000, "totalOperatingExpenses": 110563000000, "operatingIncome": 14983500000, "totalOtherIncomeExpenseNet": -3527100000, "ebit": 14983500000, "interestExpense": -2449600000, "incomeBeforeTax": 11456400000, "incomeTaxExpense": 1305900000, "minorityInterest": 624800000, "netIncomeFromContinuingOps": 10150500000, "discontinuedOperations": {}, "extraordinaryItems": {}, "effectOfAccountingCharges": {}, "otherItems": {}, "netIncome": 10063900000, "netIncomeApplicableToCommonShares": 10063900000}, {"maxAge": 1, "endDate": "2018-03-31", "totalRevenue": 98331000000, "costOfRevenue": 29537600000, "grossProfit": 68793400000, "researchDevelopment": {}, "sellingGeneralAdministrative": 31326300000, "nonRecurring": {}, "otherOperatingExpenses": 11989000000, "totalOperatingExpenses": 81846900000, "operatingIncome": 16484100000, "totalOtherIncomeExpenseNet": 1787200000, "ebit": 16484100000, "interestExpense": -1323900000, "incomeBeforeTax": 18271300000, "incomeTaxExpense": 4429800000, "minorityInterest": 624800000, "netIncomeFromContinuingOps": 13841500000, "discontinuedOperations": {}, "extraordinaryItems": {}, "effectOfAccountingCharges": {}, "otherItems": {}, "netIncome": 13841500000, "netIncomeApplicableToCommonShares": 13841500000}, {"maxAge": 1, "endDate": "2017-03-31", "totalRevenue": 85943000000, "costOfRevenue": 22652800000, "grossProfit": 63290200000, "researchDevelopment": {}, "sellingGeneralAdministrative": 24306100000, "nonRecurring": {}, "otherOperatingExpenses": 13438300000, "totalOperatingExpenses": 72544300000, "operatingIncome": 13398700000, "totalOtherIncomeExpenseNet": 1909100000, "ebit": 13398700000, "interestExpense": -1270900000, "incomeBeforeTax": 15307800000, "incomeTaxExpense": 1917000000, "minorityInterest": 624800000, "netIncomeFromContinuingOps": 13390800000, "discontinuedOperations": {}, "extraordinaryItems": {}, "effectOfAccountingCharges": {}, "otherItems": {}, "netIncome": 13390800000, "netIncomeApplicableToCommonShares": 13390800000}], "maxAge": 86400}, "fundOwnership": {"ownershipList": [{"maxAge": 1, "reportDate": "2020-07-31", "organization": "Fidelity Series Emerging Markets Opportunities Fund", "pctHeld": 0.0105, "position": 378668, "value": 8224612159}, {"maxAge": 1, "reportDate": "2020-07-31", "organization": "New World Fund, Inc.", "pctHeld": 0.0064999997, "position": 235995, "value": 5125776000}, {"maxAge": 1, "reportDate": "2020-07-31", "organization": "Vanguard International Stock Index-Total Intl Stock Indx", "pctHeld": 0.0043, "position": 153611, "value": 3336407878}, {"maxAge": 1, "reportDate": "2020-07-31", "organization": "Vanguard International Stock Index-Emerging Markets Stk", "pctHeld": 0.0033000002, "position": 117833, "value": 2559315085}, {"maxAge": 1, "reportDate": "2020-07-31", "organization": "iShares Core MSCI Emerging Markets ETF", "pctHeld": 0.0018000001, "position": 64446, "value": 1399757453}, {"maxAge": 1, "reportDate": "2020-08-31", "organization": "Aberdeen Standard SICAV I-Indian Equity Fd", "pctHeld": 0.0016, "position": 58880, "value": 1194424960}, {"maxAge": 1, "reportDate": "2020-08-31", "organization": "iShares MSCI India ETF", "pctHeld": 0.0014, "position": 51089, "value": 1036378681}, {"maxAge": 1, "reportDate": "2020-07-31", "organization": "Fidelity VIP Emerging Markets Portfolio", "pctHeld": 0.0011, "position": 40601, "value": 881847629}, {"maxAge": 1, "reportDate": "2020-07-31", "organization": "DFA Emerging Markets Core Equity Portfolio", "pctHeld": 0.00090000004, "position": 33627, "value": 730373395}, {"maxAge": 1, "reportDate": "2020-07-31", "organization": "Fidelity Advisor Emerging Markets Fund", "pctHeld": 0.00090000004, "position": 33583, "value": 729417722}], "maxAge": 1}, "summaryDetail": {"maxAge": 1, "priceHint": 2, "previousClose": 28426.0, "open": 28500.0, "dayLow": 27850.0, "dayHigh": 28500.0, "regularMarketPreviousClose": 28426.0, "regularMarketOpen": 28500.0, "regularMarketDayLow": 27850.0, "regularMarketDayHigh": 28500.0, "trailingPE": 66.84692, "forwardPE": 47.135513, "volume": 1593, "regularMarketVolume": 1593, "averageVolume": 1752, "averageVolume10days": 1344, "averageDailyVolume10Day": 1344, "bid": 27830.0, "ask": 28225.55, "bidSize": 0, "askSize": 0, "marketCap": 971865849856, "fiftyTwoWeekLow": 15500.0, "fiftyTwoWeekHigh": 28500.0, "fiftyDayAverage": 24163.295, "twoHundredDayAverage": 22278.121, "trailingAnnualDividendRate": 70.0, "trailingAnnualDividendYield": 0.0024625342, "currency": "INR", "fromCurrency": null, "lastMarket": null, "algorithm": null, "tradeable": false}, "insiderHolders": {"holders": [{"maxAge": 1, "name": "Asish Creations Pvt. Ltd.", "relation": "Promoter", "url": "", "transactionDescription": "Other", "latestTransDate": "2016-09-28", "positionDirect": 210737, "positionDirectDate": "2016-09-28"}, {"maxAge": 1, "name": "Bangur (Benu Gopal)", "relation": "Non Executive Chairman", "url": "", "transactionDescription": "Gift", "latestTransDate": "2019-03-16", "positionDirect": 10221, "positionDirectDate": "2019-03-16"}, {"maxAge": 1, "name": "Bangur (Harimohan)", "relation": "Promoter", "url": "", "transactionDescription": "Purchase", "latestTransDate": "2019-03-15", "positionDirect": 491788, "positionDirectDate": "2019-03-15"}, {"maxAge": 1, "name": "Bangur (Prashant)", "relation": "Joint Managing director", "url": "", "transactionDescription": "Gift", "latestTransDate": "2019-03-16", "positionDirect": 389750, "positionDirectDate": "2019-03-16"}, {"maxAge": 1, "name": "Bangur (Ranu)", "relation": "Promoter", "url": "", "transactionDescription": "Gift", "latestTransDate": "2019-03-16", "positionDirect": 63700, "positionDirectDate": "2019-03-16"}, {"maxAge": 1, "name": "Jain (Riya Puja)", "relation": "UNREPORTED", "url": "", "transactionDescription": "Acquisition", "latestTransDate": "2012-08-14", "positionDirect": 2050, "positionDirectDate": "2012-08-14"}, {"maxAge": 1, "name": "Laxmi Salt Company Ltd", "relation": "Promoter", "url": "", "transactionDescription": "Other", "latestTransDate": "2016-09-28", "positionDirectDate": "2016-09-28"}, {"maxAge": 1, "name": "Maheshwari (Padma Devi)", "relation": "Promoter", "url": "", "transactionDescription": "Sale", "latestTransDate": "2013-11-18", "positionDirect": 600, "positionDirectDate": "2013-11-18"}, {"maxAge": 1, "name": "Sharma (Ramakant)", "relation": "Director", "url": "", "transactionDescription": "Other", "latestTransDate": "2013-12-27", "positionDirect": 25, "positionDirectDate": "2013-12-27"}, {"maxAge": 1, "name": "Singhi (Mahendra Kumar)", "relation": "Director", "url": "", "transactionDescription": "Sale", "latestTransDate": "2010-07-21", "positionDirect": 4151, "positionDirectDate": "2010-07-21"}], "maxAge": 1}, "calendarEvents": {"maxAge": 1, "earnings": {"earningsDate": [], "earningsAverage": 113.08, "earningsLow": 107.65, "earningsHigh": 118.5, "revenueAverage": 28849600000, "revenueLow": 28849600000, "revenueHigh": 28849600000}}, "upgradeDowngradeHistory": {"history": [], "maxAge": 86400}, "price": {"maxAge": 1, "regularMarketChangePercent": -0.018256146, "regularMarketChange": -518.9492, "regularMarketTime": "2021-04-30 15:29:00", "priceHint": 2, "regularMarketPrice": 27907.05, "regularMarketDayHigh": 28500.0, "regularMarketDayLow": 27850.0, "regularMarketVolume": 1593, "averageDailyVolume10Day": 1344, "averageDailyVolume3Month": 1752, "regularMarketPreviousClose": 28426.0, "regularMarketSource": "FREE_REALTIME", "regularMarketOpen": 28500.0, "exchange": "BSE", "exchangeName": "BSE", "exchangeDataDelayedBy": 0, "marketState": "CLOSED", "quoteType": "EQUITY", "symbol": "SHREECEM.BO", "underlyingSymbol": null, "shortName": "SHREE CEMENT LTD.", "longName": "Shree Cement Limited", "currency": "INR", "quoteSourceName": "Delayed Quote", "currencySymbol": "\u20b9", "fromCurrency": null, "lastMarket": null, "marketCap": 971865849856}, "balanceSheetHistory": {"balanceSheetStatements": [{"maxAge": 1, "endDate": "2020-03-31", "cash": 1142100000, "shortTermInvestments": 4893600000, "netReceivables": 22239000000, "inventory": 17134900000, "otherCurrentAssets": 2579900000, "totalCurrentAssets": 78938200000, "longTermInvestments": 32935000000, "propertyPlantEquipment": 73065300000, "intangibleAssets": 532100000, "otherAssets": 13970900000, "deferredLongTermAssetCharges": 7437800000, "totalAssets": 199441500000, "accountsPayable": 6576500000, "shortLongTermDebt": 8136600000, "otherCurrentLiab": 9241200000, "longTermDebt": 17836300000, "otherLiab": 14219700000, "minorityInterest": 688100000, "totalCurrentLiabilities": 34079200000, "totalLiab": 67059100000, "commonStock": 360800000, "retainedEarnings": 105282900000, "treasuryStock": 1964300000, "capitalSurplus": 24086300000, "otherStockholderEquity": 1964300000, "totalStockholderEquity": 131694300000, "netTangibleAssets": 131162200000}, {"maxAge": 1, "endDate": "2019-03-31", "cash": 1422000000, "shortTermInvestments": 2606700000, "netReceivables": 22079400000, "inventory": 18703100000, "otherCurrentAssets": 2125600000, "totalCurrentAssets": 47192200000, "longTermInvestments": 22807400000, "propertyPlantEquipment": 72646100000, "intangibleAssets": 464900000, "otherAssets": 11819900000, "deferredLongTermAssetCharges": 6126400000, "totalAssets": 154930500000, "accountsPayable": 5381900000, "shortLongTermDebt": 195000000, "otherCurrentLiab": 8093200000, "longTermDebt": 24377800000, "otherLiab": 11899000000, "minorityInterest": 624800000, "totalCurrentLiabilities": 21265800000, "totalLiab": 57598200000, "commonStock": 348400000, "retainedEarnings": 96131300000, "treasuryStock": -37500000, "capitalSurplus": 265300000, "otherStockholderEquity": -37500000, "totalStockholderEquity": 96707500000, "netTangibleAssets": 96242600000}, {"maxAge": 1, "endDate": "2018-03-31", "cash": 517700000, "shortTermInvestments": 772200000, "netReceivables": 15786700000, "inventory": 15690200000, "otherCurrentAssets": 1084100000, "totalCurrentAssets": 57002500000, "longTermInvestments": 33230400000, "propertyPlantEquipment": 50042600000, "intangibleAssets": 120700000, "otherAssets": 11020500000, "deferredLongTermAssetCharges": 5130500000, "totalAssets": 151416700000, "accountsPayable": 7272800000, "shortLongTermDebt": 75300000, "otherCurrentLiab": 7663200000, "longTermDebt": 22302600000, "otherLiab": 10411500000, "totalCurrentLiabilities": 29671500000, "totalLiab": 62450100000, "commonStock": 348400000, "retainedEarnings": 88339500000, "treasuryStock": 13400000, "capitalSurplus": 265300000, "otherStockholderEquity": 13400000, "totalStockholderEquity": 88966600000, "netTangibleAssets": 88845900000}, {"maxAge": 1, "endDate": "2017-03-31", "cash": 1111000000, "shortTermInvestments": 6817200000, "netReceivables": 11178600000, "inventory": 13145000000, "otherCurrentAssets": 531500000, "totalCurrentAssets": 32821900000, "longTermInvestments": 35882300000, "propertyPlantEquipment": 32967800000, "intangibleAssets": 127800000, "otherAssets": 9860000000, "deferredLongTermAssetCharges": 5076900000, "totalAssets": 111659800000, "accountsPayable": 3516900000, "shortLongTermDebt": 500000, "otherCurrentLiab": 5825300000, "longTermDebt": 5369600000, "otherLiab": 9420000000, "totalCurrentLiabilities": 19890200000, "totalLiab": 34679800000, "commonStock": 348400000, "retainedEarnings": 76321400000, "treasuryStock": 44900000, "capitalSurplus": 265300000, "otherStockholderEquity": 44900000, "totalStockholderEquity": 76980000000, "netTangibleAssets": 76852200000}], "maxAge": 86400}, "earningsTrend": {"trend": [{"maxAge": 1, "period": "0q", "endDate": "2018-06-30", "growth": -0.105, "earningsEstimate": {"avg": 113.08, "low": 107.65, "high": 118.5, "yearAgoEps": 126.33, "numberOfAnalysts": 2, "growth": -0.105}, "revenueEstimate": {"avg": 28849600000, "low": 28849600000, "high": 28849600000, "numberOfAnalysts": 1, "yearAgoRevenue": 25362700000, "growth": 0.137}, "epsTrend": {"current": 113.08, "7daysAgo": 113.08, "30daysAgo": 116.12, "60daysAgo": 116.12, "90daysAgo": 124.59}, "epsRevisions": {"upLast7days": 0, "upLast30days": 0, "downLast30days": 0, "downLast90days": {}}}, {"maxAge": 1, "period": "+1q", "endDate": "2018-09-30", "growth": 0.26700002, "earningsEstimate": {"avg": 76.89, "low": 73.2, "high": 80.58, "yearAgoEps": 60.71, "numberOfAnalysts": 2, "growth": 0.26700002}, "revenueEstimate": {"avg": 23951600000, "low": 23951600000, "high": 23951600000, "numberOfAnalysts": 1, "yearAgoRevenue": 21368300000, "growth": 0.12100001}, "epsTrend": {"current": 76.89, "7daysAgo": 76.89, "30daysAgo": 78.96, "60daysAgo": 78.96, "90daysAgo": 84.72}, "epsRevisions": {"upLast7days": 0, "upLast30days": 0, "downLast30days": 0, "downLast90days": {}}}, {"maxAge": 1, "period": "0y", "endDate": "2019-03-31", "growth": 0.259, "earningsEstimate": {"avg": 500.16, "low": 429.0, "high": 566.88, "yearAgoEps": 397.33, "numberOfAnalysts": 8, "growth": 0.259}, "revenueEstimate": {"avg": 119924000000, "low": 119335000000, "high": 121222000000, "numberOfAnalysts": 7, "yearAgoRevenue": 105486000000, "growth": 0.137}, "epsTrend": {"current": 500.16, "7daysAgo": 500.16, "30daysAgo": 500.16, "60daysAgo": 518.33, "90daysAgo": 544.59}, "epsRevisions": {"upLast7days": 0, "upLast30days": 0, "downLast30days": 0, "downLast90days": {}}}, {"maxAge": 1, "period": "+1y", "endDate": "2020-03-31", "growth": 0.49, "earningsEstimate": {"avg": 745.2, "low": 593.0, "high": 918.04, "yearAgoEps": 500.16, "numberOfAnalysts": 5, "growth": 0.49}, "revenueEstimate": {"avg": 145168000000, "low": 144654000000, "high": 145995000000, "numberOfAnalysts": 4, "yearAgoRevenue": 119924000000, "growth": 0.21}, "epsTrend": {"current": 745.2, "7daysAgo": 745.2, "30daysAgo": 745.2, "60daysAgo": 794.7, "90daysAgo": 807.69}, "epsRevisions": {"upLast7days": 0, "upLast30days": 0, "downLast30days": 0, "downLast90days": {}}}, {"maxAge": 1, "period": "+5y", "endDate": null, "growth": 0.2625, "earningsEstimate": {"avg": {}, "low": {}, "high": {}, "yearAgoEps": {}, "numberOfAnalysts": {}, "growth": {}}, "revenueEstimate": {"avg": {}, "low": {}, "high": {}, "numberOfAnalysts": {}, "yearAgoRevenue": {}, "growth": {}}, "epsTrend": {"current": {}, "7daysAgo": {}, "30daysAgo": {}, "60daysAgo": {}, "90daysAgo": {}}, "epsRevisions": {"upLast7days": {}, "upLast30days": {}, "downLast30days": {}, "downLast90days": {}}}, {"maxAge": 1, "period": "-5y", "endDate": null, "growth": 0.11085, "earningsEstimate": {"avg": {}, "low": {}, "high": {}, "yearAgoEps": {}, "numberOfAnalysts": {}, "growth": {}}, "revenueEstimate": {"avg": {}, "low": {}, "high": {}, "numberOfAnalysts": {}, "yearAgoRevenue": {}, "growth": {}}, "epsTrend": {"current": {}, "7daysAgo": {}, "30daysAgo": {}, "60daysAgo": {}, "90daysAgo": {}}, "epsRevisions": {"upLast7days": {}, "upLast30days": {}, "downLast30days": {}, "downLast90days": {}}}], "maxAge": 1}, "institutionOwnership": {"ownershipList": [], "maxAge": 1}, "balanceSheetHistoryQuarterly": {"balanceSheetStatements": [{"maxAge": 1, "endDate": "2020-06-30", "totalStockholderEquity": 131694300000, "netTangibleAssets": 131162200000}, {"maxAge": 1, "endDate": "2020-03-31", "cash": 1142100000, "shortTermInvestments": 4893600000, "netReceivables": 22239000000, "inventory": 17134900000, "otherCurrentAssets": 2579900000, "totalCurrentAssets": 78938200000, "longTermInvestments": 32935000000, "propertyPlantEquipment": 73065300000, "intangibleAssets": 532100000, "otherAssets": 13970900000, "deferredLongTermAssetCharges": 7437800000, "totalAssets": 199441500000, "accountsPayable": 6576500000, "shortLongTermDebt": 8136600000, "otherCurrentLiab": 9241200000, "longTermDebt": 17836300000, "otherLiab": 14219700000, "minorityInterest": 688100000, "totalCurrentLiabilities": 34079200000, "totalLiab": 67059100000, "commonStock": 360800000, "retainedEarnings": 105282900000, "treasuryStock": 1964300000, "capitalSurplus": 24086300000, "otherStockholderEquity": 1964300000, "totalStockholderEquity": 131694300000, "netTangibleAssets": 131162200000}, {"maxAge": 1, "endDate": "2019-12-31", "totalStockholderEquity": 102742700000, "netTangibleAssets": 102183900000}, {"maxAge": 1, "endDate": "2019-09-30", "cash": 4450400000, "shortTermInvestments": 9410600000, "netReceivables": 10984800000, "inventory": 18114600000, "otherCurrentAssets": 11760900000, "totalCurrentAssets": 54721300000, "longTermInvestments": 22674400000, "propertyPlantEquipment": 72259000000, "intangibleAssets": 558800000, "otherAssets": 12910800000, "deferredLongTermAssetCharges": 6700300000, "totalAssets": 163124300000, "accountsPayable": 4954900000, "shortLongTermDebt": 6089000000, "otherCurrentLiab": 12611500000, "longTermDebt": 16881100000, "otherLiab": 13436000000, "minorityInterest": 629600000, "totalCurrentLiabilities": 28362600000, "totalLiab": 59752000000, "commonStock": 348400000, "retainedEarnings": 101564800000, "treasuryStock": 564200000, "capitalSurplus": 265300000, "otherStockholderEquity": 564200000, "totalStockholderEquity": 102742700000, "netTangibleAssets": 102183900000}], "maxAge": 86400}, "earningsHistory": {"history": [{"maxAge": 1, "epsActual": 126.33, "epsEstimate": 105.23, "epsDifference": 21.1, "surprisePercent": 0.201, "quarter": "2017-06-30", "period": "-4q"}, {"maxAge": 1, "epsActual": 60.71, "epsEstimate": 81.1, "epsDifference": -20.39, "surprisePercent": -0.25100002, "quarter": "2017-09-30", "period": "-3q"}, {"maxAge": 1, "epsActual": 95.68, "epsEstimate": 92.85, "epsDifference": 2.83, "surprisePercent": 0.03, "quarter": "2017-12-31", "period": "-2q"}, {"maxAge": 1, "epsActual": 114.6, "epsEstimate": 96.43, "epsDifference": 18.17, "surprisePercent": 0.188, "quarter": "2018-03-31", "period": "-1q"}], "maxAge": 86400}, "esgScores": {"maxAge": 86400, "totalEsg": 25.06, "environmentScore": 12.4, "socialScore": 3.19, "governanceScore": 9.47, "ratingYear": 2020, "ratingMonth": 10, "highestControversy": 2.0, "esgPerformance": null, "peerCount": 17, "peerGroup": "Construction Materials", "relatedControversy": ["Employee Incidents", "Customer Incidents"], "peerEsgScorePerformance": {"min": 20.19, "avg": 30.421764705882357, "max": 37.24}, "peerGovernancePerformance": {"min": 5.32, "avg": 8.651875, "max": 10.87}, "peerSocialPerformance": {"min": 2.81, "avg": 4.5912500000000005, "max": 6.54}, "peerEnvironmentPerformance": {"min": 11.06, "avg": 16.754375, "max": 21.64}, "peerHighestControversyPerformance": {"min": 1.0, "avg": 2.1176470588235294, "max": 3.0}, "percentile": 38.17, "environmentPercentile": 0.0, "socialPercentile": 0.0, "governancePercentile": 0.0, "adult": false, "alcoholic": false, "animalTesting": false, "catholic": false, "controversialWeapons": false, "smallArms": false, "furLeather": false, "gambling": false, "gmo": false, "militaryContract": false, "nuclear": false, "pesticides": false, "palmOil": false, "coal": true, "tobacco": false}, "insiderTransactions": {"transactions": [{"maxAge": 1, "shares": 23700, "filerUrl": "", "transactionText": "", "filerName": "Bangur (Ranu)", "filerRelation": "Promoter", "moneyText": "", "startDate": "2019-03-16", "ownership": "D"}, {"maxAge": 1, "shares": 98700, "filerUrl": "", "transactionText": "", "filerName": "Bangur (Benu Gopal)", "filerRelation": "Non Executive Chairman", "moneyText": "", "startDate": "2019-03-16", "ownership": "D"}, {"maxAge": 1, "shares": 75000, "filerUrl": "", "transactionText": "", "filerName": "Bangur (Prashant)", "filerRelation": "Joint Managing director", "moneyText": "", "startDate": "2019-03-16", "ownership": "D"}, {"maxAge": 1, "shares": 49350, "filerUrl": "", "transactionText": "", "filerName": "Bangur (Harimohan)", "filerRelation": "Promoter", "moneyText": "", "startDate": "2019-03-15", "ownership": "D"}, {"maxAge": 1, "shares": 14100, "filerUrl": "", "transactionText": "", "filerName": "Bangur (Benu Gopal)", "filerRelation": "Non Executive Chairman", "moneyText": "", "startDate": "2019-03-15", "ownership": "D"}, {"maxAge": 1, "shares": 89000, "filerUrl": "", "transactionText": "", "filerName": "Bangur (Benu Gopal)", "filerRelation": "Non Executive Chairman", "moneyText": "", "startDate": "2019-03-15", "ownership": "D"}, {"maxAge": 1, "shares": 63475, "filerUrl": "", "transactionText": "", "filerName": "Bangur (Prashant)", "filerRelation": "Joint Managing director", "moneyText": "", "startDate": "2019-03-15", "ownership": "D"}, {"maxAge": 1, "shares": 14100, "filerUrl": "", "transactionText": "", "filerName": "Bangur (Harimohan)", "filerRelation": "Promoter", "moneyText": "", "startDate": "2019-03-15", "ownership": "D"}, {"maxAge": 1, "shares": 23825, "filerUrl": "", "transactionText": "", "filerName": "Bangur (Harimohan)", "filerRelation": "Promoter", "moneyText": "", "startDate": "2019-03-15", "ownership": "D"}, {"maxAge": 1, "shares": 120000, "filerUrl": "", "transactionText": "", "filerName": "Bangur (Benu Gopal)", "filerRelation": "Non Executive Chairman", "moneyText": "", "startDate": "2019-03-02", "ownership": "D"}, {"maxAge": 1, "shares": 100000, "filerUrl": "", "transactionText": "", "filerName": "Bangur (Prashant)", "filerRelation": "Joint Managing director", "moneyText": "", "startDate": "2019-03-02", "ownership": "D"}, {"maxAge": 1, "shares": 20000, "filerUrl": "", "transactionText": "", "filerName": "Bangur (Ranu)", "filerRelation": "Promoter", "moneyText": "", "startDate": "2019-03-02", "ownership": "D"}, {"maxAge": 1, "shares": 93800, "filerUrl": "", "transactionText": "", "filerName": "Bangur (Benu Gopal)", "filerRelation": "Chairman of the Board", "moneyText": "", "startDate": "2018-03-20", "ownership": "D"}, {"maxAge": 1, "shares": 93800, "filerUrl": "", "transactionText": "", "filerName": "Bangur (Prashant)", "filerRelation": "President", "moneyText": "", "startDate": "2018-03-20", "ownership": "D"}, {"maxAge": 1, "shares": 100000, "filerUrl": "", "transactionText": "", "filerName": "Laxmi Salt Company Ltd", "filerRelation": "Promoter", "moneyText": "", "startDate": "2016-09-28", "ownership": "D"}, {"maxAge": 1, "shares": 100000, "filerUrl": "", "transactionText": "", "filerName": "Asish Creations Pvt. Ltd.", "filerRelation": "Promoter", "moneyText": "", "startDate": "2016-09-28", "ownership": "D"}, {"maxAge": 1, "shares": 24600, "filerUrl": "", "transactionText": "", "filerName": "Asish Creations Pvt. Ltd.", "filerRelation": "Promoter", "moneyText": "", "startDate": "2016-09-22", "ownership": "D"}, {"maxAge": 1, "shares": 24600, "filerUrl": "", "transactionText": "", "filerName": "Laxmi Salt Company Ltd", "filerRelation": "Promoter", "moneyText": "", "startDate": "2016-09-22", "ownership": "D"}, {"maxAge": 1, "shares": 25, "filerUrl": "", "transactionText": "", "filerName": "Sharma (Ramakant)", "filerRelation": "Director", "moneyText": "", "startDate": "2013-12-27", "ownership": "D"}, {"maxAge": 1, "shares": 200, "filerUrl": "", "transactionText": "", "filerName": "Maheshwari (Padma Devi)", "filerRelation": "Promoter", "moneyText": "", "startDate": "2013-11-18", "ownership": "D"}, {"maxAge": 1, "shares": 20000, "filerUrl": "", "transactionText": "", "filerName": "Bangur (Ranu)", "filerRelation": "UNREPORTED", "moneyText": "", "startDate": "2013-08-29", "ownership": "D"}, {"maxAge": 1, "shares": 20000, "filerUrl": "", "transactionText": "", "filerName": "Bangur (Harimohan)", "filerRelation": "Promoter", "moneyText": "", "startDate": "2013-08-29", "ownership": "D"}, {"maxAge": 1, "shares": 1000, "filerUrl": "", "transactionText": "", "filerName": "Jain (Riya Puja)", "filerRelation": "UNREPORTED", "moneyText": "", "startDate": "2012-08-14", "ownership": "D"}, {"maxAge": 1, "shares": 80, "filerUrl": "", "transactionText": "", "filerName": "Jain (Riya Puja)", "filerRelation": "UNREPORTED", "moneyText": "", "startDate": "2012-08-13", "ownership": "D"}, {"maxAge": 1, "shares": 466, "filerUrl": "", "transactionText": "", "filerName": "Jain (Riya Puja)", "filerRelation": "UNREPORTED", "moneyText": "", "startDate": "2012-08-10", "ownership": "D"}, {"maxAge": 1, "shares": 800, "filerUrl": "", "transactionText": "", "filerName": "Maheshwari (Padma Devi)", "filerRelation": "UNREPORTED", "moneyText": "", "startDate": "2012-08-10", "ownership": "D"}, {"maxAge": 1, "shares": 454, "filerUrl": "", "transactionText": "", "filerName": "Jain (Riya Puja)", "filerRelation": "UNREPORTED", "moneyText": "", "startDate": "2012-08-09", "ownership": "D"}, {"maxAge": 1, "shares": 1634, "filerUrl": "", "transactionText": "", "filerName": "Singhi (Mahendra Kumar)", "filerRelation": "Director", "moneyText": "", "startDate": "2010-07-21", "ownership": "D"}, {"maxAge": 1, "shares": 20000, "filerUrl": "", "transactionText": "", "filerName": "Bangur (Prashant)", "filerRelation": "President", "moneyText": "", "startDate": "2010-07-20", "ownership": "D"}, {"maxAge": 1, "shares": 100000, "filerUrl": "", "transactionText": "", "filerName": "Bangur (Benu Gopal)", "filerRelation": "Chairman of the Board", "moneyText": "", "startDate": "2010-07-20", "ownership": "D"}, {"maxAge": 1, "shares": 11062, "filerUrl": "", "transactionText": "", "filerName": "Bangur (Harimohan)", "filerRelation": "UNREPORTED", "moneyText": "", "startDate": "2010-07-01", "ownership": "D"}, {"maxAge": 1, "shares": 10000, "filerUrl": "", "transactionText": "", "filerName": "Bangur (Harimohan)", "filerRelation": "UNREPORTED", "moneyText": "", "startDate": "2010-06-30", "ownership": "D"}], "maxAge": 1}, "sectorTrend": {"maxAge": 1, "symbol": null, "estimates": []}, "incomeStatementHistoryQuarterly": {"incomeStatementHistory": [{"maxAge": 1, "endDate": "2020-06-30", "totalRevenue": 24801400000, "costOfRevenue": 6243000000, "grossProfit": 18558400000, "researchDevelopment": {}, "sellingGeneralAdministrative": 7866100000, "nonRecurring": {}, "otherOperatingExpenses": 3812800000, "totalOperatingExpenses": 20923400000, "operatingIncome": 3878000000, "totalOtherIncomeExpenseNet": 548500000, "ebit": 3878000000, "interestExpense": -715900000, "incomeBeforeTax": 4426500000, "incomeTaxExpense": 1123000000, "minorityInterest": {}, "netIncomeFromContinuingOps": 3303500000, "discontinuedOperations": {}, "extraordinaryItems": {}, "effectOfAccountingCharges": {}, "otherItems": {}, "netIncome": 3296000000, "netIncomeApplicableToCommonShares": 3296000000}, {"maxAge": 1, "endDate": "2020-03-31", "totalRevenue": 34151400000, "costOfRevenue": 12235500000, "grossProfit": 21915900000, "researchDevelopment": {}, "sellingGeneralAdministrative": 9388000000, "nonRecurring": {}, "otherOperatingExpenses": 1918500000, "totalOperatingExpenses": 28188700000, "operatingIncome": 5962700000, "totalOtherIncomeExpenseNet": 200900000, "ebit": 5962700000, "interestExpense": -705600000, "incomeBeforeTax": 6163600000, "incomeTaxExpense": 797100000, "minorityInterest": 688100000, "netIncomeFromContinuingOps": 5366500000, "discontinuedOperations": {}, "extraordinaryItems": {}, "effectOfAccountingCharges": {}, "otherItems": {}, "netIncome": 5359300000, "netIncomeApplicableToCommonShares": 5359300000}, {"maxAge": 1, "endDate": "2019-12-31", "totalRevenue": 31460100000, "costOfRevenue": 9242800000, "grossProfit": 22217300000, "researchDevelopment": {}, "sellingGeneralAdministrative": 8795000000, "nonRecurring": {}, "otherOperatingExpenses": 4626400000, "totalOperatingExpenses": 27264600000, "operatingIncome": 4195500000, "totalOtherIncomeExpenseNet": -97900000, "ebit": 4195500000, "interestExpense": -754300000, "incomeBeforeTax": 4097600000, "incomeTaxExpense": 979300000, "minorityInterest": 688100000, "netIncomeFromContinuingOps": 3118300000, "discontinuedOperations": {}, "extraordinaryItems": {}, "effectOfAccountingCharges": {}, "otherItems": {}, "netIncome": 3096300000, "netIncomeApplicableToCommonShares": 3096300000}, {"maxAge": 1, "endDate": "2019-09-30", "totalRevenue": 30044500000, "costOfRevenue": 8414900000, "grossProfit": 21629600000, "researchDevelopment": {}, "sellingGeneralAdministrative": 8064500000, "nonRecurring": {}, "otherOperatingExpenses": 4812500000, "totalOperatingExpenses": 25839900000, "operatingIncome": 4204600000, "totalOtherIncomeExpenseNet": -143600000, "ebit": 4204600000, "interestExpense": -716000000, "incomeBeforeTax": 4061000000, "incomeTaxExpense": 928000000, "minorityInterest": 629600000, "netIncomeFromContinuingOps": 3133000000, "discontinuedOperations": {}, "extraordinaryItems": {}, "effectOfAccountingCharges": {}, "otherItems": {}, "netIncome": 3106200000, "netIncomeApplicableToCommonShares": 3106200000}], "maxAge": 86400}, "cashflowStatementHistoryQuarterly": {"cashflowStatements": [{"maxAge": 1, "endDate": "2020-06-30", "netIncome": 3296000000, "changeToLiabilities": 0}, {"maxAge": 1, "endDate": "2020-03-31", "netIncome": 5359300000, "changeToLiabilities": 0}, {"maxAge": 1, "endDate": "2019-12-31", "netIncome": 3096300000, "changeToLiabilities": 0}, {"maxAge": 1, "endDate": "2019-09-30", "netIncome": 3106200000, "changeToLiabilities": 0}], "maxAge": 86400}, "earnings": {"maxAge": 86400, "earningsChart": {"quarterly": [{"date": "2Q2017", "actual": 126.33, "estimate": 105.23}, {"date": "3Q2017", "actual": 60.71, "estimate": 81.1}, {"date": "4Q2017", "actual": 95.68, "estimate": 92.85}, {"date": "1Q2018", "actual": 114.6, "estimate": 96.43}], "currentQuarterEstimate": 113.08, "currentQuarterEstimateDate": "2Q", "currentQuarterEstimateYear": 2018, "earningsDate": []}, "financialsChart": {"yearly": [{"date": 2017, "revenue": 85943000000, "earnings": 13390800000}, {"date": 2018, "revenue": 98331000000, "earnings": 13841500000}, {"date": 2019, "revenue": 125546500000, "earnings": 10063900000}, {"date": 2020, "revenue": 128683900000, "earnings": 15358500000}], "quarterly": [{"date": "3Q2019", "revenue": 30044500000, "earnings": 3106200000}, {"date": "4Q2019", "revenue": 31460100000, "earnings": 3096300000}, {"date": "1Q2020", "revenue": 34151400000, "earnings": 5359300000}, {"date": "2Q2020", "revenue": 24801400000, "earnings": 3296000000}]}, "financialCurrency": "INR"}, "financialData": {"maxAge": 86400, "currentPrice": 27907.05, "targetHighPrice": 24318.0, "targetLowPrice": 11119.0, "targetMeanPrice": 17978.7, "targetMedianPrice": 18600.0, "recommendationMean": 2.5, "recommendationKey": "buy", "numberOfAnalystOpinions": 35, "grossProfits": 88770600000, "financialCurrency": "INR"}}}