{"SHREYAS.NS": {"assetProfile": {"address1": "D-301-305, Tower II", "address2": "Level 3 Seawoods Grand Central, Plot No. R1 Sector-40, Nerul Node", "city": "Navi Mumbai", "zip": "400706", "country": "India", "phone": "91 22 6811 0300", "fax": "91 22 6811 0333", "website": "http://www.transworld.com/shreyas-shipping-and-logistics.html", "industry": "Marine Shipping", "sector": "Industrials", "longBusinessSummary": "Shreyas Shipping and Logistics Limited, a shipping company, provides coastal container shipping and transshipment services in India, and internationally. The company's services include movement of cargo in containerized form between Indian ports; collection of cargo from various ports in India and feeding cargo at the transshipment hubs; multimodal logistics; and break bulk cargo services. It also operates a direct EXIM route covering Krishnapatnam, Kattupalli, Tuticorin, Cochin, Kandla, and Jebel Ali ports. As of March 31, 2020, it owned and operated a fleet of 12 vessels with a total capacity of 22,794 TEUs; 2,44,919 GRT; and 3,12,016 DWT. The company was incorporated in 1988 and is headquartered in Mumbai, India. Shreyas Shipping and Logistics Limited is a subsidiary of Transworld Holdings Limited.", "fullTimeEmployees": 43, "companyOfficers": [{"maxAge": 1, "name": "Mr. Ramesh Sivaswamy Iyer Ramakrishnan", "age": 59, "title": "Exec. Chairman", "yearBorn": 1961, "fiscalYear": 2020, "totalPay": 26587000, "exercisedValue": 0, "unexercisedValue": 0}, {"maxAge": 1, "name": "Captain Vivek Kumar Singh M.D.", "age": 62, "title": "MD & Exec. Director", "yearBorn": 1958, "fiscalYear": 2020, "totalPay": 10620000, "exercisedValue": 0, "unexercisedValue": 0}, {"maxAge": 1, "name": "Mr. Rajesh  Desai", "title": "Chief Financial Officer", "fiscalYear": 2020, "totalPay": 5600000, "exercisedValue": 0, "unexercisedValue": 0}, {"maxAge": 1, "name": "Mr. Harshit  Garg", "title": "Company Sec. & Compliance Officer", "fiscalYear": 2020, "totalPay": 1240000, "exercisedValue": 0, "unexercisedValue": 0}, {"maxAge": 1, "name": "Captain Rakesh  Prasad", "title": "Pres", "exercisedValue": 0, "unexercisedValue": 0}, {"maxAge": 1, "name": "Captain Ashish  Chauhan", "title": "Chief Operating Officer", "exercisedValue": 0, "unexercisedValue": 0}, {"maxAge": 1, "name": "Ms. Deeplakshmi  Joshi", "title": "Chief Commercial Officer", "exercisedValue": 0, "unexercisedValue": 0}, {"maxAge": 1, "name": "Ms. Rajna  Ganesh", "title": "Chief Financial Officer of Shreyas Relay Systems Limited and VP of Strategy of Shreyas", "exercisedValue": 0, "unexercisedValue": 0}], "compensationAsOfEpochDate": "2020-12-31 05:30:00", "maxAge": 86400}, "recommendationTrend": {"trend": [{"period": "0m", "strongBuy": 0, "buy": 0, "hold": 0, "sell": 0, "strongSell": 0}, {"period": "-1m", "strongBuy": 0, "buy": 0, "hold": 0, "sell": 0, "strongSell": 0}, {"period": "-2m", "strongBuy": 0, "buy": 0, "hold": 0, "sell": 0, "strongSell": 0}, {"period": "-3m", "strongBuy": 0, "buy": 0, "hold": 0, "sell": 0, "strongSell": 0}], "maxAge": 86400}, "cashflowStatementHistory": {"cashflowStatements": [{"maxAge": 1, "endDate": "2020-03-31", "netIncome": -661400000, "depreciation": 179200000, "changeToNetincome": 849700000, "changeToAccountReceivables": -86100000, "changeToLiabilities": -6800000, "changeToInventory": 87600000, "changeToOperatingActivities": 213700000, "totalCashFromOperatingActivities": 575900000, "capitalExpenditures": -267100000, "investments": 134600000, "otherCashflowsFromInvestingActivities": -59700000, "totalCashflowsFromInvestingActivities": 56800000, "dividendsPaid": -31900000, "netBorrowings": -441200000, "otherCashflowsFromFinancingActivities": -193800000, "totalCashFromFinancingActivities": -666900000, "changeInCash": -34200000}, {"maxAge": 1, "endDate": "2019-03-31", "netIncome": 297700000, "depreciation": 208700000, "changeToNetincome": 170300000, "changeToAccountReceivables": -90200000, "changeToLiabilities": 101800000, "changeToInventory": -13500000, "changeToOperatingActivities": -82000000, "totalCashFromOperatingActivities": 592800000, "capitalExpenditures": -703400000, "investments": 131500000, "otherCashflowsFromInvestingActivities": 10800000, "totalCashflowsFromInvestingActivities": -561100000, "dividendsPaid": -39500000, "netBorrowings": 211700000, "otherCashflowsFromFinancingActivities": -188200000, "totalCashFromFinancingActivities": -16000000, "changeInCash": 15700000}, {"maxAge": 1, "endDate": "2018-03-31", "netIncome": 920400000, "depreciation": 190200000, "changeToNetincome": -55200000, "changeToAccountReceivables": -496500000, "changeToLiabilities": 134600000, "changeToInventory": -95800000, "changeToOperatingActivities": -12100000, "totalCashFromOperatingActivities": 585600000, "capitalExpenditures": -1519400000, "investments": 193900000, "otherCashflowsFromInvestingActivities": 2500000, "totalCashflowsFromInvestingActivities": -1241900000, "dividendsPaid": -26000000, "netBorrowings": 774800000, "otherCashflowsFromFinancingActivities": -117900000, "totalCashFromFinancingActivities": 630900000, "changeInCash": -25400000}, {"maxAge": 1, "endDate": "2017-03-31", "netIncome": 1060700000, "depreciation": 208800000, "changeToNetincome": -947000000, "changeToAccountReceivables": -554200000, "changeToLiabilities": 587700000, "changeToInventory": -26800000, "changeToOperatingActivities": -39100000, "totalCashFromOperatingActivities": 290300000, "capitalExpenditures": -717400000, "investments": 235300000, "otherCashflowsFromInvestingActivities": -22200000, "totalCashflowsFromInvestingActivities": -121400000, "dividendsPaid": -33900000, "netBorrowings": 43700000, "otherCashflowsFromFinancingActivities": -146300000, "totalCashFromFinancingActivities": -136500000, "changeInCash": 32500000}], "maxAge": 86400}, "indexTrend": {"maxAge": 1, "symbol": "SP5", "peRatio": 19.7411, "pegRatio": 1.34172, "estimates": [{"period": "0q", "growth": 0.549}, {"period": "+1q", "growth": 0.431}, {"period": "0y", "growth": 0.305}, {"period": "+1y", "growth": 0.109}, {"period": "+5y", "growth": 0.120865}, {"period": "-5y"}]}, "defaultKeyStatistics": {"maxAge": 1, "priceHint": 2, "enterpriseValue": 4105772288, "profitMargins": -0.115229994, "floatShares": 5991754, "sharesOutstanding": 21957500, "heldPercentInsiders": 0.72890997, "heldPercentInstitutions": 0.0, "beta": 0.873445, "category": null, "bookValue": 170.856, "priceToBook": 0.47408342, "fundFamily": null, "legalType": null, "lastFiscalYearEnd": "2020-03-31 05:30:00", "nextFiscalYearEnd": "2022-03-31 05:30:00", "mostRecentQuarter": "2020-12-31 05:30:00", "earningsQuarterlyGrowth": 0.475, "netIncomeToCommon": -634300032, "trailingEps": -28.873, "lastSplitFactor": null, "enterpriseToRevenue": 0.746, "enterpriseToEbitda": 9.629}, "industryTrend": {"maxAge": 1, "symbol": null, "estimates": []}, "quoteType": {"exchange": "NSI", "quoteType": "EQUITY", "symbol": "SHREYAS.NS", "underlyingSymbol": "SHREYAS.NS", "shortName": "SHREYAS SHIP & LO", "longName": "Shreyas Shipping and Logistics Limited", "firstTradeDateEpochUtc": "2002-07-01 09:15:00", "timeZoneFullName": "Asia/Kolkata", "timeZoneShortName": "IST", "uuid": "91dc8fd6-f744-3730-b5a5-48b0388b3414", "gmtOffSetMilliseconds": 19800000, "maxAge": 1}, "incomeStatementHistory": {"incomeStatementHistory": [{"maxAge": 1, "endDate": "2020-03-31", "totalRevenue": 6124600000, "costOfRevenue": 5197700000, "grossProfit": 926900000, "researchDevelopment": {}, "sellingGeneralAdministrative": 7200000, "nonRecurring": {}, "otherOperatingExpenses": 416800000, "totalOperatingExpenses": 5800900000, "operatingIncome": 323700000, "totalOtherIncomeExpenseNet": -1174600000, "ebit": 323700000, "interestExpense": -165500000, "incomeBeforeTax": -850900000, "incomeTaxExpense": -189500000, "minorityInterest": {}, "netIncomeFromContinuingOps": -661400000, "discontinuedOperations": {}, "extraordinaryItems": {}, "effectOfAccountingCharges": {}, "otherItems": {}, "netIncome": -661400000, "netIncomeApplicableToCommonShares": -661400000}, {"maxAge": 1, "endDate": "2019-03-31", "totalRevenue": 6247900000, "costOfRevenue": 5114000000, "grossProfit": 1133900000, "researchDevelopment": {}, "sellingGeneralAdministrative": 12300000, "nonRecurring": {}, "otherOperatingExpenses": 410600000, "totalOperatingExpenses": 5745600000, "operatingIncome": 502300000, "totalOtherIncomeExpenseNet": -201100000, "ebit": 502300000, "interestExpense": -172400000, "incomeBeforeTax": 301200000, "incomeTaxExpense": 3500000, "minorityInterest": {}, "netIncomeFromContinuingOps": 297700000, "discontinuedOperations": {}, "extraordinaryItems": {}, "effectOfAccountingCharges": {}, "otherItems": {}, "netIncome": 297700000, "netIncomeApplicableToCommonShares": 297700000}, {"maxAge": 1, "endDate": "2018-03-31", "totalRevenue": 5405900000, "costOfRevenue": 3911600000, "grossProfit": 1494300000, "researchDevelopment": {}, "sellingGeneralAdministrative": 10600000, "nonRecurring": {}, "otherOperatingExpenses": 367100000, "totalOperatingExpenses": 4479500000, "operatingIncome": 926400000, "totalOtherIncomeExpenseNet": 37100000, "ebit": 926400000, "interestExpense": -125500000, "incomeBeforeTax": 963500000, "incomeTaxExpense": 43100000, "minorityInterest": {}, "netIncomeFromContinuingOps": 920400000, "discontinuedOperations": {}, "extraordinaryItems": {}, "effectOfAccountingCharges": {}, "otherItems": {}, "netIncome": 920400000, "netIncomeApplicableToCommonShares": 920400000}, {"maxAge": 1, "endDate": "2017-03-31", "totalRevenue": 7176000000, "costOfRevenue": 3320100000, "grossProfit": 3855900000, "researchDevelopment": {}, "sellingGeneralAdministrative": 290400000, "nonRecurring": {}, "otherOperatingExpenses": 2887500000, "totalOperatingExpenses": 6715200000, "operatingIncome": 460800000, "totalOtherIncomeExpenseNet": 914400000, "ebit": 460800000, "interestExpense": -146200000, "incomeBeforeTax": 1375200000, "incomeTaxExpense": 314500000, "minorityInterest": {}, "netIncomeFromContinuingOps": 1060700000, "discontinuedOperations": {}, "extraordinaryItems": {}, "effectOfAccountingCharges": {}, "otherItems": {}, "netIncome": 1060700000, "netIncomeApplicableToCommonShares": 1060700000}], "maxAge": 86400}, "fundOwnership": {"ownershipList": [], "maxAge": 1}, "summaryDetail": {"maxAge": 1, "priceHint": 2, "previousClose": 79.1, "open": 78.85, "dayLow": 78.0, "dayHigh": 84.2, "regularMarketPreviousClose": 79.1, "regularMarketOpen": 78.85, "regularMarketDayLow": 78.0, "regularMarketDayHigh": 84.2, "exDividendDate": "2019-07-11 05:30:00", "payoutRatio": 0.0, "beta": 0.873445, "volume": 88899, "regularMarketVolume": 88899, "averageVolume": 107633, "averageVolume10days": 51418, "averageDailyVolume10Day": 51418, "bid": 0.0, "ask": 0.0, "bidSize": 0, "askSize": 0, "marketCap": 1780809344, "fiftyTwoWeekLow": 36.0, "fiftyTwoWeekHigh": 95.0, "priceToSalesTrailing12Months": 0.3235012, "fiftyDayAverage": 79.28529, "twoHundredDayAverage": 68.36383, "trailingAnnualDividendRate": 1.2, "trailingAnnualDividendYield": 0.015170671, "currency": "INR", "fromCurrency": null, "lastMarket": null, "algorithm": null, "tradeable": false}, "insiderHolders": {"holders": [{"maxAge": 1, "name": "Culas (Leonard Basil)", "relation": "Promoter", "url": "", "transactionDescription": "Disposition", "latestTransDate": "2014-11-20", "positionDirect": 120845, "positionDirectDate": "2014-11-20"}, {"maxAge": 1, "name": "Mahesh (Mala)", "relation": "UNREPORTED", "url": "", "transactionDescription": "Gift", "latestTransDate": "2018-07-02", "positionDirect": 0, "positionDirectDate": "2018-07-02"}, {"maxAge": 1, "name": "Mahesh (Murli)", "relation": "UNREPORTED", "url": "", "transactionDescription": "Gift", "latestTransDate": "2018-05-29", "positionDirect": 0, "positionDirectDate": "2018-05-29"}, {"maxAge": 1, "name": "Ramakrishnan (Anisha Valli)", "relation": "Promoter", "url": "", "transactionDescription": "Other", "latestTransDate": "2017-12-07", "positionDirect": 717325, "positionDirectDate": "2017-12-07"}, {"maxAge": 1, "name": "Ramakrishnan (Geetha)", "relation": "UNREPORTED", "url": "", "transactionDescription": "Gift", "latestTransDate": "2018-07-02", "positionDirect": 216750, "positionDirectDate": "2018-07-02"}, {"maxAge": 1, "name": "Sivaswamy (Mahesh)", "relation": "Promoter", "url": "", "transactionDescription": "Gift", "latestTransDate": "2018-07-02", "positionDirect": 0, "positionDirectDate": "2018-07-02"}, {"maxAge": 1, "name": "Subramanian (Abhinav Kumar)", "relation": "Promoter", "url": "", "transactionDescription": "Other", "latestTransDate": "2017-12-20", "positionDirect": 125600, "positionDirectDate": "2017-12-20"}, {"maxAge": 1, "name": "Subramanian (Lakshmi Kumar)", "relation": "Promoter", "url": "", "transactionDescription": "Acquisition", "latestTransDate": "2021-01-19", "positionDirect": 450000, "positionDirectDate": "2021-01-19"}, {"maxAge": 1, "name": "Subramanian (Shiv Kumar)", "relation": "Promoter", "url": "", "transactionDescription": "Other", "latestTransDate": "2017-12-20", "positionDirect": 125000, "positionDirectDate": "2017-12-20"}], "maxAge": 1}, "calendarEvents": {"maxAge": 1, "earnings": {"earningsDate": ["2018-08-13 05:30:S", "2018-08-17 05:30:S"]}, "exDividendDate": "2019-07-11 05:30:00"}, "upgradeDowngradeHistory": {"history": [], "maxAge": 86400}, "price": {"maxAge": 1, "regularMarketChangePercent": 0.024020247, "regularMarketChange": 1.9000015, "regularMarketTime": "2021-04-30 15:29:44", "priceHint": 2, "regularMarketPrice": 81.0, "regularMarketDayHigh": 84.2, "regularMarketDayLow": 78.0, "regularMarketVolume": 88899, "averageDailyVolume10Day": 51418, "averageDailyVolume3Month": 107633, "regularMarketPreviousClose": 79.1, "regularMarketSource": "FREE_REALTIME", "regularMarketOpen": 78.85, "exchange": "NSI", "exchangeName": "NSE", "exchangeDataDelayedBy": 15, "marketState": "CLOSED", "quoteType": "EQUITY", "symbol": "SHREYAS.NS", "underlyingSymbol": null, "shortName": "SHREYAS SHIP & LO", "longName": "Shreyas Shipping and Logistics Limited", "currency": "INR", "quoteSourceName": "Delayed Quote", "currencySymbol": "\u20b9", "fromCurrency": null, "lastMarket": null, "marketCap": 1780809344}, "balanceSheetHistory": {"balanceSheetStatements": [{"maxAge": 1, "endDate": "2020-03-31", "cash": 53800000, "shortTermInvestments": 102500000, "netReceivables": 1723800000, "inventory": 130000000, "otherCurrentAssets": 352700000, "totalCurrentAssets": 2362800000, "longTermInvestments": 567000000, "propertyPlantEquipment": 3996500000, "intangibleAssets": 10200000, "otherAssets": 302500000, "totalAssets": 7239000000, "accountsPayable": 606200000, "shortLongTermDebt": 746000000, "otherCurrentLiab": 69600000, "longTermDebt": 1099400000, "otherLiab": 100400000, "totalCurrentLiabilities": 2335400000, "totalLiab": 3535200000, "commonStock": 219600000, "retainedEarnings": 3138000000, "treasuryStock": -36100000, "capitalSurplus": 382300000, "otherStockholderEquity": -36100000, "totalStockholderEquity": 3703800000, "netTangibleAssets": 3693600000}, {"maxAge": 1, "endDate": "2019-03-31", "cash": 88000000, "shortTermInvestments": 10900000, "netReceivables": 1959600000, "inventory": 227800000, "otherCurrentAssets": 233600000, "totalCurrentAssets": 2524400000, "longTermInvestments": 1620100000, "propertyPlantEquipment": 4121700000, "intangibleAssets": 2700000, "otherAssets": 259500000, "totalAssets": 8528400000, "accountsPayable": 620700000, "shortLongTermDebt": 511300000, "otherCurrentLiab": 83200000, "longTermDebt": 1726000000, "otherLiab": 290600000, "totalCurrentLiabilities": 2073900000, "totalLiab": 4090500000, "commonStock": 219600000, "retainedEarnings": 3832700000, "treasuryStock": 3300000, "capitalSurplus": 382300000, "otherStockholderEquity": 3300000, "totalStockholderEquity": 4437900000, "netTangibleAssets": 4435200000}, {"maxAge": 1, "endDate": "2018-03-31", "cash": 72300000, "shortTermInvestments": 1700000, "netReceivables": 1469700000, "inventory": 227100000, "otherCurrentAssets": 210400000, "totalCurrentAssets": 2059400000, "longTermInvestments": 1696600000, "propertyPlantEquipment": 3843800000, "otherAssets": 206900000, "totalAssets": 7806700000, "accountsPayable": 518900000, "shortLongTermDebt": 426300000, "otherCurrentLiab": 67700000, "longTermDebt": 1733700000, "otherLiab": 291600000, "totalCurrentLiabilities": 1557400000, "totalLiab": 3582700000, "commonStock": 219600000, "retainedEarnings": 3580300000, "treasuryStock": 41800000, "capitalSurplus": 382300000, "otherStockholderEquity": 41800000, "totalStockholderEquity": 4224000000, "netTangibleAssets": 4224000000}, {"maxAge": 1, "endDate": "2017-03-31", "cash": 97700000, "shortTermInvestments": 4300000, "netReceivables": 959100000, "inventory": 131300000, "otherCurrentAssets": 240200000, "totalCurrentAssets": 1505100000, "longTermInvestments": 1735700000, "propertyPlantEquipment": 2632700000, "otherAssets": 141600000, "totalAssets": 6015100000, "accountsPayable": 388400000, "shortLongTermDebt": 278200000, "otherCurrentLiab": 116700000, "longTermDebt": 1136700000, "otherLiab": 332800000, "totalCurrentLiabilities": 1212600000, "totalLiab": 2682100000, "commonStock": 219600000, "retainedEarnings": 2676300000, "treasuryStock": 54800000, "capitalSurplus": 382300000, "otherStockholderEquity": 54800000, "totalStockholderEquity": 3333000000, "netTangibleAssets": 3333000000}], "maxAge": 86400}, "earningsTrend": {"trend": [{"maxAge": 1, "period": "0q", "endDate": null, "growth": {}, "earningsEstimate": {"avg": 0.0, "low": 0.0, "high": 0.0, "yearAgoEps": {}, "numberOfAnalysts": 0, "growth": {}}, "revenueEstimate": {"avg": 0, "low": 0, "high": 0, "numberOfAnalysts": 0, "yearAgoRevenue": {}, "growth": {}}, "epsTrend": {"current": 0.0, "7daysAgo": 0.0, "30daysAgo": 0.0, "60daysAgo": 0.0, "90daysAgo": 0.0}, "epsRevisions": {"upLast7days": 0, "upLast30days": 0, "downLast30days": 0, "downLast90days": {}}}, {"maxAge": 1, "period": "+1q", "endDate": null, "growth": {}, "earningsEstimate": {"avg": 0.0, "low": 0.0, "high": 0.0, "yearAgoEps": {}, "numberOfAnalysts": 0, "growth": {}}, "revenueEstimate": {"avg": 0, "low": 0, "high": 0, "numberOfAnalysts": 0, "yearAgoRevenue": {}, "growth": {}}, "epsTrend": {"current": 0.0, "7daysAgo": 0.0, "30daysAgo": 0.0, "60daysAgo": 0.0, "90daysAgo": 0.0}, "epsRevisions": {"upLast7days": 0, "upLast30days": 0, "downLast30days": 0, "downLast90days": {}}}, {"maxAge": 1, "period": "0y", "endDate": null, "growth": {}, "earningsEstimate": {"avg": 0.0, "low": 0.0, "high": 0.0, "yearAgoEps": {}, "numberOfAnalysts": 0, "growth": {}}, "revenueEstimate": {"avg": 0, "low": 0, "high": 0, "numberOfAnalysts": 0, "yearAgoRevenue": {}, "growth": {}}, "epsTrend": {"current": 0.0, "7daysAgo": 0.0, "30daysAgo": 0.0, "60daysAgo": 0.0, "90daysAgo": 0.0}, "epsRevisions": {"upLast7days": 0, "upLast30days": 0, "downLast30days": 0, "downLast90days": {}}}, {"maxAge": 1, "period": "+1y", "endDate": null, "growth": {}, "earningsEstimate": {"avg": 0.0, "low": 0.0, "high": 0.0, "yearAgoEps": {}, "numberOfAnalysts": 0, "growth": {}}, "revenueEstimate": {"avg": 0, "low": 0, "high": 0, "numberOfAnalysts": 0, "yearAgoRevenue": {}, "growth": {}}, "epsTrend": {"current": 0.0, "7daysAgo": 0.0, "30daysAgo": 0.0, "60daysAgo": 0.0, "90daysAgo": 0.0}, "epsRevisions": {"upLast7days": 0, "upLast30days": 0, "downLast30days": 0, "downLast90days": {}}}, {"maxAge": 1, "period": "+5y", "endDate": null, "growth": {}, "earningsEstimate": {"avg": {}, "low": {}, "high": {}, "yearAgoEps": {}, "numberOfAnalysts": {}, "growth": {}}, "revenueEstimate": {"avg": {}, "low": {}, "high": {}, "numberOfAnalysts": {}, "yearAgoRevenue": {}, "growth": {}}, "epsTrend": {"current": {}, "7daysAgo": {}, "30daysAgo": {}, "60daysAgo": {}, "90daysAgo": {}}, "epsRevisions": {"upLast7days": {}, "upLast30days": {}, "downLast30days": {}, "downLast90days": {}}}, {"maxAge": 1, "period": "-5y", "endDate": null, "growth": {}, "earningsEstimate": {"avg": {}, "low": {}, "high": {}, "yearAgoEps": {}, "numberOfAnalysts": {}, "growth": {}}, "revenueEstimate": {"avg": {}, "low": {}, "high": {}, "numberOfAnalysts": {}, "yearAgoRevenue": {}, "growth": {}}, "epsTrend": {"current": {}, "7daysAgo": {}, "30daysAgo": {}, "60daysAgo": {}, "90daysAgo": {}}, "epsRevisions": {"upLast7days": {}, "upLast30days": {}, "downLast30days": {}, "downLast90days": {}}}], "maxAge": 1}, "institutionOwnership": {"ownershipList": [], "maxAge": 1}, "majorHoldersBreakdown": {"maxAge": 1, "insidersPercentHeld": 0.72890997, "institutionsPercentHeld": 0.0, "institutionsFloatPercentHeld": 0.0, "institutionsCount": 0}, "balanceSheetHistoryQuarterly": {"balanceSheetStatements": [{"maxAge": 1, "endDate": "2020-12-31", "totalStockholderEquity": 3752800000, "netTangibleAssets": 3735400000}, {"maxAge": 1, "endDate": "2020-09-30", "cash": 167800000, "shortTermInvestments": 55600000, "netReceivables": 1498500000, "inventory": 196700000, "otherCurrentAssets": 547400000, "totalCurrentAssets": 2466000000, "longTermInvestments": 580900000, "propertyPlantEquipment": 3897300000, "intangibleAssets": 17400000, "otherAssets": 221400000, "totalAssets": 7183000000, "accountsPayable": 665800000, "shortLongTermDebt": 904500000, "otherCurrentLiab": 61800000, "longTermDebt": 901500000, "otherLiab": 101800000, "totalCurrentLiabilities": 2426900000, "totalLiab": 3430200000, "commonStock": 219600000, "treasuryStock": 3533200000, "otherStockholderEquity": 3533200000, "totalStockholderEquity": 3752800000, "netTangibleAssets": 3735400000}, {"maxAge": 1, "endDate": "2020-06-30", "totalStockholderEquity": 3703800000, "netTangibleAssets": 3693600000}, {"maxAge": 1, "endDate": "2020-03-31", "cash": 53800000, "shortTermInvestments": 102500000, "netReceivables": 1723800000, "inventory": 130000000, "otherCurrentAssets": 352700000, "totalCurrentAssets": 2362800000, "longTermInvestments": 567000000, "propertyPlantEquipment": 3996500000, "intangibleAssets": 10200000, "otherAssets": 302500000, "totalAssets": 7239000000, "accountsPayable": 606200000, "shortLongTermDebt": 746000000, "otherCurrentLiab": 69600000, "longTermDebt": 1099400000, "otherLiab": 100400000, "totalCurrentLiabilities": 2335400000, "totalLiab": 3535200000, "commonStock": 219600000, "retainedEarnings": 3138000000, "treasuryStock": -36100000, "capitalSurplus": 382300000, "otherStockholderEquity": -36100000, "totalStockholderEquity": 3703800000, "netTangibleAssets": 3693600000}], "maxAge": 86400}, "earningsHistory": {"history": [{"maxAge": 1, "epsActual": {}, "epsEstimate": {}, "epsDifference": {}, "surprisePercent": {}, "quarter": {}, "period": "-4q"}, {"maxAge": 1, "epsActual": {}, "epsEstimate": {}, "epsDifference": {}, "surprisePercent": {}, "quarter": {}, "period": "-3q"}, {"maxAge": 1, "epsActual": {}, "epsEstimate": {}, "epsDifference": {}, "surprisePercent": {}, "quarter": {}, "period": "-2q"}, {"maxAge": 1, "epsActual": {}, "epsEstimate": {}, "epsDifference": {}, "surprisePercent": {}, "quarter": {}, "period": "-1q"}], "maxAge": 86400}, "summaryProfile": {"address1": "D-301-305, Tower II", "address2": "Level 3 Seawoods Grand Central, Plot No. R1 Sector-40, Nerul Node", "city": "Navi Mumbai", "zip": "400706", "country": "India", "phone": "91 22 6811 0300", "fax": "91 22 6811 0333", "website": "http://www.transworld.com/shreyas-shipping-and-logistics.html", "industry": "Marine Shipping", "sector": "Industrials", "longBusinessSummary": "Shreyas Shipping and Logistics Limited, a shipping company, provides coastal container shipping and transshipment services in India, and internationally. The company's services include movement of cargo in containerized form between Indian ports; collection of cargo from various ports in India and feeding cargo at the transshipment hubs; multimodal logistics; and break bulk cargo services. It also operates a direct EXIM route covering Krishnapatnam, Kattupalli, Tuticorin, Cochin, Kandla, and Jebel Ali ports. As of March 31, 2020, it owned and operated a fleet of 12 vessels with a total capacity of 22,794 TEUs; 2,44,919 GRT; and 3,12,016 DWT. The company was incorporated in 1988 and is headquartered in Mumbai, India. Shreyas Shipping and Logistics Limited is a subsidiary of Transworld Holdings Limited.", "fullTimeEmployees": 43, "companyOfficers": [], "maxAge": 86400}, "netSharePurchaseActivity": {"maxAge": 1, "period": "6m", "buyInfoCount": 0, "buyInfoShares": 0, "sellInfoCount": 0, "netInfoCount": 0, "netInfoShares": 0, "netPercentInsiderShares": 0.0, "totalInsiderShares": 16010884}, "insiderTransactions": {"transactions": [{"maxAge": 1, "shares": 250000, "filerUrl": "", "transactionText": "", "filerName": "Subramanian (Lakshmi Kumar)", "filerRelation": "Promoter", "moneyText": "", "startDate": "2021-01-19", "ownership": "D"}, {"maxAge": 1, "shares": 108375, "filerUrl": "", "transactionText": "", "filerName": "Ramakrishnan (Geetha)", "filerRelation": "UNREPORTED", "moneyText": "", "startDate": "2018-07-02", "ownership": "D"}, {"maxAge": 1, "shares": 1448175, "filerUrl": "", "transactionText": "", "filerName": "Sivaswamy (Mahesh)", "filerRelation": "Promoter", "moneyText": "", "startDate": "2018-07-02", "ownership": "D"}, {"maxAge": 1, "shares": 108375, "filerUrl": "", "transactionText": "", "filerName": "Mahesh (Mala)", "filerRelation": "UNREPORTED", "moneyText": "", "startDate": "2018-07-02", "ownership": "D"}, {"maxAge": 1, "shares": 1335700, "filerUrl": "", "transactionText": "", "filerName": "Sivaswamy (Mahesh)", "filerRelation": "UNREPORTED", "moneyText": "", "startDate": "2018-05-29", "ownership": "D"}, {"maxAge": 1, "shares": 168375, "filerUrl": "", "transactionText": "", "filerName": "Mahesh (Murli)", "filerRelation": "UNREPORTED", "moneyText": "", "startDate": "2018-05-29", "ownership": "D"}, {"maxAge": 1, "shares": 125000, "filerUrl": "", "transactionText": "", "filerName": "Subramanian (Abhinav Kumar)", "filerRelation": "Promoter", "moneyText": "", "startDate": "2017-12-20", "ownership": "D"}, {"maxAge": 1, "shares": 200000, "filerUrl": "", "transactionText": "", "filerName": "Subramanian (Lakshmi Kumar)", "filerRelation": "Promoter", "moneyText": "", "startDate": "2017-12-20", "ownership": "D"}, {"maxAge": 1, "shares": 125000, "filerUrl": "", "transactionText": "", "filerName": "Subramanian (Shiv Kumar)", "filerRelation": "Promoter", "moneyText": "", "startDate": "2017-12-20", "ownership": "D"}, {"maxAge": 1, "shares": 450000, "filerUrl": "", "transactionText": "", "filerName": "Ramakrishnan (Anisha Valli)", "filerRelation": "Promoter", "moneyText": "", "startDate": "2017-12-07", "ownership": "D"}, {"maxAge": 1, "shares": 10000, "filerUrl": "", "transactionText": "", "filerName": "Culas (Leonard Basil)", "filerRelation": "Promoter", "moneyText": "", "startDate": "2014-11-20", "ownership": "D"}], "maxAge": 1}, "sectorTrend": {"maxAge": 1, "symbol": null, "estimates": []}, "incomeStatementHistoryQuarterly": {"incomeStatementHistory": [{"maxAge": 1, "endDate": "2020-12-31", "totalRevenue": 1438600000, "costOfRevenue": 1120100000, "grossProfit": 318500000, "researchDevelopment": {}, "sellingGeneralAdministrative": {}, "nonRecurring": {}, "otherOperatingExpenses": 138900000, "totalOperatingExpenses": 1304600000, "operatingIncome": 134000000, "totalOtherIncomeExpenseNet": 5000000, "ebit": 134000000, "interestExpense": -45200000, "incomeBeforeTax": 139000000, "incomeTaxExpense": 11600000, "minorityInterest": {}, "netIncomeFromContinuingOps": 127400000, "discontinuedOperations": {}, "extraordinaryItems": {}, "effectOfAccountingCharges": {}, "otherItems": {}, "netIncome": 127400000, "netIncomeApplicableToCommonShares": 127400000}, {"maxAge": 1, "endDate": "2020-09-30", "totalRevenue": 1372900000, "costOfRevenue": 1061000000, "grossProfit": 311900000, "researchDevelopment": {}, "sellingGeneralAdministrative": {}, "nonRecurring": {}, "otherOperatingExpenses": 161300000, "totalOperatingExpenses": 1268500000, "operatingIncome": 104400000, "totalOtherIncomeExpenseNet": -2700000, "ebit": 104400000, "interestExpense": -42100000, "incomeBeforeTax": 101700000, "incomeTaxExpense": 2200000, "minorityInterest": {}, "netIncomeFromContinuingOps": 99500000, "discontinuedOperations": {}, "extraordinaryItems": {}, "effectOfAccountingCharges": {}, "otherItems": {}, "netIncome": 99500000, "netIncomeApplicableToCommonShares": 99500000}, {"maxAge": 1, "endDate": "2020-06-30", "totalRevenue": 1107200000, "costOfRevenue": 985600000, "grossProfit": 121600000, "researchDevelopment": {}, "sellingGeneralAdministrative": {}, "nonRecurring": {}, "otherOperatingExpenses": 112900000, "totalOperatingExpenses": 1143700000, "operatingIncome": -36500000, "totalOtherIncomeExpenseNet": -64300000, "ebit": -36500000, "interestExpense": -43300000, "incomeBeforeTax": -100800000, "incomeTaxExpense": -1800000, "minorityInterest": {}, "netIncomeFromContinuingOps": -99000000, "discontinuedOperations": {}, "extraordinaryItems": {}, "effectOfAccountingCharges": {}, "otherItems": {}, "netIncome": -99000000, "netIncomeApplicableToCommonShares": -99000000}, {"maxAge": 1, "endDate": "2020-03-31", "totalRevenue": 1586100000, "costOfRevenue": 1449200000, "grossProfit": 136900000, "researchDevelopment": {}, "sellingGeneralAdministrative": 7200000, "nonRecurring": {}, "otherOperatingExpenses": 5600000, "totalOperatingExpenses": 1518700000, "operatingIncome": 67400000, "totalOtherIncomeExpenseNet": -1020600000, "ebit": 67400000, "interestExpense": -21000000, "incomeBeforeTax": -953200000, "incomeTaxExpense": -191000000, "minorityInterest": {}, "netIncomeFromContinuingOps": -762200000, "discontinuedOperations": {}, "extraordinaryItems": {}, "effectOfAccountingCharges": {}, "otherItems": {}, "netIncome": -762200000, "netIncomeApplicableToCommonShares": -762200000}], "maxAge": 86400}, "cashflowStatementHistoryQuarterly": {"cashflowStatements": [{"maxAge": 1, "endDate": "2020-12-31", "netIncome": 127400000, "changeToLiabilities": 0}, {"maxAge": 1, "endDate": "2020-09-30", "netIncome": 99500000, "changeToLiabilities": 0}, {"maxAge": 1, "endDate": "2020-06-30", "netIncome": -99000000, "changeToLiabilities": 0}, {"maxAge": 1, "endDate": "2020-03-31", "netIncome": -762200000, "changeToLiabilities": 0}], "maxAge": 86400}, "earnings": {"maxAge": 86400, "earningsChart": {"quarterly": [], "earningsDate": ["2018-08-13 05:30:S", "2018-08-17 05:30:S"]}, "financialsChart": {"yearly": [{"date": 2017, "revenue": 7176000000, "earnings": 1060700000}, {"date": 2018, "revenue": 5405900000, "earnings": 920400000}, {"date": 2019, "revenue": 6247900000, "earnings": 297700000}, {"date": 2020, "revenue": 6124600000, "earnings": -661400000}], "quarterly": [{"date": "1Q2020", "revenue": 1586100000, "earnings": -762200000}, {"date": "2Q2020", "revenue": 1107200000, "earnings": -99000000}, {"date": "3Q2020", "revenue": 1372900000, "earnings": 99500000}, {"date": "4Q2020", "revenue": 1438600000, "earnings": 127400000}]}, "financialCurrency": "INR"}, "financialData": {"maxAge": 86400, "currentPrice": 81.0, "recommendationKey": "none", "totalCash": 223400000, "totalCashPerShare": 10.17, "ebitda": 426375008, "totalDebt": 2591699968, "totalRevenue": 5504799744, "debtToEquity": 69.06, "revenuePerShare": 250.572, "grossProfits": 926900000, "earningsGrowth": 0.476, "revenueGrowth": -0.06, "grossMargins": 0.16148001, "ebitdaMargins": 0.07745, "operatingMargins": 0.04892, "profitMargins": -0.115229994, "financialCurrency": "INR"}}}