{"SHREYANIND.NS": {"assetProfile": {"address1": "Chandigarh Road", "address2": "PO Sahabana Village-Bholapur", "city": "Ludhiana", "zip": "141123", "country": "India", "phone": "91 16 1268 5270", "fax": "91 16 1268 5270", "website": "http://www.shreyansgroup.com", "industry": "Paper & Paper Products", "sector": "Basic Materials", "longBusinessSummary": "Shreyans Industries Limited manufactures and sells writing and printing papers, and newsprint in India and internationally. The company offers a range of 44 GSM to 200 GSM paper products, such as high brightness, cream wove, colored, duplicating, surface sized printing, azure laid, maplitho, stamp, inland letter, postal envelope, offset, cover, super calendared, rail ticket, and super printing paper products. It serves publishers, copy manufacturers, job printers, various states text book boards, exporters of notebooks and diaries, printing and stationary department, railways, P&T departments, security press, etc. The company was formerly known as Shreyans Paper Mills Ltd. and changed its name to Shreyans Industries Limited in October 1992. Shreyans Industries Limited was founded in 1979 and is based in Ludhiana, India.", "fullTimeEmployees": 1350, "companyOfficers": [{"maxAge": 1, "name": "Mr. Rajneesh  Oswal", "age": 54, "title": "Chairman & MD", "yearBorn": 1966, "fiscalYear": 2020, "totalPay": 44782000, "exercisedValue": 0, "unexercisedValue": 0}, {"maxAge": 1, "name": "Mr. Anil  Kumar", "age": 70, "title": "CEO & Exec. Director", "yearBorn": 1950, "fiscalYear": 2020, "totalPay": 15025000, "exercisedValue": 0, "unexercisedValue": 0}, {"maxAge": 1, "name": "Mr. Vishal  Oswal", "age": 48, "title": "Vice Chairman & MD", "yearBorn": 1972, "fiscalYear": 2020, "totalPay": 44783000, "exercisedValue": 0, "unexercisedValue": 0}, {"maxAge": 1, "name": "Mr. Ashok Kumar Goyal", "age": 61, "title": "Pres", "yearBorn": 1959, "exercisedValue": 0, "unexercisedValue": 0}, {"maxAge": 1, "name": "Mr. Rakesh Kumar Mahajan", "title": "Chief Financial Officer", "exercisedValue": 0, "unexercisedValue": 0}, {"maxAge": 1, "name": "Ms. Ruchita Kumar Vij", "age": 33, "title": "Compliance Officer & Sec.", "yearBorn": 1987, "exercisedValue": 0, "unexercisedValue": 0}, {"maxAge": 1, "name": "Mr. Kunal  Oswal", "age": 46, "title": "Whole Time Director", "yearBorn": 1974, "fiscalYear": 2020, "totalPay": 2852000, "exercisedValue": 0, "unexercisedValue": 0}, {"maxAge": 1, "name": "Mr. Arun Kumar Kapoor", "age": 62, "title": "Sr. VP", "yearBorn": 1958, "exercisedValue": 0, "unexercisedValue": 0}, {"maxAge": 1, "name": "Mr. Jagdeesa  Panchami", "age": 77, "title": "VP", "yearBorn": 1943, "exercisedValue": 0, "unexercisedValue": 0}, {"maxAge": 1, "name": "Vijay Kumar Singla", "age": 61, "title": "VP", "yearBorn": 1959, "exercisedValue": 0, "unexercisedValue": 0}], "compensationAsOfEpochDate": "2020-12-31 05:30:00", "maxAge": 86400}, "recommendationTrend": {"trend": [{"period": "0m", "strongBuy": 0, "buy": 0, "hold": 0, "sell": 0, "strongSell": 0}, {"period": "-1m", "strongBuy": 0, "buy": 0, "hold": 0, "sell": 0, "strongSell": 0}, {"period": "-2m", "strongBuy": 0, "buy": 0, "hold": 0, "sell": 0, "strongSell": 0}, {"period": "-3m", "strongBuy": 0, "buy": 0, "hold": 0, "sell": 0, "strongSell": 0}], "maxAge": 86400}, "cashflowStatementHistory": {"cashflowStatements": [{"maxAge": 1, "endDate": "2020-03-31", "netIncome": 319611000, "depreciation": 105256000, "changeToNetincome": 7481000, "changeToAccountReceivables": 112884000, "changeToLiabilities": 27915000, "changeToInventory": -15114000, "changeToOperatingActivities": -28117000, "totalCashFromOperatingActivities": 529964000, "capitalExpenditures": -483872000, "investments": -140198000, "otherCashflowsFromInvestingActivities": 3775000, "totalCashflowsFromInvestingActivities": -615664000, "dividendsPaid": -86565000, "netBorrowings": 244067000, "otherCashflowsFromFinancingActivities": -30173000, "totalCashFromFinancingActivities": 85855000, "changeInCash": 155000}, {"maxAge": 1, "endDate": "2019-03-31", "netIncome": 469503000, "depreciation": 93810000, "changeToNetincome": 17643000, "changeToAccountReceivables": 3950000, "changeToLiabilities": -2228000, "changeToInventory": -78242000, "changeToOperatingActivities": -8440000, "totalCashFromOperatingActivities": 496050000, "capitalExpenditures": -124508000, "investments": -168602000, "otherCashflowsFromInvestingActivities": 5131000, "totalCashflowsFromInvestingActivities": -270984000, "dividendsPaid": -28820000, "netBorrowings": -146474000, "otherCashflowsFromFinancingActivities": -51266000, "totalCashFromFinancingActivities": -226560000, "changeInCash": -1494000}, {"maxAge": 1, "endDate": "2018-03-31", "netIncome": 311826000, "depreciation": 87846000, "changeToNetincome": 62054000, "changeToAccountReceivables": -150374000, "changeToLiabilities": 101799000, "changeToInventory": -46292000, "changeToOperatingActivities": -33965000, "totalCashFromOperatingActivities": 332894000, "capitalExpenditures": -358188000, "investments": -18601000, "otherCashflowsFromInvestingActivities": 53294000, "totalCashflowsFromInvestingActivities": -315401000, "dividendsPaid": -23952000, "netBorrowings": 51577000, "otherCashflowsFromFinancingActivities": -45417000, "totalCashFromFinancingActivities": -17792000, "changeInCash": -299000}, {"maxAge": 1, "endDate": "2017-03-31", "netIncome": 251149000, "depreciation": 79417000, "changeToNetincome": 49788000, "changeToAccountReceivables": 136772000, "changeToLiabilities": 51983000, "changeToInventory": -26640000, "changeToOperatingActivities": -33965000, "totalCashFromOperatingActivities": 542522000, "capitalExpenditures": -169642000, "investments": -178658000, "otherCashflowsFromInvestingActivities": 6789000, "totalCashflowsFromInvestingActivities": -339270000, "dividendsPaid": -19321000, "netBorrowings": -141601000, "otherCashflowsFromFinancingActivities": -45941000, "totalCashFromFinancingActivities": -206863000, "changeInCash": -3611000}], "maxAge": 86400}, "indexTrend": {"maxAge": 1, "symbol": "SP5", "peRatio": 19.7411, "pegRatio": 1.34172, "estimates": [{"period": "0q", "growth": 0.549}, {"period": "+1q", "growth": 0.431}, {"period": "0y", "growth": 0.305}, {"period": "+1y", "growth": 0.109}, {"period": "+5y", "growth": 0.120865}, {"period": "-5y"}]}, "defaultKeyStatistics": {"maxAge": 1, "priceHint": 2, "enterpriseValue": 987054016, "profitMargins": 0.00604, "floatShares": 5508353, "sharesOutstanding": 13824600, "heldPercentInsiders": 0.70505, "heldPercentInstitutions": 0.0, "beta": 0.637734, "category": null, "bookValue": 159.707, "priceToBook": 0.52377164, "fundFamily": null, "legalType": null, "lastFiscalYearEnd": "2020-03-31 05:30:00", "nextFiscalYearEnd": "2022-03-31 05:30:00", "mostRecentQuarter": "2020-12-31 05:30:00", "netIncomeToCommon": 23018000, "trailingEps": 1.661, "forwardEps": 27.46, "lastSplitFactor": null, "enterpriseToRevenue": 0.259, "enterpriseToEbitda": 8.742}, "industryTrend": {"maxAge": 1, "symbol": null, "estimates": []}, "quoteType": {"exchange": "NSI", "quoteType": "EQUITY", "symbol": "SHREYANIND.NS", "underlyingSymbol": "SHREYANIND.NS", "shortName": "SHREYANS INDUSTRIE", "longName": "Shreyans Industries Limited", "firstTradeDateEpochUtc": "2002-06-25 09:15:00", "timeZoneFullName": "Asia/Kolkata", "timeZoneShortName": "IST", "uuid": "6f14f7b0-9ece-39ca-9a44-3b15957d2f2f", "gmtOffSetMilliseconds": 19800000, "maxAge": 1}, "incomeStatementHistory": {"incomeStatementHistory": [{"maxAge": 1, "endDate": "2020-03-31", "totalRevenue": 5403092000, "costOfRevenue": 2786549000, "grossProfit": 2616543000, "researchDevelopment": {}, "sellingGeneralAdministrative": 623652000, "nonRecurring": {}, "otherOperatingExpenses": 1450578000, "totalOperatingExpenses": 4966083000, "operatingIncome": 437009000, "totalOtherIncomeExpenseNet": -111560000, "ebit": 437009000, "interestExpense": -35977000, "incomeBeforeTax": 325449000, "incomeTaxExpense": 5838000, "minorityInterest": {}, "netIncomeFromContinuingOps": 319611000, "discontinuedOperations": {}, "extraordinaryItems": {}, "effectOfAccountingCharges": {}, "otherItems": {}, "netIncome": 319611000, "netIncomeApplicableToCommonShares": 319611000}, {"maxAge": 1, "endDate": "2019-03-31", "totalRevenue": 5739091000, "costOfRevenue": 2890571000, "grossProfit": 2848520000, "researchDevelopment": {}, "sellingGeneralAdministrative": 567503000, "nonRecurring": {}, "otherOperatingExpenses": 1472109000, "totalOperatingExpenses": 5024047000, "operatingIncome": 715044000, "totalOtherIncomeExpenseNet": -10205000, "ebit": 715044000, "interestExpense": -53415000, "incomeBeforeTax": 704839000, "incomeTaxExpense": 235336000, "minorityInterest": {}, "netIncomeFromContinuingOps": 469503000, "discontinuedOperations": {}, "extraordinaryItems": {}, "effectOfAccountingCharges": {}, "otherItems": {}, "netIncome": 469503000, "netIncomeApplicableToCommonShares": 469503000}, {"maxAge": 1, "endDate": "2018-03-31", "totalRevenue": 4635747000, "costOfRevenue": 2457891000, "grossProfit": 2177856000, "researchDevelopment": {}, "sellingGeneralAdministrative": 497546000, "nonRecurring": {}, "otherOperatingExpenses": 1104582000, "totalOperatingExpenses": 4147865000, "operatingIncome": 487882000, "totalOtherIncomeExpenseNet": -27599000, "ebit": 487882000, "interestExpense": -47903000, "incomeBeforeTax": 460283000, "incomeTaxExpense": 148457000, "minorityInterest": {}, "netIncomeFromContinuingOps": 311826000, "discontinuedOperations": {}, "extraordinaryItems": {}, "effectOfAccountingCharges": {}, "otherItems": {}, "netIncome": 311826000, "netIncomeApplicableToCommonShares": 311826000}, {"maxAge": 1, "endDate": "2017-03-31", "totalRevenue": 4200342000, "costOfRevenue": 2284004000, "grossProfit": 1916338000, "researchDevelopment": {}, "sellingGeneralAdministrative": 449677000, "nonRecurring": {}, "otherOperatingExpenses": 894665000, "totalOperatingExpenses": 3708762000, "operatingIncome": 491580000, "totalOtherIncomeExpenseNet": -103982000, "ebit": 491580000, "interestExpense": -48187000, "incomeBeforeTax": 387598000, "incomeTaxExpense": 136449000, "minorityInterest": {}, "netIncomeFromContinuingOps": 251149000, "discontinuedOperations": {}, "extraordinaryItems": {}, "effectOfAccountingCharges": {}, "otherItems": {}, "netIncome": 251149000, "netIncomeApplicableToCommonShares": 251149000}], "maxAge": 86400}, "fundOwnership": {"ownershipList": [], "maxAge": 1}, "summaryDetail": {"maxAge": 1, "priceHint": 2, "previousClose": 84.4, "open": 84.85, "dayLow": 82.2, "dayHigh": 85.45, "regularMarketPreviousClose": 84.4, "regularMarketOpen": 84.85, "regularMarketDayLow": 82.2, "regularMarketDayHigh": 85.45, "exDividendDate": "2020-02-18 05:30:00", "payoutRatio": 1.8072, "beta": 0.637734, "trailingPE": 50.36123, "forwardPE": 3.0462492, "volume": 17241, "regularMarketVolume": 17241, "averageVolume": 75976, "averageVolume10days": 36696, "averageDailyVolume10Day": 36696, "bid": 0.0, "ask": 0.0, "bidSize": 0, "askSize": 0, "marketCap": 1159849088, "fiftyTwoWeekLow": 62.3, "fiftyTwoWeekHigh": 117.6, "priceToSalesTrailing12Months": 0.30429238, "fiftyDayAverage": 91.91324, "twoHundredDayAverage": 82.65638, "trailingAnnualDividendRate": 0.0, "trailingAnnualDividendYield": 0.0, "currency": "INR", "fromCurrency": null, "lastMarket": null, "algorithm": null, "tradeable": false}, "insiderHolders": {"holders": [{"maxAge": 1, "name": "Achin Investment & Mercantile Company", "relation": "Promoter", "url": "", "transactionDescription": "Purchase", "latestTransDate": "2014-03-31", "positionDirect": 717150, "positionDirectDate": "2014-03-31"}, {"maxAge": 1, "name": "Adeep Investment Company", "relation": "Promoter", "url": "", "transactionDescription": "Purchase", "latestTransDate": "2014-03-31", "positionDirect": 738245, "positionDirectDate": "2014-03-31"}, {"maxAge": 1, "name": "Jagvallabh Parasnath Capital Investment Pvt. Ltd.", "relation": "Promoter", "url": "", "transactionDescription": "Acquisition", "latestTransDate": "2020-03-19", "positionIndirect": 1159418, "positionIndirectDate": 1584576000}, {"maxAge": 1, "name": "Lavina Investment & Mercantile Company", "relation": "Promoter", "url": "", "transactionDescription": "Acquisition", "latestTransDate": "2019-09-26", "positionDirect": 985565, "positionDirectDate": "2019-09-26"}, {"maxAge": 1, "name": "Limelite Consultants Pvt. Ltd.", "relation": "Promoter", "url": "", "transactionDescription": "Purchase", "latestTransDate": "2014-03-31", "positionDirect": 489640, "positionDirectDate": "2014-03-31"}, {"maxAge": 1, "name": "Noble Share Trading Pvt. Ltd.", "relation": "Promoter", "url": "", "transactionDescription": "Purchase", "latestTransDate": "2014-03-31", "positionDirect": 486000, "positionDirectDate": "2014-03-31"}, {"maxAge": 1, "name": "Oswal (Nirmal Kumari)", "relation": "UNREPORTED", "url": "", "transactionDescription": "Acquisition", "latestTransDate": "2016-07-28", "positionDirectDate": "2016-07-28"}, {"maxAge": 1, "name": "Sulzer Investments Pvt. Ltd.", "relation": "Promoter", "url": "", "transactionDescription": "Purchase", "latestTransDate": "2014-03-31", "positionDirect": 489000, "positionDirectDate": "2014-03-31"}], "maxAge": 1}, "calendarEvents": {"maxAge": 1, "earnings": {"earningsDate": [], "revenueAverage": 1346010000}, "exDividendDate": "2020-02-18 05:30:00"}, "upgradeDowngradeHistory": {"history": [], "maxAge": 86400}, "price": {"maxAge": 1, "regularMarketChangePercent": -0.008886255, "regularMarketChange": -0.75, "regularMarketTime": "2021-04-30 15:29:57", "priceHint": 2, "regularMarketPrice": 83.65, "regularMarketDayHigh": 85.45, "regularMarketDayLow": 82.2, "regularMarketVolume": 17241, "averageDailyVolume10Day": 36696, "averageDailyVolume3Month": 75976, "regularMarketPreviousClose": 84.4, "regularMarketSource": "FREE_REALTIME", "regularMarketOpen": 84.85, "exchange": "NSI", "exchangeName": "NSE", "exchangeDataDelayedBy": 15, "marketState": "CLOSED", "quoteType": "EQUITY", "symbol": "SHREYANIND.NS", "underlyingSymbol": null, "shortName": "SHREYANS INDUSTRIE", "longName": "Shreyans Industries Limited", "currency": "INR", "quoteSourceName": "Delayed Quote", "currencySymbol": "\u20b9", "fromCurrency": null, "lastMarket": null, "marketCap": 1159849088}, "balanceSheetHistory": {"balanceSheetStatements": [{"maxAge": 1, "endDate": "2020-03-31", "cash": 1803000, "netReceivables": 324403000, "inventory": 430309000, "otherCurrentAssets": 310004000, "totalCurrentAssets": 1551304000, "longTermInvestments": 7586000, "propertyPlantEquipment": 2146613000, "intangibleAssets": 234000, "otherAssets": 119077000, "totalAssets": 3824814000, "accountsPayable": 473621000, "shortLongTermDebt": 53290000, "otherCurrentLiab": 104693000, "longTermDebt": 291896000, "otherLiab": 301143000, "deferredLongTermLiab": 91000, "totalCurrentLiabilities": 1053450000, "totalLiab": 1663982000, "commonStock": 138246000, "retainedEarnings": 1842665000, "treasuryStock": -12454000, "capitalSurplus": 192375000, "otherStockholderEquity": -12454000, "totalStockholderEquity": 2160832000, "netTangibleAssets": 2160598000}, {"maxAge": 1, "endDate": "2019-03-31", "cash": 1648000, "netReceivables": 413259000, "inventory": 415195000, "otherCurrentAssets": 281886000, "totalCurrentAssets": 1570746000, "longTermInvestments": 8573000, "propertyPlantEquipment": 1772594000, "intangibleAssets": 282000, "otherAssets": 92900000, "totalAssets": 3445095000, "accountsPayable": 445706000, "shortLongTermDebt": 41643000, "otherCurrentLiab": 135175000, "longTermDebt": 144099000, "otherLiab": 389112000, "deferredLongTermLiab": 56000, "totalCurrentLiabilities": 929627000, "totalLiab": 1462838000, "commonStock": 138246000, "retainedEarnings": 1656385000, "treasuryStock": -4749000, "capitalSurplus": 192375000, "otherStockholderEquity": -4749000, "totalStockholderEquity": 1982257000, "netTangibleAssets": 1981975000}, {"maxAge": 1, "endDate": "2018-03-31", "cash": 3142000, "netReceivables": 411990000, "inventory": 336953000, "otherCurrentAssets": 324962000, "totalCurrentAssets": 1276533000, "longTermInvestments": 5178000, "propertyPlantEquipment": 1758824000, "intangibleAssets": 335000, "otherAssets": 56905000, "totalAssets": 3097775000, "accountsPayable": 447934000, "shortLongTermDebt": 77497000, "otherCurrentLiab": 113739000, "longTermDebt": 214427000, "otherLiab": 389842000, "deferredLongTermLiab": 101000, "totalCurrentLiabilities": 947821000, "totalLiab": 1552090000, "commonStock": 138246000, "retainedEarnings": 1216884000, "treasuryStock": -1820000, "capitalSurplus": 192375000, "otherStockholderEquity": -1820000, "totalStockholderEquity": 1545685000, "netTangibleAssets": 1545350000}, {"maxAge": 1, "endDate": "2017-03-31", "cash": 3441000, "netReceivables": 273568000, "inventory": 290661000, "otherCurrentAssets": 327282000, "totalCurrentAssets": 1078664000, "longTermInvestments": 4987000, "propertyPlantEquipment": 1507719000, "intangibleAssets": 390000, "otherAssets": 106067000, "totalAssets": 2697827000, "accountsPayable": 346135000, "shortLongTermDebt": 58150000, "otherCurrentLiab": 95210000, "longTermDebt": 180502000, "otherLiab": 382362000, "deferredLongTermLiab": 38000, "totalCurrentLiabilities": 882817000, "totalLiab": 1445681000, "commonStock": 138246000, "retainedEarnings": 930016000, "treasuryStock": -8491000, "capitalSurplus": 192375000, "otherStockholderEquity": -8491000, "totalStockholderEquity": 1252146000, "netTangibleAssets": 1251756000}], "maxAge": 86400}, "earningsTrend": {"trend": [{"maxAge": 1, "period": "0q", "endDate": "2018-09-30", "growth": {}, "earningsEstimate": {"avg": 0.0, "low": 0.0, "high": 0.0, "yearAgoEps": 9.89, "numberOfAnalysts": 0, "growth": {}}, "revenueEstimate": {"avg": 1346010000, "low": 0, "high": 0, "numberOfAnalysts": 0, "yearAgoRevenue": 1075620000, "growth": 0.25100002}, "epsTrend": {"current": 0.0, "7daysAgo": 0.0, "30daysAgo": 0.0, "60daysAgo": 0.0, "90daysAgo": 0.0}, "epsRevisions": {"upLast7days": 0, "upLast30days": 0, "downLast30days": 0, "downLast90days": {}}}, {"maxAge": 1, "period": "+1q", "endDate": "2018-12-31", "growth": {}, "earningsEstimate": {"avg": 0.0, "low": 0.0, "high": 0.0, "yearAgoEps": 5.15, "numberOfAnalysts": 0, "growth": {}}, "revenueEstimate": {"avg": 0, "low": 0, "high": 0, "numberOfAnalysts": 0, "yearAgoRevenue": {}, "growth": {}}, "epsTrend": {"current": 0.0, "7daysAgo": 0.0, "30daysAgo": 0.0, "60daysAgo": 0.0, "90daysAgo": 0.0}, "epsRevisions": {"upLast7days": 0, "upLast30days": 0, "downLast30days": 0, "downLast90days": {}}}, {"maxAge": 1, "period": "0y", "endDate": "2019-03-31", "growth": {}, "earningsEstimate": {"avg": 0.0, "low": 0.0, "high": 0.0, "yearAgoEps": {}, "numberOfAnalysts": 0, "growth": {}}, "revenueEstimate": {"avg": 5119930000, "low": 5119930000, "high": 5119930000, "numberOfAnalysts": 1, "yearAgoRevenue": 4743110000, "growth": 0.079}, "epsTrend": {"current": 0.0, "7daysAgo": 24.87, "30daysAgo": 24.87, "60daysAgo": 24.87, "90daysAgo": 24.87}, "epsRevisions": {"upLast7days": 0, "upLast30days": 0, "downLast30days": 0, "downLast90days": {}}}, {"maxAge": 1, "period": "+1y", "endDate": "2020-03-31", "growth": {}, "earningsEstimate": {"avg": 0.0, "low": 0.0, "high": 0.0, "yearAgoEps": {}, "numberOfAnalysts": 0, "growth": {}}, "revenueEstimate": {"avg": 5631930000, "low": 5631930000, "high": 5631930000, "numberOfAnalysts": 1, "yearAgoRevenue": 5119930000, "growth": 0.1}, "epsTrend": {"current": 0.0, "7daysAgo": 27.46, "30daysAgo": 27.46, "60daysAgo": 27.46, "90daysAgo": 27.46}, "epsRevisions": {"upLast7days": 0, "upLast30days": 0, "downLast30days": 0, "downLast90days": {}}}, {"maxAge": 1, "period": "+5y", "endDate": null, "growth": {}, "earningsEstimate": {"avg": {}, "low": {}, "high": {}, "yearAgoEps": {}, "numberOfAnalysts": {}, "growth": {}}, "revenueEstimate": {"avg": {}, "low": {}, "high": {}, "numberOfAnalysts": {}, "yearAgoRevenue": {}, "growth": {}}, "epsTrend": {"current": {}, "7daysAgo": {}, "30daysAgo": {}, "60daysAgo": {}, "90daysAgo": {}}, "epsRevisions": {"upLast7days": {}, "upLast30days": {}, "downLast30days": {}, "downLast90days": {}}}, {"maxAge": 1, "period": "-5y", "endDate": null, "growth": {}, "earningsEstimate": {"avg": {}, "low": {}, "high": {}, "yearAgoEps": {}, "numberOfAnalysts": {}, "growth": {}}, "revenueEstimate": {"avg": {}, "low": {}, "high": {}, "numberOfAnalysts": {}, "yearAgoRevenue": {}, "growth": {}}, "epsTrend": {"current": {}, "7daysAgo": {}, "30daysAgo": {}, "60daysAgo": {}, "90daysAgo": {}}, "epsRevisions": {"upLast7days": {}, "upLast30days": {}, "downLast30days": {}, "downLast90days": {}}}], "maxAge": 1}, "institutionOwnership": {"ownershipList": [], "maxAge": 1}, "majorHoldersBreakdown": {"maxAge": 1, "insidersPercentHeld": 0.70505, "institutionsPercentHeld": 0.0, "institutionsFloatPercentHeld": 0.0, "institutionsCount": 0}, "balanceSheetHistoryQuarterly": {"balanceSheetStatements": [{"maxAge": 1, "endDate": "2020-12-31", "totalStockholderEquity": 2210038000, "netTangibleAssets": 2209828000}, {"maxAge": 1, "endDate": "2020-09-30", "cash": 46866000, "shortTermInvestments": 739313000, "netReceivables": 463735000, "inventory": 359358000, "otherCurrentAssets": 18852000, "totalCurrentAssets": 1628124000, "longTermInvestments": 12691000, "propertyPlantEquipment": 2209684000, "intangibleAssets": 210000, "otherAssets": 105016000, "totalAssets": 3955725000, "accountsPayable": 352197000, "otherCurrentLiab": 461781000, "longTermDebt": 321686000, "otherLiab": 303053000, "totalCurrentLiabilities": 1109656000, "totalLiab": 1745687000, "commonStock": 138247000, "treasuryStock": 2071791000, "otherStockholderEquity": 2071791000, "totalStockholderEquity": 2210038000, "netTangibleAssets": 2209828000}, {"maxAge": 1, "endDate": "2020-06-30", "totalStockholderEquity": 2160832000, "netTangibleAssets": 2160598000}, {"maxAge": 1, "endDate": "2020-03-31", "cash": 1803000, "netReceivables": 324403000, "inventory": 430309000, "otherCurrentAssets": 310004000, "totalCurrentAssets": 1551304000, "longTermInvestments": 7586000, "propertyPlantEquipment": 2146613000, "intangibleAssets": 234000, "otherAssets": 119077000, "totalAssets": 3824814000, "accountsPayable": 473621000, "shortLongTermDebt": 53290000, "otherCurrentLiab": 104693000, "longTermDebt": 291896000, "otherLiab": 301143000, "deferredLongTermLiab": 91000, "totalCurrentLiabilities": 1053450000, "totalLiab": 1663982000, "commonStock": 138246000, "retainedEarnings": 1842665000, "treasuryStock": -12454000, "capitalSurplus": 192375000, "otherStockholderEquity": -12454000, "totalStockholderEquity": 2160832000, "netTangibleAssets": 2160598000}], "maxAge": 86400}, "earningsHistory": {"history": [{"maxAge": 1, "epsActual": 9.89, "epsEstimate": 6.7, "epsDifference": 3.19, "surprisePercent": 0.47599998, "quarter": "2017-03-31", "period": "-4q"}, {"maxAge": 1, "epsActual": 5.15, "epsEstimate": 3.63, "epsDifference": 1.52, "surprisePercent": 0.41900003, "quarter": "2017-06-30", "period": "-3q"}, {"maxAge": 1, "epsActual": 5.3, "epsEstimate": 6.17, "epsDifference": -0.87, "surprisePercent": -0.141, "quarter": "2017-09-30", "period": "-2q"}, {"maxAge": 1, "epsActual": 6.84, "epsEstimate": 5.56, "epsDifference": 1.28, "surprisePercent": 0.23, "quarter": "2018-06-30", "period": "-1q"}], "maxAge": 86400}, "summaryProfile": {"address1": "Chandigarh Road", "address2": "PO Sahabana Village-Bholapur", "city": "Ludhiana", "zip": "141123", "country": "India", "phone": "91 16 1268 5270", "fax": "91 16 1268 5270", "website": "http://www.shreyansgroup.com", "industry": "Paper & Paper Products", "sector": "Basic Materials", "longBusinessSummary": "Shreyans Industries Limited manufactures and sells writing and printing papers, and newsprint in India and internationally. The company offers a range of 44 GSM to 200 GSM paper products, such as high brightness, cream wove, colored, duplicating, surface sized printing, azure laid, maplitho, stamp, inland letter, postal envelope, offset, cover, super calendared, rail ticket, and super printing paper products. It serves publishers, copy manufacturers, job printers, various states text book boards, exporters of notebooks and diaries, printing and stationary department, railways, P&T departments, security press, etc. The company was formerly known as Shreyans Paper Mills Ltd. and changed its name to Shreyans Industries Limited in October 1992. Shreyans Industries Limited was founded in 1979 and is based in Ludhiana, India.", "fullTimeEmployees": 1350, "companyOfficers": [], "maxAge": 86400}, "netSharePurchaseActivity": {"maxAge": 1, "period": "6m", "buyInfoCount": 0, "buyInfoShares": 0, "sellInfoCount": 0, "netInfoCount": 0, "netInfoShares": 0, "netPercentInsiderShares": 0.0, "totalInsiderShares": 9739597}, "insiderTransactions": {"transactions": [{"maxAge": 1, "shares": 0, "filerUrl": "", "transactionText": "", "filerName": "Jagvallabh Parasnath Capital Investment Pvt. Ltd.", "filerRelation": "Promoter", "moneyText": "", "startDate": "2020-03-19", "ownership": "I"}, {"maxAge": 1, "shares": 20400, "filerUrl": "", "transactionText": "", "filerName": "Jagvallabh Parasnath Capital Investment Pvt. Ltd.", "filerRelation": "Promoter", "moneyText": "", "startDate": "2020-03-19", "ownership": "D"}, {"maxAge": 1, "shares": 10026, "filerUrl": "", "transactionText": "", "filerName": "Jagvallabh Parasnath Capital Investment Pvt. Ltd.", "filerRelation": "Promoter", "moneyText": "", "startDate": "2019-12-23", "ownership": "D"}, {"maxAge": 1, "shares": 12072, "filerUrl": "", "transactionText": "", "filerName": "Jagvallabh Parasnath Capital Investment Pvt. Ltd.", "filerRelation": "Promoter", "moneyText": "", "startDate": "2019-09-27", "ownership": "D"}, {"maxAge": 1, "shares": 5000, "filerUrl": "", "transactionText": "", "filerName": "Lavina Investment & Mercantile Company", "filerRelation": "Promoter", "moneyText": "", "startDate": "2019-09-26", "ownership": "D"}, {"maxAge": 1, "shares": 11156, "filerUrl": "", "transactionText": "", "filerName": "Lavina Investment & Mercantile Company", "filerRelation": "Promoter", "moneyText": "", "startDate": "2019-09-25", "ownership": "D"}, {"maxAge": 1, "shares": 13970, "filerUrl": "", "transactionText": "", "filerName": "Jagvallabh Parasnath Capital Investment Pvt. Ltd.", "filerRelation": "Promoter", "moneyText": "", "startDate": "2019-08-22", "ownership": "D"}, {"maxAge": 1, "shares": 190199, "filerUrl": "", "transactionText": "", "filerName": "Jagvallabh Parasnath Capital Investment Pvt. Ltd.", "filerRelation": "UNREPORTED", "moneyText": "", "startDate": "2019-08-06", "ownership": "D"}, {"maxAge": 1, "shares": 187259, "filerUrl": "", "transactionText": "", "filerName": "Lavina Investment & Mercantile Company", "filerRelation": "Promoter", "moneyText": "", "startDate": "2019-08-06", "ownership": "D"}, {"maxAge": 1, "shares": 31301, "filerUrl": "", "transactionText": "", "filerName": "Oswal (Nirmal Kumari)", "filerRelation": "UNREPORTED", "moneyText": "", "startDate": "2016-07-28", "ownership": "D"}, {"maxAge": 1, "shares": 29000, "filerUrl": "", "transactionText": "", "filerName": "Jagvallabh Parasnath Capital Investment Pvt. Ltd.", "filerRelation": "Promoter", "moneyText": "", "startDate": "2014-03-31", "ownership": "D"}, {"maxAge": 1, "shares": 29000, "filerUrl": "", "transactionText": "", "filerName": "Limelite Consultants Pvt. Ltd.", "filerRelation": "Promoter", "moneyText": "", "startDate": "2014-03-31", "ownership": "D"}, {"maxAge": 1, "shares": 29000, "filerUrl": "", "transactionText": "", "filerName": "Noble Share Trading Pvt. Ltd.", "filerRelation": "Promoter", "moneyText": "", "startDate": "2014-03-31", "ownership": "D"}, {"maxAge": 1, "shares": 30000, "filerUrl": "", "transactionText": "", "filerName": "Adeep Investment Company", "filerRelation": "Promoter", "moneyText": "", "startDate": "2014-03-31", "ownership": "D"}, {"maxAge": 1, "shares": 29000, "filerUrl": "", "transactionText": "", "filerName": "Lavina Investment & Mercantile Company", "filerRelation": "Promoter", "moneyText": "", "startDate": "2014-03-31", "ownership": "D"}, {"maxAge": 1, "shares": 29000, "filerUrl": "", "transactionText": "", "filerName": "Sulzer Investments Pvt. Ltd.", "filerRelation": "Promoter", "moneyText": "", "startDate": "2014-03-31", "ownership": "D"}, {"maxAge": 1, "shares": 30350, "filerUrl": "", "transactionText": "", "filerName": "Achin Investment & Mercantile Company", "filerRelation": "Promoter", "moneyText": "", "startDate": "2014-03-31", "ownership": "D"}], "maxAge": 1}, "sectorTrend": {"maxAge": 1, "symbol": null, "estimates": []}, "incomeStatementHistoryQuarterly": {"incomeStatementHistory": [{"maxAge": 1, "endDate": "2020-12-31", "totalRevenue": 918954000, "costOfRevenue": 790686000, "grossProfit": 128268000, "researchDevelopment": {}, "sellingGeneralAdministrative": 135252000, "nonRecurring": {}, "otherOperatingExpenses": 58872000, "totalOperatingExpenses": 1014491000, "operatingIncome": -95537000, "totalOtherIncomeExpenseNet": 60766000, "ebit": -95537000, "interestExpense": -14969000, "incomeBeforeTax": -34771000, "incomeTaxExpense": 7500000, "minorityInterest": {}, "netIncomeFromContinuingOps": -42271000, "discontinuedOperations": {}, "extraordinaryItems": {}, "effectOfAccountingCharges": {}, "otherItems": {}, "netIncome": -42271000, "netIncomeApplicableToCommonShares": -42271000}, {"maxAge": 1, "endDate": "2020-09-30", "totalRevenue": 789952000, "costOfRevenue": 614911000, "grossProfit": 175041000, "researchDevelopment": {}, "sellingGeneralAdministrative": 123675000, "nonRecurring": {}, "otherOperatingExpenses": 69509000, "totalOperatingExpenses": 834695000, "operatingIncome": -44743000, "totalOtherIncomeExpenseNet": 28900000, "ebit": -44743000, "interestExpense": -10446000, "incomeBeforeTax": -15843000, "incomeTaxExpense": 2700000, "minorityInterest": {}, "netIncomeFromContinuingOps": -18543000, "discontinuedOperations": {}, "extraordinaryItems": {}, "effectOfAccountingCharges": {}, "otherItems": {}, "netIncome": -18543000, "netIncomeApplicableToCommonShares": -18543000}, {"maxAge": 1, "endDate": "2020-06-30", "totalRevenue": 769729000, "costOfRevenue": 522223000, "grossProfit": 247506000, "researchDevelopment": {}, "sellingGeneralAdministrative": 125628000, "nonRecurring": {}, "otherOperatingExpenses": 62678000, "totalOperatingExpenses": 737129000, "operatingIncome": 32600000, "totalOtherIncomeExpenseNet": 39949000, "ebit": 32600000, "interestExpense": -10866000, "incomeBeforeTax": 72549000, "incomeTaxExpense": 4800000, "minorityInterest": {}, "netIncomeFromContinuingOps": 67749000, "discontinuedOperations": {}, "extraordinaryItems": {}, "effectOfAccountingCharges": {}, "otherItems": {}, "netIncome": 67749000, "netIncomeApplicableToCommonShares": 67749000}, {"maxAge": 1, "endDate": "2020-03-31", "totalRevenue": 1332992000, "costOfRevenue": -214214000, "grossProfit": 1547206000, "researchDevelopment": {}, "sellingGeneralAdministrative": 146092000, "nonRecurring": {}, "otherOperatingExpenses": 1247759000, "totalOperatingExpenses": 1210953000, "operatingIncome": 122039000, "totalOtherIncomeExpenseNet": -108918000, "ebit": 122039000, "interestExpense": -1371000, "incomeBeforeTax": 13121000, "incomeTaxExpense": -2962000, "minorityInterest": {}, "netIncomeFromContinuingOps": 16083000, "discontinuedOperations": {}, "extraordinaryItems": {}, "effectOfAccountingCharges": {}, "otherItems": {}, "netIncome": 16083000, "netIncomeApplicableToCommonShares": 16083000}], "maxAge": 86400}, "cashflowStatementHistoryQuarterly": {"cashflowStatements": [{"maxAge": 1, "endDate": "2020-12-31", "netIncome": -42271000, "changeToLiabilities": 0}, {"maxAge": 1, "endDate": "2020-09-30", "netIncome": -18543000, "changeToLiabilities": 0}, {"maxAge": 1, "endDate": "2020-06-30", "netIncome": 67749000, "changeToLiabilities": 0}, {"maxAge": 1, "endDate": "2020-03-31", "netIncome": 16083000, "changeToLiabilities": 0}], "maxAge": 86400}, "earnings": {"maxAge": 86400, "earningsChart": {"quarterly": [{"date": "1Q2017", "actual": 9.89, "estimate": 6.7}, {"date": "2Q2017", "actual": 5.15, "estimate": 3.63}, {"date": "3Q2017", "actual": 5.3, "estimate": 6.17}, {"date": "2Q2018", "actual": 6.84, "estimate": 5.56}], "currentQuarterEstimateDate": "3Q", "currentQuarterEstimateYear": 2018, "earningsDate": []}, "financialsChart": {"yearly": [{"date": 2017, "revenue": 4200342000, "earnings": 251149000}, {"date": 2018, "revenue": 4635747000, "earnings": 311826000}, {"date": 2019, "revenue": 5739091000, "earnings": 469503000}, {"date": 2020, "revenue": 5403092000, "earnings": 319611000}], "quarterly": [{"date": "1Q2020", "revenue": 1332992000, "earnings": 16083000}, {"date": "2Q2020", "revenue": 769729000, "earnings": 67749000}, {"date": "3Q2020", "revenue": 789952000, "earnings": -18543000}, {"date": "4Q2020", "revenue": 918954000, "earnings": -42271000}]}, "financialCurrency": "INR"}, "financialData": {"maxAge": 86400, "currentPrice": 83.65, "recommendationKey": "none", "totalCash": 786179008, "totalCashPerShare": 56.912, "ebitda": 112904496, "totalDebt": 607326976, "totalRevenue": 3811627008, "debtToEquity": 27.48, "revenuePerShare": 274.996, "grossProfits": 2616543000, "revenueGrowth": -0.277, "grossMargins": 0.55043, "ebitdaMargins": 0.02962, "operatingMargins": 0.00377, "profitMargins": 0.00604, "financialCurrency": "INR"}}}