{"SHREEGANES.BO": {"cashflowStatementHistory": {"cashflowStatements": [{"maxAge": 1, "endDate": "2020-03-31", "netIncome": 2358491, "depreciation": 10674, "changeToAccountReceivables": -16308460, "changeToLiabilities": 3952500, "changeToOperatingActivities": -100000, "totalCashFromOperatingActivities": -10086795, "totalCashflowsFromInvestingActivities": 9868878, "changeInCash": -217917}, {"maxAge": 1, "endDate": "2019-03-31", "netIncome": 17899202, "depreciation": 10674, "changeToAccountReceivables": -56429225, "changeToLiabilities": 33552910, "changeToOperatingActivities": -25582, "totalCashFromOperatingActivities": -4992021, "capitalExpenditures": -56008, "totalCashflowsFromInvestingActivities": -320692077, "otherCashflowsFromFinancingActivities": 325800000, "totalCashFromFinancingActivities": 325800000, "changeInCash": 115902}, {"maxAge": 1, "endDate": "2018-03-31", "netIncome": 35004349, "depreciation": 5354, "changeToAccountReceivables": -45264307, "changeToLiabilities": 32915295, "changeToOperatingActivities": -337484, "totalCashFromOperatingActivities": 22323207, "capitalExpenditures": -16906, "totalCashflowsFromInvestingActivities": -23590306, "netBorrowings": 1273480, "otherCashflowsFromFinancingActivities": 325800000, "totalCashFromFinancingActivities": 1273480, "changeInCash": 6381}, {"maxAge": 1, "endDate": "2017-03-31", "netIncome": 37332657, "depreciation": 5354, "changeToAccountReceivables": -97714014, "changeToLiabilities": 0, "changeToOperatingActivities": -69030996, "totalCashFromOperatingActivities": -129412353, "capitalExpenditures": -16906, "investments": 2100000, "totalCashflowsFromInvestingActivities": 25338069, "netBorrowings": -4353208, "otherCashflowsFromFinancingActivities": 108600000, "totalCashFromFinancingActivities": 104246792, "changeInCash": 172508}], "maxAge": 86400}, "institutionOwnership": {"ownershipList": [], "maxAge": 1}, "balanceSheetHistoryQuarterly": {"balanceSheetStatements": [{"maxAge": 1, "endDate": "2020-06-30", "totalStockholderEquity": 574753556, "netTangibleAssets": 574753556}, {"maxAge": 1, "endDate": "2020-03-31", "cash": 178571, "netReceivables": 207919486, "otherCurrentAssets": 417000, "totalCurrentAssets": 208515057, "propertyPlantEquipment": 46212, "otherAssets": 438600591, "totalAssets": 647161860, "accountsPayable": 70529850, "longTermDebt": 1902980, "totalCurrentLiabilities": 70505324, "totalLiab": 72408304, "commonStock": 199312000, "retainedEarnings": 121801556, "capitalSurplus": 253640000, "totalStockholderEquity": 574753556, "netTangibleAssets": 574753556}, {"maxAge": 1, "endDate": "2019-12-31", "totalStockholderEquity": 574928000, "netTangibleAssets": 574928000}, {"maxAge": 1, "endDate": "2019-09-30", "cash": 136000, "netReceivables": 209512000, "otherCurrentAssets": 317000, "totalCurrentAssets": 209965000, "propertyPlantEquipment": 57000, "otherAssets": 446742000, "totalAssets": 656764000, "accountsPayable": 79958000, "longTermDebt": 1903000, "totalCurrentLiabilities": 79933000, "totalLiab": 81836000, "commonStock": 199312000, "treasuryStock": 375616000, "otherStockholderEquity": 375616000, "totalStockholderEquity": 574928000, "netTangibleAssets": 574928000}], "maxAge": 86400}, "indexTrend": {"maxAge": 1, "symbol": "SP5", "peRatio": 19.7411, "pegRatio": 1.34172, "estimates": [{"period": "0q", "growth": 0.549}, {"period": "+1q", "growth": 0.431}, {"period": "0y", "growth": 0.305}, {"period": "+1y", "growth": 0.109}, {"period": "+5y", "growth": 0.120859005}, {"period": "-5y"}]}, "insiderTransactions": {"transactions": [{"maxAge": 1, "shares": 363700, "filerUrl": "", "transactionText": "", "filerName": "Choudhary (Prashant kumar)", "filerRelation": "Promoter", "moneyText": "", "startDate": "2017-09-13", "ownership": "D"}, {"maxAge": 1, "shares": 3700, "filerUrl": "", "transactionText": "", "filerName": "Sword Edge Commercials Ltd.", "filerRelation": "Institution- Corporation", "moneyText": "", "startDate": "2017-09-13", "ownership": "D"}, {"maxAge": 1, "shares": 90000, "filerUrl": "", "transactionText": "", "filerName": "Seven Hill Industries Ltd", "filerRelation": "Institution- Corporation", "moneyText": "", "startDate": "2017-08-18", "ownership": "D"}, {"maxAge": 1, "shares": 87850, "filerUrl": "", "transactionText": "", "filerName": "Sword Edge Commercials Ltd.", "filerRelation": "Institution- Corporation", "moneyText": "", "startDate": "2017-06-28", "ownership": "D"}, {"maxAge": 1, "shares": 32000, "filerUrl": "", "transactionText": "", "filerName": "Sword Edge Commercials Ltd.", "filerRelation": "Institution- Corporation", "moneyText": "", "startDate": "2017-04-28", "ownership": "D"}, {"maxAge": 1, "shares": 142700, "filerUrl": "", "transactionText": "", "filerName": "Choudhary (Shankar Kumar)", "filerRelation": "UNREPORTED", "moneyText": "", "startDate": "2017-03-30", "ownership": "D"}, {"maxAge": 1, "shares": 424300, "filerUrl": "", "transactionText": "", "filerName": "Choudhary (Pooja)", "filerRelation": "Promoter", "moneyText": "", "startDate": "2016-10-28", "ownership": "D"}, {"maxAge": 1, "shares": 18000, "filerUrl": "", "transactionText": "", "filerName": "Choudhary (Krishna Kumar)", "filerRelation": "Promoter", "moneyText": "", "startDate": "2016-03-10", "ownership": "D"}, {"maxAge": 1, "shares": 182200, "filerUrl": "", "transactionText": "", "filerName": "Kr (Shankar & Prashant) HUF", "filerRelation": "Promoter", "moneyText": "", "startDate": "2016-03-10", "ownership": "D"}, {"maxAge": 1, "shares": 181300, "filerUrl": "", "transactionText": "", "filerName": "Murarka (Puneeta)", "filerRelation": "Promoter", "moneyText": "", "startDate": "2016-03-10", "ownership": "D"}], "maxAge": 1}, "quoteType": {"exchange": "BSE", "quoteType": "EQUITY", "symbol": "SHREEGANES.BO", "underlyingSymbol": "SHREEGANES.BO", "shortName": "Shree Ganesh Biotech (India) L", "longName": "Shree Ganesh Bio-Tech (India) Limited", "firstTradeDateEpochUtc": "2017-09-22 09:15:00", "timeZoneFullName": "Asia/Kolkata", "timeZoneShortName": "IST", "uuid": "5cbe0620-4a4b-3a7a-886e-a0dcb091b75c", "gmtOffSetMilliseconds": 19800000, "maxAge": 1}, "incomeStatementHistory": {"incomeStatementHistory": [{"maxAge": 1, "endDate": "2020-03-31", "totalRevenue": 24730000, "costOfRevenue": 15753950, "grossProfit": 8976050, "researchDevelopment": {}, "sellingGeneralAdministrative": 762220, "nonRecurring": {}, "otherOperatingExpenses": 5839345, "totalOperatingExpenses": 22366189, "operatingIncome": 2363811, "totalOtherIncomeExpenseNet": -5320, "ebit": 2363811, "interestExpense": {}, "incomeBeforeTax": 2358491, "incomeTaxExpense": 0, "minorityInterest": {}, "netIncomeFromContinuingOps": 2358491, "discontinuedOperations": {}, "extraordinaryItems": {}, "effectOfAccountingCharges": {}, "otherItems": {}, "netIncome": 2358491, "netIncomeApplicableToCommonShares": 2358491}, {"maxAge": 1, "endDate": "2019-03-31", "totalRevenue": 58685000, "costOfRevenue": 33594586, "grossProfit": 25090414, "researchDevelopment": {}, "sellingGeneralAdministrative": 1167700, "nonRecurring": {}, "otherOperatingExpenses": 6004885, "totalOperatingExpenses": 40777845, "operatingIncome": 17907155, "totalOtherIncomeExpenseNet": -7953, "ebit": 17907155, "interestExpense": {}, "incomeBeforeTax": 17899202, "incomeTaxExpense": 0, "minorityInterest": {}, "netIncomeFromContinuingOps": 17899202, "discontinuedOperations": {}, "extraordinaryItems": {}, "effectOfAccountingCharges": {}, "otherItems": {}, "netIncome": 17899202, "netIncomeApplicableToCommonShares": 17899202}, {"maxAge": 1, "endDate": "2018-03-31", "totalRevenue": 78576506, "costOfRevenue": 33653320, "grossProfit": 44923186, "researchDevelopment": {}, "sellingGeneralAdministrative": 1146200, "nonRecurring": {}, "otherOperatingExpenses": 8766167, "totalOperatingExpenses": 43571041, "operatingIncome": 35005465, "totalOtherIncomeExpenseNet": -1116, "ebit": 35005465, "interestExpense": {}, "incomeBeforeTax": 35004349, "incomeTaxExpense": 0, "minorityInterest": {}, "netIncomeFromContinuingOps": 35004349, "discontinuedOperations": {}, "extraordinaryItems": {}, "effectOfAccountingCharges": {}, "otherItems": {}, "netIncome": 35004349, "netIncomeApplicableToCommonShares": 35004349}, {"maxAge": 1, "endDate": "2017-03-31", "totalRevenue": 85366500, "costOfRevenue": 40231028, "grossProfit": 45135472, "researchDevelopment": {}, "sellingGeneralAdministrative": 1433143, "nonRecurring": {}, "otherOperatingExpenses": 6084913, "totalOperatingExpenses": 47749084, "operatingIncome": 37617416, "totalOtherIncomeExpenseNet": -272281, "ebit": 37617416, "interestExpense": -238902, "incomeBeforeTax": 37345135, "incomeTaxExpense": 12478, "minorityInterest": {}, "netIncomeFromContinuingOps": 37332657, "discontinuedOperations": {}, "extraordinaryItems": {}, "effectOfAccountingCharges": {}, "otherItems": {}, "netIncome": 37332657, "netIncomeApplicableToCommonShares": 37332657}], "maxAge": 86400}, "fundOwnership": {"ownershipList": [], "maxAge": 1}, "summaryDetail": {"maxAge": 1, "priceHint": 2, "previousClose": 118.35, "open": 114.35, "dayLow": 114.25, "dayHigh": 121.0, "regularMarketPreviousClose": 118.35, "regularMarketOpen": 114.35, "regularMarketDayLow": 114.25, "regularMarketDayHigh": 121.0, "trailingPE": 4847.9165, "volume": 16129, "regularMarketVolume": 16129, "averageVolume": 22905, "averageVolume10days": 16749, "averageDailyVolume10Day": 16749, "bid": 116.0, "ask": 119.7, "bidSize": 0, "askSize": 0, "marketCap": 2318995200, "fiftyTwoWeekLow": 91.4, "fiftyTwoWeekHigh": 148.55, "fiftyDayAverage": 116.48788, "twoHundredDayAverage": 112.85735, "currency": "INR", "fromCurrency": null, "lastMarket": null, "algorithm": null, "tradeable": false}, "incomeStatementHistoryQuarterly": {"incomeStatementHistory": [{"maxAge": 1, "endDate": "2020-06-30", "totalRevenue": 1135000, "costOfRevenue": 770000, "grossProfit": 365000, "researchDevelopment": {}, "sellingGeneralAdministrative": 99000, "nonRecurring": {}, "otherOperatingExpenses": 708000, "totalOperatingExpenses": 1577000, "operatingIncome": -442000, "totalOtherIncomeExpenseNet": 0, "ebit": -442000, "interestExpense": {}, "incomeBeforeTax": -442000, "incomeTaxExpense": 0, "minorityInterest": {}, "netIncomeFromContinuingOps": -442000, "discontinuedOperations": {}, "extraordinaryItems": {}, "effectOfAccountingCharges": {}, "otherItems": {}, "netIncome": -442000, "netIncomeApplicableToCommonShares": -442000}, {"maxAge": 1, "endDate": "2020-03-31", "totalRevenue": 1245000, "costOfRevenue": 835950, "grossProfit": 409050, "researchDevelopment": {}, "sellingGeneralAdministrative": 159220, "nonRecurring": {}, "otherOperatingExpenses": 586345, "totalOperatingExpenses": 1592189, "operatingIncome": -347189, "totalOtherIncomeExpenseNet": -5320, "ebit": -347189, "interestExpense": {}, "incomeBeforeTax": -352509, "incomeTaxExpense": 0, "minorityInterest": {}, "netIncomeFromContinuingOps": -352509, "discontinuedOperations": {}, "extraordinaryItems": {}, "effectOfAccountingCharges": {}, "otherItems": {}, "netIncome": -352509, "netIncomeApplicableToCommonShares": -352509}, {"maxAge": 1, "endDate": "2019-12-31", "totalRevenue": 1100000, "costOfRevenue": 738000, "grossProfit": 362000, "researchDevelopment": {}, "sellingGeneralAdministrative": 39000, "nonRecurring": {}, "otherOperatingExpenses": 145000, "totalOperatingExpenses": 922000, "operatingIncome": 178000, "totalOtherIncomeExpenseNet": 0, "ebit": 178000, "interestExpense": {}, "incomeBeforeTax": 178000, "incomeTaxExpense": 0, "minorityInterest": {}, "netIncomeFromContinuingOps": 178000, "discontinuedOperations": {}, "extraordinaryItems": {}, "effectOfAccountingCharges": {}, "otherItems": {}, "netIncome": 178000, "netIncomeApplicableToCommonShares": 178000}, {"maxAge": 1, "endDate": "2019-09-30", "totalRevenue": 11900000, "costOfRevenue": 7700000, "grossProfit": 4200000, "researchDevelopment": {}, "sellingGeneralAdministrative": 439000, "nonRecurring": {}, "otherOperatingExpenses": 2659000, "totalOperatingExpenses": 10798000, "operatingIncome": 1102000, "totalOtherIncomeExpenseNet": 0, "ebit": 1102000, "interestExpense": {}, "incomeBeforeTax": 1102000, "incomeTaxExpense": 0, "minorityInterest": {}, "netIncomeFromContinuingOps": 1102000, "discontinuedOperations": {}, "extraordinaryItems": {}, "effectOfAccountingCharges": {}, "otherItems": {}, "netIncome": 1102000, "netIncomeApplicableToCommonShares": 1102000}], "maxAge": 86400}, "cashflowStatementHistoryQuarterly": {"cashflowStatements": [{"maxAge": 1, "endDate": "2020-06-30", "netIncome": -442000, "changeToLiabilities": 0}, {"maxAge": 1, "endDate": "2020-03-31", "netIncome": -352509, "changeToLiabilities": 0}, {"maxAge": 1, "endDate": "2019-12-31", "netIncome": 178000, "changeToLiabilities": 0}, {"maxAge": 1, "endDate": "2019-09-30", "netIncome": 1102000, "changeToLiabilities": 0}], "maxAge": 86400}, "insiderHolders": {"holders": [{"maxAge": 1, "name": "Choudhary (Krishna Kumar)", "relation": "Promoter", "url": "", "transactionDescription": "Sale", "latestTransDate": "2016-03-10", "positionDirect": 0, "positionDirectDate": "2016-03-10"}, {"maxAge": 1, "name": "Choudhary (Pooja)", "relation": "Promoter", "url": "", "transactionDescription": "Sale", "latestTransDate": "2016-10-28", "positionDirect": 0, "positionDirectDate": "2016-10-28"}, {"maxAge": 1, "name": "Choudhary (Prashant kumar)", "relation": "Promoter", "url": "", "transactionDescription": "Sale", "latestTransDate": "2017-09-13", "positionDirect": 0, "positionDirectDate": "2017-09-13"}, {"maxAge": 1, "name": "Choudhary (Shankar Kumar)", "relation": "UNREPORTED", "url": "", "transactionDescription": "Sale", "latestTransDate": "2017-03-30", "positionDirect": 0, "positionDirectDate": "2017-03-30"}, {"maxAge": 1, "name": "Kr (Shankar & Prashant) HUF", "relation": "Promoter", "url": "", "transactionDescription": "Sale", "latestTransDate": "2016-03-10", "positionDirect": 0, "positionDirectDate": "2016-03-10"}, {"maxAge": 1, "name": "Murarka (Puneeta)", "relation": "Promoter", "url": "", "transactionDescription": "Sale", "latestTransDate": "2016-03-10", "positionDirect": 0, "positionDirectDate": "2016-03-10"}, {"maxAge": 1, "name": "Seven Hill Industries Ltd", "relation": "Institution- Corporation", "url": "", "transactionDescription": "Purchase", "latestTransDate": "2017-08-18", "positionDirect": 180000, "positionDirectDate": "2017-08-18"}, {"maxAge": 1, "name": "Sword Edge Commercials Ltd.", "relation": "Institution- Corporation", "url": "", "transactionDescription": "Purchase", "latestTransDate": "2017-09-13", "positionDirect": 208850, "positionDirectDate": "2017-09-13"}], "maxAge": 1}, "calendarEvents": {"maxAge": 1, "earnings": {"earningsDate": []}}, "upgradeDowngradeHistory": {"history": [], "maxAge": 86400}, "price": {"maxAge": 1, "regularMarketChangePercent": -0.016899029, "regularMarketChange": -2.0, "regularMarketTime": "2021-04-30 15:15:28", "priceHint": 2, "regularMarketPrice": 116.35, "regularMarketDayHigh": 121.0, "regularMarketDayLow": 114.25, "regularMarketVolume": 16129, "averageDailyVolume10Day": 16749, "averageDailyVolume3Month": 22905, "regularMarketPreviousClose": 118.35, "regularMarketSource": "FREE_REALTIME", "regularMarketOpen": 114.35, "exchange": "BSE", "exchangeName": "BSE", "exchangeDataDelayedBy": 0, "marketState": "CLOSED", "quoteType": "EQUITY", "symbol": "SHREEGANES.BO", "underlyingSymbol": null, "shortName": "Shree Ganesh Biotech (India) L", "longName": "Shree Ganesh Bio-Tech (India) Limited", "currency": "INR", "quoteSourceName": "Delayed Quote", "currencySymbol": "\u20b9", "fromCurrency": null, "lastMarket": null, "marketCap": 2318995200}, "balanceSheetHistory": {"balanceSheetStatements": [{"maxAge": 1, "endDate": "2020-03-31", "cash": 178571, "netReceivables": 207919486, "otherCurrentAssets": 417000, "totalCurrentAssets": 208515057, "propertyPlantEquipment": 46212, "otherAssets": 438600591, "totalAssets": 647161860, "accountsPayable": 70529850, "longTermDebt": 1902980, "totalCurrentLiabilities": 70505324, "totalLiab": 72408304, "commonStock": 199312000, "retainedEarnings": 121801556, "capitalSurplus": 253640000, "totalStockholderEquity": 574753556, "netTangibleAssets": 574753556}, {"maxAge": 1, "endDate": "2019-03-31", "cash": 396489, "netReceivables": 191611026, "otherCurrentAssets": 317000, "totalCurrentAssets": 192324515, "propertyPlantEquipment": 56886, "otherAssets": 448469469, "totalAssets": 640850870, "accountsPayable": 66577350, "longTermDebt": 1902980, "totalCurrentLiabilities": 66552824, "totalLiab": 68455804, "commonStock": 199312000, "retainedEarnings": 119443066, "capitalSurplus": 253640000, "totalStockholderEquity": 572395066, "netTangibleAssets": 572395066}, {"maxAge": 1, "endDate": "2018-03-31", "cash": 280587, "netReceivables": 135181801, "otherCurrentAssets": 317000, "totalCurrentAssets": 135779388, "propertyPlantEquipment": 11552, "otherAssets": 127833400, "totalAssets": 263624340, "accountsPayable": 33024440, "longTermDebt": 1902980, "totalCurrentLiabilities": 33025496, "totalLiab": 34928476, "commonStock": 18312000, "retainedEarnings": 101543864, "treasuryStock": 108600000, "capitalSurplus": 240000, "otherStockholderEquity": 108600000, "totalStockholderEquity": 228695864, "netTangibleAssets": 228695864}, {"maxAge": 1, "endDate": "2017-03-31", "cash": 274206, "netReceivables": 89917494, "totalCurrentAssets": 90191700, "otherAssets": 104260000, "totalAssets": 194451700, "accountsPayable": 109145, "otherCurrentLiab": 8000, "longTermDebt": 629500, "totalCurrentLiabilities": 130685, "totalLiab": 760185, "commonStock": 18312000, "retainedEarnings": 66539515, "treasuryStock": 108600000, "capitalSurplus": 240000, "otherStockholderEquity": 108600000, "totalStockholderEquity": 193691515, "netTangibleAssets": 193691515}], "maxAge": 86400}, "financialData": {"maxAge": 86400, "currentPrice": 116.35, "recommendationKey": "none", "grossProfits": 8976050, "financialCurrency": "INR"}}}