{"SHREDIGCEM.BO": {"cashflowStatementHistory": {"cashflowStatements": [{"maxAge": 1, "endDate": "2020-03-31", "netIncome": 564371000, "depreciation": 242549000, "changeToNetincome": 84368000, "changeToAccountReceivables": 38620000, "changeToLiabilities": -52609000, "changeToInventory": -73820000, "changeToOperatingActivities": 132154000, "totalCashFromOperatingActivities": 941105000, "capitalExpenditures": -166327000, "investments": 5592000, "otherCashflowsFromInvestingActivities": 22176000, "totalCashflowsFromInvestingActivities": -136749000, "netBorrowings": -403241000, "otherCashflowsFromFinancingActivities": -17421000, "totalCashFromFinancingActivities": -420662000, "changeInCash": 383694000}, {"maxAge": 1, "endDate": "2019-03-31", "netIncome": 20611000, "depreciation": 236513000, "changeToNetincome": 13582000, "changeToAccountReceivables": -17061000, "changeToLiabilities": -23995000, "changeToInventory": -148323000, "changeToOperatingActivities": -100446000, "totalCashFromOperatingActivities": -15704000, "capitalExpenditures": -173866000, "investments": 109219000, "otherCashflowsFromInvestingActivities": 20965000, "totalCashflowsFromInvestingActivities": -40625000, "netBorrowings": 150000000, "otherCashflowsFromFinancingActivities": -33666000, "totalCashFromFinancingActivities": 116334000, "changeInCash": 60005000}, {"maxAge": 1, "endDate": "2018-03-31", "netIncome": 133709000, "depreciation": 226914000, "changeToNetincome": 138519000, "changeToAccountReceivables": -65774000, "changeToLiabilities": 233718000, "changeToInventory": 253412000, "changeToOperatingActivities": 94079000, "totalCashFromOperatingActivities": 1016454000, "capitalExpenditures": -154230000, "investments": 2258000, "otherCashflowsFromInvestingActivities": 25472000, "totalCashflowsFromInvestingActivities": -123867000, "netBorrowings": -710000000, "otherCashflowsFromFinancingActivities": -104903000, "totalCashFromFinancingActivities": -814903000, "changeInCash": 77684000}, {"maxAge": 1, "endDate": "2017-03-31", "netIncome": -90461000, "depreciation": 220126000, "changeToNetincome": 16630000, "changeToAccountReceivables": 107573000, "changeToLiabilities": -232407000, "changeToInventory": 264282000, "changeToOperatingActivities": 18736000, "totalCashFromOperatingActivities": 306209000, "capitalExpenditures": -229587000, "investments": -93431000, "otherCashflowsFromInvestingActivities": 31233000, "totalCashflowsFromInvestingActivities": -290629000, "netBorrowings": -200000000, "otherCashflowsFromFinancingActivities": -119434000, "totalCashFromFinancingActivities": -319434000, "changeInCash": -303854000}], "maxAge": 86400}, "institutionOwnership": {"ownershipList": [], "maxAge": 1}, "balanceSheetHistoryQuarterly": {"balanceSheetStatements": [{"maxAge": 1, "endDate": "2020-06-30", "totalStockholderEquity": 2764002000, "netTangibleAssets": 2662852000}, {"maxAge": 1, "endDate": "2020-03-31", "cash": 5227000, "shortTermInvestments": 740400000, "netReceivables": 102472000, "inventory": 648949000, "otherCurrentAssets": 43910000, "totalCurrentAssets": 1548767000, "propertyPlantEquipment": 1872249000, "intangibleAssets": 101150000, "otherAssets": 275783000, "deferredLongTermAssetCharges": 102797000, "totalAssets": 3797949000, "accountsPayable": 476577000, "otherCurrentLiab": 233007000, "otherLiab": 119755000, "totalCurrentLiabilities": 913237000, "totalLiab": 1033947000, "commonStock": 1413754000, "retainedEarnings": 458854000, "treasuryStock": 889351000, "capitalSurplus": 2043000, "otherStockholderEquity": 889351000, "totalStockholderEquity": 2764002000, "netTangibleAssets": 2662852000}, {"maxAge": 1, "endDate": "2019-12-31", "totalStockholderEquity": 2433619000, "netTangibleAssets": 2330849000}, {"maxAge": 1, "endDate": "2019-09-30", "cash": 192549000, "shortTermInvestments": 6839000, "netReceivables": 105052000, "inventory": 605226000, "otherCurrentAssets": 58191000, "totalCurrentAssets": 967857000, "longTermInvestments": 826000, "propertyPlantEquipment": 1920393000, "intangibleAssets": 102770000, "otherAssets": 278368000, "deferredLongTermAssetCharges": 101786000, "totalAssets": 3270214000, "accountsPayable": 313745000, "otherCurrentLiab": 398887000, "otherLiab": 112585000, "totalCurrentLiabilities": 722853000, "totalLiab": 836595000, "commonStock": 1413750000, "treasuryStock": 1019869000, "otherStockholderEquity": 1019869000, "totalStockholderEquity": 2433619000, "netTangibleAssets": 2330849000}], "maxAge": 86400}, "indexTrend": {"maxAge": 1, "symbol": "SP5", "peRatio": 19.7411, "pegRatio": 1.34172, "estimates": [{"period": "0q", "growth": 0.549}, {"period": "+1q", "growth": 0.431}, {"period": "0y", "growth": 0.305}, {"period": "+1y", "growth": 0.109}, {"period": "+5y", "growth": 0.120865}, {"period": "-5y"}]}, "insiderTransactions": {"transactions": [{"maxAge": 1, "shares": 10000, "value": 2175, "filerUrl": "", "transactionText": "Other at price 0.22 per share.", "filerName": "Meher (Suresh Kumar)", "filerRelation": "UNREPORTED", "moneyText": "", "startDate": "2020-09-30", "ownership": "D"}, {"maxAge": 1, "shares": 30000, "value": 6525, "filerUrl": "", "transactionText": "Other at price 0.22 per share.", "filerName": "Pandey (Jitesh Kumar)", "filerRelation": "UNREPORTED", "moneyText": "", "startDate": "2020-09-30", "ownership": "D"}, {"maxAge": 1, "shares": 20000, "value": 4350, "filerUrl": "", "transactionText": "Other at price 0.22 per share.", "filerName": "Nigam (Anil Kumar)", "filerRelation": "UNREPORTED", "moneyText": "", "startDate": "2020-09-30", "ownership": "D"}, {"maxAge": 1, "shares": 20000, "value": 4350, "filerUrl": "", "transactionText": "Other at price 0.22 per share.", "filerName": "Raval (Snehal D)", "filerRelation": "UNREPORTED", "moneyText": "", "startDate": "2020-09-30", "ownership": "D"}, {"maxAge": 1, "shares": 20000, "value": 4350, "filerUrl": "", "transactionText": "Other at price 0.22 per share.", "filerName": "Kumar (Vikas)", "filerRelation": "UNREPORTED", "moneyText": "", "startDate": "2020-09-30", "ownership": "D"}, {"maxAge": 1, "shares": 10000, "value": 2175, "filerUrl": "", "transactionText": "Other at price 0.22 per share.", "filerName": "Narayanasamy (Thiyaku)", "filerRelation": "UNREPORTED", "moneyText": "", "startDate": "2020-09-30", "ownership": "D"}, {"maxAge": 1, "shares": 10000, "value": 2175, "filerUrl": "", "transactionText": "Other at price 0.22 per share.", "filerName": "Naqvi (Syed Mohsin Ali)", "filerRelation": "UNREPORTED", "moneyText": "", "startDate": "2020-09-30", "ownership": "D"}, {"maxAge": 1, "shares": 66000, "value": 14355, "filerUrl": "", "transactionText": "Other at price 0.22 per share.", "filerName": "Kumar (Ramanujan Krishna)", "filerRelation": "UNREPORTED", "moneyText": "", "startDate": "2020-09-30", "ownership": "D"}, {"maxAge": 1, "shares": 26000, "value": 5655, "filerUrl": "", "transactionText": "Other at price 0.22 per share.", "filerName": "Gupta (Jaideep)", "filerRelation": "UNREPORTED", "moneyText": "", "startDate": "2020-09-30", "ownership": "D"}, {"maxAge": 1, "shares": 20000, "value": 4350, "filerUrl": "", "transactionText": "Other at price 0.22 per share.", "filerName": "Gupta (Arvind Prakash)", "filerRelation": "UNREPORTED", "moneyText": "", "startDate": "2020-09-30", "ownership": "D"}, {"maxAge": 1, "shares": 34000, "value": 7395, "filerUrl": "", "transactionText": "Other at price 0.22 per share.", "filerName": "Gohil (N N)", "filerRelation": "UNREPORTED", "moneyText": "", "startDate": "2020-09-30", "ownership": "D"}, {"maxAge": 1, "shares": 40000, "value": 8700, "filerUrl": "", "transactionText": "Other at price 0.22 per share.", "filerName": "Singh (Premranjan Sevasaran)", "filerRelation": "UNREPORTED", "moneyText": "", "startDate": "2020-09-30", "ownership": "D"}, {"maxAge": 1, "shares": 5000, "value": 1087, "filerUrl": "", "transactionText": "Other at price 0.22 per share.", "filerName": "Singh (Samader)", "filerRelation": "UNREPORTED", "moneyText": "", "startDate": "2020-09-30", "ownership": "D"}, {"maxAge": 1, "shares": 15000, "value": 3262, "filerUrl": "", "transactionText": "Other at price 0.22 per share.", "filerName": "Mehta (Girish R)", "filerRelation": "UNREPORTED", "moneyText": "", "startDate": "2020-09-30", "ownership": "D"}, {"maxAge": 1, "shares": 30000, "value": 6525, "filerUrl": "", "transactionText": "Other at price 0.22 per share.", "filerName": "Thimma (Narendran L)", "filerRelation": "UNREPORTED", "moneyText": "", "startDate": "2020-09-30", "ownership": "D"}, {"maxAge": 1, "shares": 33333, "value": 7229, "filerUrl": "", "transactionText": "Other at price 0.22 per share.", "filerName": "Nambiar (Rajeev)", "filerRelation": "UNREPORTED", "moneyText": "", "startDate": "2020-09-28", "ownership": "D"}, {"maxAge": 1, "shares": 593242, "filerUrl": "", "transactionText": "", "filerName": "Sanghvi (Anil)", "filerRelation": "Executive Chairman", "moneyText": "", "startDate": "2020-03-31", "ownership": "D"}, {"maxAge": 1, "shares": 434242, "filerUrl": "", "transactionText": "", "filerName": "Sanghvi (Anil)", "filerRelation": "Executive Chairman", "moneyText": "", "startDate": "2020-03-31", "ownership": "D"}, {"maxAge": 1, "shares": 475242, "filerUrl": "", "transactionText": "", "filerName": "Sanghvi (Anil)", "filerRelation": "Executive Chairman", "moneyText": "", "startDate": "2020-03-30", "ownership": "D"}, {"maxAge": 1, "shares": 7055, "filerUrl": "", "transactionText": "", "filerName": "Sanghvi (Anil)", "filerRelation": "Executive Chairman", "moneyText": "", "startDate": "2020-03-30", "ownership": "D"}, {"maxAge": 1, "shares": 428769, "filerUrl": "", "transactionText": "", "filerName": "Sanghvi (Anil)", "filerRelation": "Executive Chairman", "moneyText": "", "startDate": "2020-03-25", "ownership": "D"}, {"maxAge": 1, "shares": 338699, "filerUrl": "", "transactionText": "", "filerName": "Sanghvi (Anil)", "filerRelation": "Executive Chairman", "moneyText": "", "startDate": "2020-03-25", "ownership": "D"}, {"maxAge": 1, "shares": 2107870, "filerUrl": "", "transactionText": "", "filerName": "Ican Investments Advisors Pvt. Ltd.", "filerRelation": "Institution- Corporation", "moneyText": "", "startDate": "2020-03-18", "ownership": "D"}, {"maxAge": 1, "shares": 2092870, "filerUrl": "", "transactionText": "", "filerName": "Ican Investments Advisors Pvt. Ltd.", "filerRelation": "Institution- Corporation", "moneyText": "", "startDate": "2020-03-18", "ownership": "D"}, {"maxAge": 1, "shares": 1864290, "filerUrl": "", "transactionText": "", "filerName": "Ican Investments Advisors Pvt. Ltd.", "filerRelation": "Institution- Corporation", "moneyText": "", "startDate": "2020-03-16", "ownership": "D"}, {"maxAge": 1, "shares": 1846756, "filerUrl": "", "transactionText": "", "filerName": "Ican Investments Advisors Pvt. Ltd.", "filerRelation": "Institution- Corporation", "moneyText": "", "startDate": "2020-03-16", "ownership": "D"}, {"maxAge": 1, "shares": 868253, "filerUrl": "", "transactionText": "", "filerName": "Ican Investments Advisors Pvt. Ltd.", "filerRelation": "Institution- Corporation", "moneyText": "", "startDate": "2020-03-13", "ownership": "D"}, {"maxAge": 1, "shares": 1809805, "filerUrl": "", "transactionText": "", "filerName": "Ican Investments Advisors Pvt. Ltd.", "filerRelation": "Institution- Corporation", "moneyText": "", "startDate": "2020-03-13", "ownership": "D"}, {"maxAge": 1, "shares": 99103, "filerUrl": "", "transactionText": "", "filerName": "Ican Investments Advisors Pvt. Ltd.", "filerRelation": "Institution- Corporation", "moneyText": "", "startDate": "2020-03-09", "ownership": "D"}, {"maxAge": 1, "shares": 1108347, "filerUrl": "", "transactionText": "", "filerName": "Ican Investments Advisors Pvt. Ltd.", "filerRelation": "Institution- Corporation", "moneyText": "", "startDate": "2020-03-09", "ownership": "D"}, {"maxAge": 1, "shares": 1108347, "filerUrl": "", "transactionText": "", "filerName": "Ican Investments Advisors Pvt. Ltd.", "filerRelation": "Institution- Corporation", "moneyText": "", "startDate": "2020-03-09", "ownership": "D"}, {"maxAge": 1, "shares": 1108347, "filerUrl": "", "transactionText": "", "filerName": "Ican Investments Advisors Pvt. Ltd.", "filerRelation": "Institution- Corporation", "moneyText": "", "startDate": "2020-03-09", "ownership": "D"}, {"maxAge": 1, "shares": 862340, "filerUrl": "", "transactionText": "", "filerName": "Ican Investments Advisors Pvt. Ltd.", "filerRelation": "Institution- Corporation", "moneyText": "", "startDate": "2020-03-04", "ownership": "D"}, {"maxAge": 1, "shares": 916464, "filerUrl": "", "transactionText": "", "filerName": "Ican Investments Advisors Pvt. Ltd.", "filerRelation": "Institution- Corporation", "moneyText": "", "startDate": "2020-03-04", "ownership": "D"}, {"maxAge": 1, "shares": 710405, "filerUrl": "", "transactionText": "", "filerName": "Ican Investments Advisors Pvt. Ltd.", "filerRelation": "Institution- Corporation", "moneyText": "", "startDate": "2020-03-02", "ownership": "D"}, {"maxAge": 1, "shares": 373707, "filerUrl": "", "transactionText": "", "filerName": "Ican Investments Advisors Pvt. Ltd.", "filerRelation": "Institution- Corporation", "moneyText": "", "startDate": "2020-03-02", "ownership": "D"}, {"maxAge": 1, "shares": 966329, "filerUrl": "", "transactionText": "", "filerName": "Anagha Advisors LLP", "filerRelation": "Institution- Corporation", "moneyText": "", "startDate": "2019-06-21", "ownership": "D"}, {"maxAge": 1, "shares": 57719, "filerUrl": "", "transactionText": "", "filerName": "Anagha Advisors LLP", "filerRelation": "Institution- Corporation", "moneyText": "", "startDate": "2019-05-22", "ownership": "D"}, {"maxAge": 1, "shares": 103709063, "filerUrl": "", "transactionText": "", "filerName": "Votorantim Cimentos Eaa Inversiones SL", "filerRelation": "Promoter", "moneyText": "", "startDate": "2019-04-16", "ownership": "D"}, {"maxAge": 1, "shares": 2321645, "filerUrl": "", "transactionText": "", "filerName": "Cimpor Inversiones S A", "filerRelation": "Promoter", "moneyText": "", "startDate": "2019-04-16", "ownership": "D"}], "maxAge": 1}, "quoteType": {"exchange": "BSE", "quoteType": "EQUITY", "symbol": "SHREDIGCEM.BO", "underlyingSymbol": "SHREDIGCEM.BO", "shortName": "SHREE DIGVIJAY CEMENT CO.LTD.", "longName": "Shree Digvijay Cement Company Limited", "firstTradeDateEpochUtc": "1991-01-02 09:15:00", "timeZoneFullName": "Asia/Kolkata", "timeZoneShortName": "IST", "uuid": "557a0765-aab4-36a5-a1e1-f96dfb59e380", "gmtOffSetMilliseconds": 19800000, "maxAge": 1}, "incomeStatementHistory": {"incomeStatementHistory": [{"maxAge": 1, "endDate": "2020-03-31", "totalRevenue": 4698459000, "costOfRevenue": 2321139000, "grossProfit": 2377320000, "researchDevelopment": {}, "sellingGeneralAdministrative": 1069927000, "nonRecurring": {}, "otherOperatingExpenses": 298289000, "totalOperatingExpenses": 3937376000, "operatingIncome": 761083000, "totalOtherIncomeExpenseNet": 4645000, "ebit": 761083000, "interestExpense": -12500000, "incomeBeforeTax": 765728000, "incomeTaxExpense": 201357000, "minorityInterest": {}, "netIncomeFromContinuingOps": 564371000, "discontinuedOperations": {}, "extraordinaryItems": {}, "effectOfAccountingCharges": {}, "otherItems": {}, "netIncome": 564371000, "netIncomeApplicableToCommonShares": 564371000}, {"maxAge": 1, "endDate": "2019-03-31", "totalRevenue": 4364629000, "costOfRevenue": 2655580000, "grossProfit": 1709049000, "researchDevelopment": {}, "sellingGeneralAdministrative": 1026082000, "nonRecurring": {}, "otherOperatingExpenses": 415179000, "totalOperatingExpenses": 4336769000, "operatingIncome": 27860000, "totalOtherIncomeExpenseNet": 5354000, "ebit": 27860000, "interestExpense": -28934000, "incomeBeforeTax": 33214000, "incomeTaxExpense": 12603000, "minorityInterest": {}, "netIncomeFromContinuingOps": 20611000, "discontinuedOperations": {}, "extraordinaryItems": {}, "effectOfAccountingCharges": {}, "otherItems": {}, "netIncome": 20611000, "netIncomeApplicableToCommonShares": 20611000}, {"maxAge": 1, "endDate": "2018-03-31", "totalRevenue": 4133473000, "costOfRevenue": 2322916000, "grossProfit": 1810557000, "researchDevelopment": {}, "sellingGeneralAdministrative": 945199000, "nonRecurring": {}, "otherOperatingExpenses": 359006000, "totalOperatingExpenses": 3855912000, "operatingIncome": 277561000, "totalOtherIncomeExpenseNet": -71218000, "ebit": 277561000, "interestExpense": -86062000, "incomeBeforeTax": 206343000, "incomeTaxExpense": 72634000, "minorityInterest": {}, "netIncomeFromContinuingOps": 133709000, "discontinuedOperations": {}, "extraordinaryItems": {}, "effectOfAccountingCharges": {}, "otherItems": {}, "netIncome": 133709000, "netIncomeApplicableToCommonShares": 133709000}, {"maxAge": 1, "endDate": "2017-03-31", "totalRevenue": 3148979000, "costOfRevenue": 1837128000, "grossProfit": 1311851000, "researchDevelopment": {}, "sellingGeneralAdministrative": 817277000, "nonRecurring": {}, "otherOperatingExpenses": 374383000, "totalOperatingExpenses": 3250644000, "operatingIncome": -101665000, "totalOtherIncomeExpenseNet": -36709000, "ebit": -101665000, "interestExpense": -95732000, "incomeBeforeTax": -138374000, "incomeTaxExpense": -47913000, "minorityInterest": {}, "netIncomeFromContinuingOps": -90461000, "discontinuedOperations": {}, "extraordinaryItems": {}, "effectOfAccountingCharges": {}, "otherItems": {}, "netIncome": -90461000, "netIncomeApplicableToCommonShares": -90461000}], "maxAge": 86400}, "fundOwnership": {"ownershipList": [], "maxAge": 1}, "summaryDetail": {"maxAge": 1, "priceHint": 2, "previousClose": 70.05, "open": 69.85, "dayLow": 68.65, "dayHigh": 71.5, "regularMarketPreviousClose": 70.05, "regularMarketOpen": 69.85, "regularMarketDayLow": 68.65, "regularMarketDayHigh": 71.5, "trailingPE": 19.667318, "volume": 53251, "regularMarketVolume": 53251, "averageVolume": 119633, "averageVolume10days": 78160, "averageDailyVolume10Day": 78160, "bid": 70.35, "ask": 70.35, "bidSize": 0, "askSize": 0, "marketCap": 9945660416, "fiftyTwoWeekLow": 18.15, "fiftyTwoWeekHigh": 71.5, "fiftyDayAverage": 59.822727, "twoHundredDayAverage": 55.43272, "trailingAnnualDividendRate": 1.5, "trailingAnnualDividendYield": 0.021413276, "currency": "INR", "fromCurrency": null, "lastMarket": null, "algorithm": null, "tradeable": false}, "incomeStatementHistoryQuarterly": {"incomeStatementHistory": [{"maxAge": 1, "endDate": "2020-06-30", "totalRevenue": 874962000, "costOfRevenue": 346612000, "grossProfit": 528350000, "researchDevelopment": {}, "sellingGeneralAdministrative": 233887000, "nonRecurring": {}, "otherOperatingExpenses": 85002000, "totalOperatingExpenses": 731191000, "operatingIncome": 143771000, "totalOtherIncomeExpenseNet": 8504000, "ebit": 143771000, "interestExpense": -2613000, "incomeBeforeTax": 152275000, "incomeTaxExpense": 52471000, "minorityInterest": {}, "netIncomeFromContinuingOps": 99804000, "discontinuedOperations": {}, "extraordinaryItems": {}, "effectOfAccountingCharges": {}, "otherItems": {}, "netIncome": 99804000, "netIncomeApplicableToCommonShares": 99804000}, {"maxAge": 1, "endDate": "2020-03-31", "totalRevenue": 1322411000, "costOfRevenue": 674935000, "grossProfit": 647476000, "researchDevelopment": {}, "sellingGeneralAdministrative": 352386000, "nonRecurring": {}, "otherOperatingExpenses": -54707000, "totalOperatingExpenses": 1036874000, "operatingIncome": 285537000, "totalOtherIncomeExpenseNet": -30491000, "ebit": 285537000, "interestExpense": -2613000, "incomeBeforeTax": 255046000, "incomeTaxExpense": 23312000, "minorityInterest": {}, "netIncomeFromContinuingOps": 231734000, "discontinuedOperations": {}, "extraordinaryItems": {}, "effectOfAccountingCharges": {}, "otherItems": {}, "netIncome": 231734000, "netIncomeApplicableToCommonShares": 231734000}, {"maxAge": 1, "endDate": "2019-12-31", "totalRevenue": 1216128000, "costOfRevenue": 623136000, "grossProfit": 592992000, "researchDevelopment": {}, "sellingGeneralAdministrative": 263268000, "nonRecurring": {}, "otherOperatingExpenses": 134554000, "totalOperatingExpenses": 1083404000, "operatingIncome": 132724000, "totalOtherIncomeExpenseNet": 11210000, "ebit": 132724000, "interestExpense": -1554000, "incomeBeforeTax": 143934000, "incomeTaxExpense": 49490000, "minorityInterest": {}, "netIncomeFromContinuingOps": 94444000, "discontinuedOperations": {}, "extraordinaryItems": {}, "effectOfAccountingCharges": {}, "otherItems": {}, "netIncome": 94444000, "netIncomeApplicableToCommonShares": 94444000}, {"maxAge": 1, "endDate": "2019-09-30", "totalRevenue": 976845000, "costOfRevenue": 480394000, "grossProfit": 496451000, "researchDevelopment": {}, "sellingGeneralAdministrative": 214453000, "nonRecurring": {}, "otherOperatingExpenses": 104176000, "totalOperatingExpenses": 859654000, "operatingIncome": 117191000, "totalOtherIncomeExpenseNet": 15531000, "ebit": 117191000, "interestExpense": -2110000, "incomeBeforeTax": 132722000, "incomeTaxExpense": 46432000, "minorityInterest": {}, "netIncomeFromContinuingOps": 86290000, "discontinuedOperations": {}, "extraordinaryItems": {}, "effectOfAccountingCharges": {}, "otherItems": {}, "netIncome": 86290000, "netIncomeApplicableToCommonShares": 86290000}], "maxAge": 86400}, "cashflowStatementHistoryQuarterly": {"cashflowStatements": [{"maxAge": 1, "endDate": "2020-06-30", "netIncome": 99804000, "changeToLiabilities": 0}, {"maxAge": 1, "endDate": "2020-03-31", "netIncome": 231734000, "changeToLiabilities": 0}, {"maxAge": 1, "endDate": "2019-12-31", "netIncome": 94444000, "changeToLiabilities": 0}, {"maxAge": 1, "endDate": "2019-09-30", "netIncome": 86290000, "changeToLiabilities": 0}], "maxAge": 86400}, "insiderHolders": {"holders": [{"maxAge": 1, "name": "Gupta (Arvind Prakash)", "relation": "UNREPORTED", "url": "", "transactionDescription": "Other", "latestTransDate": "2020-09-30", "positionDirect": 20100, "positionDirectDate": "2020-09-30"}, {"maxAge": 1, "name": "Gupta (Jaideep)", "relation": "UNREPORTED", "url": "", "transactionDescription": "Other", "latestTransDate": "2020-09-30", "positionDirect": 26000, "positionDirectDate": "2020-09-30"}, {"maxAge": 1, "name": "Kumar (Ramanujan Krishna)", "relation": "UNREPORTED", "url": "", "transactionDescription": "Other", "latestTransDate": "2020-09-30", "positionDirect": 66000, "positionDirectDate": "2020-09-30"}, {"maxAge": 1, "name": "Kumar (Vikas)", "relation": "UNREPORTED", "url": "", "transactionDescription": "Other", "latestTransDate": "2020-09-30", "positionDirect": 30000, "positionDirectDate": "2020-09-30"}, {"maxAge": 1, "name": "Meher (Suresh Kumar)", "relation": "UNREPORTED", "url": "", "transactionDescription": "Other", "latestTransDate": "2020-09-30", "positionDirect": 10210, "positionDirectDate": "2020-09-30"}, {"maxAge": 1, "name": "Naqvi (Syed Mohsin Ali)", "relation": "UNREPORTED", "url": "", "transactionDescription": "Other", "latestTransDate": "2020-09-30", "positionDirect": 10000, "positionDirectDate": "2020-09-30"}, {"maxAge": 1, "name": "Narayanasamy (Thiyaku)", "relation": "UNREPORTED", "url": "", "transactionDescription": "Other", "latestTransDate": "2020-09-30", "positionDirect": 10000, "positionDirectDate": "2020-09-30"}, {"maxAge": 1, "name": "Nigam (Anil Kumar)", "relation": "UNREPORTED", "url": "", "transactionDescription": "Other", "latestTransDate": "2020-09-30", "positionDirect": 20025, "positionDirectDate": "2020-09-30"}, {"maxAge": 1, "name": "Pandey (Jitesh Kumar)", "relation": "UNREPORTED", "url": "", "transactionDescription": "Other", "latestTransDate": "2020-09-30", "positionDirect": 30000, "positionDirectDate": "2020-09-30"}, {"maxAge": 1, "name": "Raval (Snehal D)", "relation": "UNREPORTED", "url": "", "transactionDescription": "Other", "latestTransDate": "2020-09-30", "positionDirect": 21000, "positionDirectDate": "2020-09-30"}], "maxAge": 1}, "calendarEvents": {"maxAge": 1, "earnings": {"earningsDate": []}}, "upgradeDowngradeHistory": {"history": [], "maxAge": 86400}, "price": {"maxAge": 1, "regularMarketChangePercent": 0.0042825895, "regularMarketChange": 0.29999542, "regularMarketTime": "2021-04-30 15:41:05", "priceHint": 2, "regularMarketPrice": 70.35, "regularMarketDayHigh": 71.5, "regularMarketDayLow": 68.65, "regularMarketVolume": 53251, "averageDailyVolume10Day": 78160, "averageDailyVolume3Month": 119633, "regularMarketPreviousClose": 70.05, "regularMarketSource": "FREE_REALTIME", "regularMarketOpen": 69.85, "exchange": "BSE", "exchangeName": "BSE", "exchangeDataDelayedBy": 0, "marketState": "CLOSED", "quoteType": "EQUITY", "symbol": "SHREDIGCEM.BO", "underlyingSymbol": null, "shortName": "SHREE DIGVIJAY CEMENT CO.LTD.", "longName": "Shree Digvijay Cement Company Limited", "currency": "INR", "quoteSourceName": "Delayed Quote", "currencySymbol": "\u20b9", "fromCurrency": null, "lastMarket": null, "marketCap": 9945660416}, "balanceSheetHistory": {"balanceSheetStatements": [{"maxAge": 1, "endDate": "2020-03-31", "cash": 5227000, "shortTermInvestments": 740400000, "netReceivables": 102472000, "inventory": 648949000, "otherCurrentAssets": 43910000, "totalCurrentAssets": 1548767000, "propertyPlantEquipment": 1872249000, "intangibleAssets": 101150000, "otherAssets": 275783000, "deferredLongTermAssetCharges": 102797000, "totalAssets": 3797949000, "accountsPayable": 476577000, "otherCurrentLiab": 233007000, "otherLiab": 119755000, "totalCurrentLiabilities": 913237000, "totalLiab": 1033947000, "commonStock": 1413754000, "retainedEarnings": 458854000, "treasuryStock": 889351000, "capitalSurplus": 2043000, "otherStockholderEquity": 889351000, "totalStockholderEquity": 2764002000, "netTangibleAssets": 2662852000}, {"maxAge": 1, "endDate": "2019-03-31", "cash": 359932000, "shortTermInvestments": 3277000, "netReceivables": 144053000, "inventory": 579162000, "otherCurrentAssets": 30186000, "totalCurrentAssets": 1127419000, "propertyPlantEquipment": 1941955000, "intangibleAssets": 98919000, "otherAssets": 431091000, "deferredLongTermAssetCharges": 165316000, "totalAssets": 3599384000, "accountsPayable": 529674000, "otherCurrentLiab": 200762000, "otherLiab": 96216000, "totalCurrentLiabilities": 1305999000, "totalLiab": 1402215000, "commonStock": 1413754000, "retainedEarnings": -100811000, "treasuryStock": 882183000, "capitalSurplus": 2043000, "otherStockholderEquity": 882183000, "totalStockholderEquity": 2197169000, "netTangibleAssets": 2098250000}, {"maxAge": 1, "endDate": "2018-03-31", "cash": 299927000, "shortTermInvestments": 1546000, "netReceivables": 128184000, "inventory": 440194000, "otherCurrentAssets": 63505000, "totalCurrentAssets": 939702000, "propertyPlantEquipment": 1992115000, "intangibleAssets": 90291000, "otherAssets": 483055000, "deferredLongTermAssetCharges": 164295000, "totalAssets": 3505163000, "accountsPayable": 575460000, "otherCurrentLiab": 203569000, "otherLiab": 75629000, "totalCurrentLiabilities": 1244461000, "totalLiab": 1320090000, "commonStock": 1413743000, "retainedEarnings": -112907000, "treasuryStock": 882194000, "capitalSurplus": 2043000, "otherStockholderEquity": 882194000, "totalStockholderEquity": 2185073000, "netTangibleAssets": 2094782000}, {"maxAge": 1, "endDate": "2017-03-31", "cash": 222243000, "shortTermInvestments": 507000, "netReceivables": 64828000, "inventory": 697048000, "otherCurrentAssets": 103489000, "totalCurrentAssets": 1095062000, "propertyPlantEquipment": 2125692000, "intangibleAssets": 45616000, "otherAssets": 513688000, "deferredLongTermAssetCharges": 212390000, "totalAssets": 3780058000, "accountsPayable": 340326000, "otherCurrentLiab": 200102000, "otherLiab": 87633000, "totalCurrentLiabilities": 1650068000, "totalLiab": 1737701000, "commonStock": 1413743000, "retainedEarnings": -255623000, "treasuryStock": 882194000, "capitalSurplus": 2043000, "otherStockholderEquity": 882194000, "totalStockholderEquity": 2042357000, "netTangibleAssets": 1996741000}], "maxAge": 86400}, "financialData": {"maxAge": 86400, "currentPrice": 70.35, "recommendationKey": "none", "grossProfits": 2377320000, "financialCurrency": "INR"}}}