{"SHREECEM.NS": {"assetProfile": {"address1": "21, Strand Road", "city": "Kolkata", "zip": "700001", "country": "India", "phone": "91 33 2230 9601", "fax": "91 33 2243 4226", "website": "http://www.shreecement.com", "industry": "Building Materials", "sector": "Basic Materials", "longBusinessSummary": "Shree Cement Limited manufactures and sells cement and clinker in India and internationally. It offers cement under the Shee Jung Rodhak, Bangur, Rockstrong, Roofon Concrete Master, and Bangur Power brand names. The company also engages in the generation of power with a total capacity of 742 megawatts through thermal, waste heat recovery, solar, and wind power plants. Shree Cement Limited was incorporated in 1979 and is based in Kolkata, India.", "fullTimeEmployees": 6185, "companyOfficers": [{"maxAge": 1, "name": "Mr. Prashant  Bangur", "age": 40, "title": "Joint MD & Whole-Time Director", "yearBorn": 1980, "fiscalYear": 2020, "totalPay": 207684000, "exercisedValue": 0, "unexercisedValue": 0}, {"maxAge": 1, "name": "Mr. Hari Mohan Bangur", "age": 68, "title": "MD & Exec. Director", "yearBorn": 1952, "fiscalYear": 2020, "totalPay": 417598000, "exercisedValue": 0, "unexercisedValue": 0}, {"maxAge": 1, "name": "Mr. Subhash  Jajoo", "title": "Chief Fin. Officer", "fiscalYear": 2020, "totalPay": 10684000, "exercisedValue": 0, "unexercisedValue": 0}, {"maxAge": 1, "name": "Mr. Shyam Sunder Khandelwal", "age": 50, "title": "Compliance Officer, Company Sec. & Chief Investor Relations Officer", "yearBorn": 1970, "fiscalYear": 2020, "totalPay": 17101000, "exercisedValue": 0, "unexercisedValue": 0}, {"maxAge": 1, "name": "Mr. Prakash Narayan Chhangani", "age": 60, "title": "Whole Time Director", "yearBorn": 1960, "fiscalYear": 2020, "totalPay": 43715000, "exercisedValue": 0, "unexercisedValue": 0}, {"maxAge": 1, "name": "Mr. Vinay  Saxena", "title": "Sr. VP of Operations", "exercisedValue": 0, "unexercisedValue": 0}, {"maxAge": 1, "name": "Mr. Kamlesh Kumar Jain", "title": "VP of Accounts & Contract Cell", "exercisedValue": 0, "unexercisedValue": 0}, {"maxAge": 1, "name": "Mr. Manoranjan  Kumar", "title": "Chief Information Officer of IT & ERP", "exercisedValue": 0, "unexercisedValue": 0}, {"maxAge": 1, "name": "Mr. Diwakar  Payal", "age": 62, "title": "Pres of Marketing", "yearBorn": 1958, "fiscalYear": 2011, "exercisedValue": 0, "unexercisedValue": 0}, {"maxAge": 1, "name": "Mr. Kirit Chhaganlal Gandhi", "age": 64, "title": "Joint Pres of Material Management", "yearBorn": 1956, "fiscalYear": 2012, "exercisedValue": 0, "unexercisedValue": 0}], "auditRisk": 1, "boardRisk": 5, "compensationRisk": 1, "shareHolderRightsRisk": 5, "overallRisk": 3, "governanceEpochDate": "2021-04-01 05:30:00", "compensationAsOfEpochDate": "2020-12-31 05:30:00", "maxAge": 86400}, "recommendationTrend": {"trend": [{"period": "0m", "strongBuy": 0, "buy": 0, "hold": 0, "sell": 0, "strongSell": 0}, {"period": "-1m", "strongBuy": 0, "buy": 0, "hold": 0, "sell": 0, "strongSell": 0}, {"period": "-2m", "strongBuy": 0, "buy": 0, "hold": 0, "sell": 0, "strongSell": 0}, {"period": "-3m", "strongBuy": 0, "buy": 0, "hold": 0, "sell": 0, "strongSell": 0}], "maxAge": 86400}, "cashflowStatementHistory": {"cashflowStatements": [{"maxAge": 1, "endDate": "2020-03-31", "netIncome": 15358500000, "depreciation": 18020500000, "changeToNetincome": -631700000, "changeToAccountReceivables": 565000000, "changeToLiabilities": 4553400000, "changeToInventory": 1808500000, "totalCashFromOperatingActivities": 39731800000, "capitalExpenditures": -15313800000, "investments": -42493900000, "otherCashflowsFromInvestingActivities": 1910200000, "totalCashflowsFromInvestingActivities": -55987100000, "dividendsPaid": -6284100000, "netBorrowings": 1175000000, "otherCashflowsFromFinancingActivities": -2913700000, "totalCashFromFinancingActivities": 15810600000, "effectOfExchangeRate": 84400000, "changeInCash": -360300000, "issuanceOfStock": 23833400000}, {"maxAge": 1, "endDate": "2019-03-31", "netIncome": 10063900000, "depreciation": 14675300000, "changeToNetincome": 2523000000, "changeToAccountReceivables": -3561100000, "changeToLiabilities": -2324600000, "changeToInventory": -619100000, "totalCashFromOperatingActivities": 20800200000, "capitalExpenditures": -19342700000, "investments": 29586000000, "otherCashflowsFromInvestingActivities": 2504300000, "totalCashflowsFromInvestingActivities": -7215200000, "dividendsPaid": -1914600000, "netBorrowings": -7591400000, "otherCashflowsFromFinancingActivities": -3253900000, "totalCashFromFinancingActivities": -12759900000, "effectOfExchangeRate": 16900000, "changeInCash": 842000000, "issuanceOfStock": 23833400000}, {"maxAge": 1, "endDate": "2018-03-31", "netIncome": 13841500000, "depreciation": 8962200000, "changeToNetincome": -2917600000, "changeToAccountReceivables": -5099200000, "changeToLiabilities": 6513700000, "changeToInventory": -2545200000, "totalCashFromOperatingActivities": 18787200000, "capitalExpenditures": -25251300000, "investments": -18363700000, "otherCashflowsFromInvestingActivities": 7678900000, "totalCashflowsFromInvestingActivities": -35947300000, "dividendsPaid": -1531300000, "netBorrowings": 20353300000, "otherCashflowsFromFinancingActivities": -1559800000, "totalCashFromFinancingActivities": 17262200000, "effectOfExchangeRate": 16900000, "changeInCash": 102100000, "issuanceOfStock": 23833400000}, {"maxAge": 1, "endDate": "2017-03-31", "netIncome": 13390800000, "depreciation": 12122800000, "changeToNetincome": -3012500000, "changeToAccountReceivables": 165300000, "changeToLiabilities": 4318500000, "changeToInventory": -4993100000, "totalCashFromOperatingActivities": 22016100000, "capitalExpenditures": -12809000000, "investments": -11557200000, "otherCashflowsFromInvestingActivities": 4026000000, "totalCashflowsFromInvestingActivities": -20477700000, "dividendsPaid": -539700000, "netBorrowings": 4454700000, "otherCashflowsFromFinancingActivities": -2100400000, "totalCashFromFinancingActivities": -1669100000, "effectOfExchangeRate": 16900000, "changeInCash": -130700000, "issuanceOfStock": 23833400000}], "maxAge": 86400}, "indexTrend": {"maxAge": 1, "symbol": "SP5", "peRatio": 19.7411, "pegRatio": 1.34172, "estimates": [{"period": "0q", "growth": 0.549}, {"period": "+1q", "growth": 0.431}, {"period": "0y", "growth": 0.305}, {"period": "+1y", "growth": 0.109}, {"period": "+5y", "growth": 0.120865}, {"period": "-5y"}]}, "defaultKeyStatistics": {"maxAge": 1, "priceHint": 2, "enterpriseValue": 1003357339648, "profitMargins": 0.15949, "floatShares": 9834500, "sharesOutstanding": 36080700, "heldPercentInsiders": 0.72723, "heldPercentInstitutions": 0.14325, "beta": 0.632708, "category": null, "bookValue": 3868.298, "priceToBook": 7.2151885, "fundFamily": null, "legalType": null, "lastFiscalYearEnd": "2020-03-31 05:30:00", "nextFiscalYearEnd": "2022-03-31 05:30:00", "mostRecentQuarter": "2020-12-31 05:30:00", "earningsQuarterlyGrowth": 1.037, "netIncomeToCommon": 20233699328, "trailingEps": 560.81, "forwardEps": 549.45, "lastSplitFactor": null, "enterpriseToRevenue": 7.909, "enterpriseToEbitda": 22.31}, "industryTrend": {"maxAge": 1, "symbol": null, "estimates": []}, "quoteType": {"exchange": "NSI", "quoteType": "EQUITY", "symbol": "SHREECEM.NS", "underlyingSymbol": "SHREECEM.NS", "shortName": "SHREE CEMENT LTD", "longName": "Shree Cement Limited", "firstTradeDateEpochUtc": "2001-07-02 09:15:00", "timeZoneFullName": "Asia/Kolkata", "timeZoneShortName": "IST", "uuid": "7fa9f112-2d77-37a2-b40d-8924292b4775", "gmtOffSetMilliseconds": 19800000, "maxAge": 1}, "incomeStatementHistory": {"incomeStatementHistory": [{"maxAge": 1, "endDate": "2020-03-31", "totalRevenue": 128683900000, "costOfRevenue": 39913300000, "grossProfit": 88770600000, "researchDevelopment": {}, "sellingGeneralAdministrative": 35283400000, "nonRecurring": {}, "otherOperatingExpenses": 15854100000, "totalOperatingExpenses": 109128900000, "operatingIncome": 19555000000, "totalOtherIncomeExpenseNet": -212400000, "ebit": 19555000000, "interestExpense": -2881200000, "incomeBeforeTax": 19342600000, "incomeTaxExpense": 3902000000, "minorityInterest": 688100000, "netIncomeFromContinuingOps": 15440600000, "discontinuedOperations": {}, "extraordinaryItems": {}, "effectOfAccountingCharges": {}, "otherItems": {}, "netIncome": 15358500000, "netIncomeApplicableToCommonShares": 15358500000}, {"maxAge": 1, "endDate": "2019-03-31", "totalRevenue": 125546500000, "costOfRevenue": 43653200000, "grossProfit": 81893300000, "researchDevelopment": {}, "sellingGeneralAdministrative": 36906000000, "nonRecurring": {}, "otherOperatingExpenses": 15285700000, "totalOperatingExpenses": 110563000000, "operatingIncome": 14983500000, "totalOtherIncomeExpenseNet": -3527100000, "ebit": 14983500000, "interestExpense": -2449600000, "incomeBeforeTax": 11456400000, "incomeTaxExpense": 1305900000, "minorityInterest": 624800000, "netIncomeFromContinuingOps": 10150500000, "discontinuedOperations": {}, "extraordinaryItems": {}, "effectOfAccountingCharges": {}, "otherItems": {}, "netIncome": 10063900000, "netIncomeApplicableToCommonShares": 10063900000}, {"maxAge": 1, "endDate": "2018-03-31", "totalRevenue": 98331000000, "costOfRevenue": 29537600000, "grossProfit": 68793400000, "researchDevelopment": {}, "sellingGeneralAdministrative": 31326300000, "nonRecurring": {}, "otherOperatingExpenses": 11989000000, "totalOperatingExpenses": 81846900000, "operatingIncome": 16484100000, "totalOtherIncomeExpenseNet": 1787200000, "ebit": 16484100000, "interestExpense": -1323900000, "incomeBeforeTax": 18271300000, "incomeTaxExpense": 4429800000, "minorityInterest": 624800000, "netIncomeFromContinuingOps": 13841500000, "discontinuedOperations": {}, "extraordinaryItems": {}, "effectOfAccountingCharges": {}, "otherItems": {}, "netIncome": 13841500000, "netIncomeApplicableToCommonShares": 13841500000}, {"maxAge": 1, "endDate": "2017-03-31", "totalRevenue": 85943000000, "costOfRevenue": 22652800000, "grossProfit": 63290200000, "researchDevelopment": {}, "sellingGeneralAdministrative": 24306100000, "nonRecurring": {}, "otherOperatingExpenses": 13438300000, "totalOperatingExpenses": 72544300000, "operatingIncome": 13398700000, "totalOtherIncomeExpenseNet": 1909100000, "ebit": 13398700000, "interestExpense": -1270900000, "incomeBeforeTax": 15307800000, "incomeTaxExpense": 1917000000, "minorityInterest": 624800000, "netIncomeFromContinuingOps": 13390800000, "discontinuedOperations": {}, "extraordinaryItems": {}, "effectOfAccountingCharges": {}, "otherItems": {}, "netIncome": 13390800000, "netIncomeApplicableToCommonShares": 13390800000}], "maxAge": 86400}, "fundOwnership": {"ownershipList": [{"maxAge": 1, "reportDate": "2021-02-28", "organization": "Fidelity Series Emerging Markets Opportunities Fund", "pctHeld": 0.0101, "position": 363468, "value": 9632519895}, {"maxAge": 1, "reportDate": "2021-03-31", "organization": "New World Fund, Inc.", "pctHeld": 0.0084, "position": 302959, "value": 8926808118}, {"maxAge": 1, "reportDate": "2021-01-31", "organization": "Vanguard International Stock Index-Emerging Markets Stk", "pctHeld": 0.0044, "position": 158265, "value": 3604224237}, {"maxAge": 1, "reportDate": "2021-01-31", "organization": "Vanguard International Stock Index-Total Intl Stock Indx", "pctHeld": 0.004, "position": 145452, "value": 3312429304}, {"maxAge": 1, "reportDate": "2021-03-31", "organization": "iShares Core MSCI Emerging Markets ETF", "pctHeld": 0.0026, "position": 95090, "value": 2801864886}, {"maxAge": 1, "reportDate": "2021-03-31", "organization": "iShares MSCI India ETF", "pctHeld": 0.0021, "position": 75816, "value": 2233948766}, {"maxAge": 1, "reportDate": "2021-02-28", "organization": "Fidelity Advisor Focused Emerging Markets Fund", "pctHeld": 0.0014, "position": 50083, "value": 1327284641}, {"maxAge": 1, "reportDate": "2021-02-28", "organization": "Fidelity VIP Emerging Markets Portfolio", "pctHeld": 0.0011, "position": 39601, "value": 1049493821}, {"maxAge": 1, "reportDate": "2021-03-31", "organization": "iShares MSCI Emerging Markets ETF", "pctHeld": 0.0011, "position": 38290, "value": 1128230166}, {"maxAge": 1, "reportDate": "2021-02-28", "organization": "Aberdeen Standard SICAV I-Indian Equity Fd", "pctHeld": 0.001, "position": 37880, "value": 1003884396}], "maxAge": 1}, "summaryDetail": {"maxAge": 1, "priceHint": 2, "previousClose": 28444.35, "open": 28340.0, "dayLow": 27808.15, "dayHigh": 28432.35, "regularMarketPreviousClose": 28444.35, "regularMarketOpen": 28340.0, "regularMarketDayLow": 27808.15, "regularMarketDayHigh": 28432.35, "exDividendDate": "2020-02-24 05:30:00", "payoutRatio": 0.19569999, "beta": 0.632708, "trailingPE": 49.768192, "forwardPE": 50.79716, "volume": 32145, "regularMarketVolume": 32145, "averageVolume": 65399, "averageVolume10days": 76701, "averageDailyVolume10Day": 76701, "bid": 0.0, "ask": 0.0, "bidSize": 0, "askSize": 0, "marketCap": 1006382874624, "fiftyTwoWeekLow": 15882.15, "fiftyTwoWeekHigh": 30279.5, "priceToSalesTrailing12Months": 7.9326506, "fiftyDayAverage": 27779.627, "twoHundredDayAverage": 24289.559, "trailingAnnualDividendRate": 0.0, "trailingAnnualDividendYield": 0.0, "currency": "INR", "fromCurrency": null, "lastMarket": null, "algorithm": null, "tradeable": false}, "insiderHolders": {"holders": [{"maxAge": 1, "name": "Asish Creations Pvt. Ltd.", "relation": "Promoter", "url": "", "transactionDescription": "Other", "latestTransDate": "2016-09-28", "positionDirect": 210737, "positionDirectDate": "2016-09-28"}, {"maxAge": 1, "name": "Bangur (Benu Gopal)", "relation": "UNREPORTED", "url": "", "transactionDescription": "Other", "latestTransDate": "2021-04-08", "positionDirect": 0, "positionDirectDate": "2021-04-08"}, {"maxAge": 1, "name": "Bangur (Harimohan)", "relation": "Promoter", "url": "", "transactionDescription": "Other", "latestTransDate": "2021-04-08", "positionDirect": 488284, "positionDirectDate": "2021-04-08"}, {"maxAge": 1, "name": "Bangur (Prashant)", "relation": "Joint Managing director", "url": "", "transactionDescription": "Gift", "latestTransDate": "2019-03-16", "positionDirect": 389750, "positionDirectDate": "2019-03-16"}, {"maxAge": 1, "name": "Bangur (Ranu)", "relation": "Promoter", "url": "", "transactionDescription": "Acquisition", "latestTransDate": "2021-03-26", "positionDirect": 67700, "positionDirectDate": "2021-03-26"}, {"maxAge": 1, "name": "Jain (Riya Puja)", "relation": "UNREPORTED", "url": "", "transactionDescription": "Acquisition", "latestTransDate": "2012-08-14", "positionDirect": 2050, "positionDirectDate": "2012-08-14"}, {"maxAge": 1, "name": "Laxmi Salt Company Ltd", "relation": "Promoter", "url": "", "transactionDescription": "Other", "latestTransDate": "2016-09-28", "positionDirectDate": "2016-09-28"}, {"maxAge": 1, "name": "Maheshwari (Padma Devi)", "relation": "Promoter", "url": "", "transactionDescription": "Sale", "latestTransDate": "2013-11-18", "positionDirect": 600, "positionDirectDate": "2013-11-18"}, {"maxAge": 1, "name": "Sharma (Ramakant)", "relation": "Director", "url": "", "transactionDescription": "Other", "latestTransDate": "2013-12-27", "positionDirect": 25, "positionDirectDate": "2013-12-27"}, {"maxAge": 1, "name": "Singhi (Mahendra Kumar)", "relation": "Director", "url": "", "transactionDescription": "Sale", "latestTransDate": "2010-07-21", "positionDirect": 4151, "positionDirectDate": "2010-07-21"}], "maxAge": 1}, "calendarEvents": {"maxAge": 1, "earnings": {"earningsDate": [], "revenueAverage": 28528000000, "revenueLow": 28528000000, "revenueHigh": 28528000000}, "exDividendDate": "2020-02-24 05:30:00"}, "upgradeDowngradeHistory": {"history": [], "maxAge": 86400}, "price": {"maxAge": 1, "regularMarketChangePercent": -0.018768214, "regularMarketChange": -533.8496, "regularMarketTime": "2021-04-30 15:29:58", "priceHint": 2, "regularMarketPrice": 27910.5, "regularMarketDayHigh": 28432.35, "regularMarketDayLow": 27808.15, "regularMarketVolume": 32145, "averageDailyVolume10Day": 76701, "averageDailyVolume3Month": 65399, "regularMarketPreviousClose": 28444.35, "regularMarketSource": "FREE_REALTIME", "regularMarketOpen": 28340.0, "exchange": "NSI", "exchangeName": "NSE", "exchangeDataDelayedBy": 15, "marketState": "CLOSED", "quoteType": "EQUITY", "symbol": "SHREECEM.NS", "underlyingSymbol": null, "shortName": "SHREE CEMENT LTD", "longName": "Shree Cement Limited", "currency": "INR", "quoteSourceName": "Delayed Quote", "currencySymbol": "\u20b9", "fromCurrency": null, "lastMarket": null, "marketCap": 1006382874624}, "balanceSheetHistory": {"balanceSheetStatements": [{"maxAge": 1, "endDate": "2020-03-31", "cash": 1142100000, "shortTermInvestments": 4893600000, "netReceivables": 22239000000, "inventory": 17134900000, "otherCurrentAssets": 2579900000, "totalCurrentAssets": 78938200000, "longTermInvestments": 32935000000, "propertyPlantEquipment": 73065300000, "intangibleAssets": 532100000, "otherAssets": 13970900000, "deferredLongTermAssetCharges": 7437800000, "totalAssets": 199441500000, "accountsPayable": 6576500000, "shortLongTermDebt": 8136600000, "otherCurrentLiab": 9241200000, "longTermDebt": 17836300000, "otherLiab": 14219700000, "minorityInterest": 688100000, "totalCurrentLiabilities": 34079200000, "totalLiab": 67059100000, "commonStock": 360800000, "retainedEarnings": 105282900000, "treasuryStock": 1964300000, "capitalSurplus": 24086300000, "otherStockholderEquity": 1964300000, "totalStockholderEquity": 131694300000, "netTangibleAssets": 131162200000}, {"maxAge": 1, "endDate": "2019-03-31", "cash": 1422000000, "shortTermInvestments": 2606700000, "netReceivables": 22079400000, "inventory": 18703100000, "otherCurrentAssets": 2125600000, "totalCurrentAssets": 47192200000, "longTermInvestments": 22807400000, "propertyPlantEquipment": 72646100000, "intangibleAssets": 464900000, "otherAssets": 11819900000, "deferredLongTermAssetCharges": 6126400000, "totalAssets": 154930500000, "accountsPayable": 5381900000, "shortLongTermDebt": 195000000, "otherCurrentLiab": 8093200000, "longTermDebt": 24377800000, "otherLiab": 11899000000, "minorityInterest": 624800000, "totalCurrentLiabilities": 21265800000, "totalLiab": 57598200000, "commonStock": 348400000, "retainedEarnings": 96131300000, "treasuryStock": -37500000, "capitalSurplus": 265300000, "otherStockholderEquity": -37500000, "totalStockholderEquity": 96707500000, "netTangibleAssets": 96242600000}, {"maxAge": 1, "endDate": "2018-03-31", "cash": 517700000, "shortTermInvestments": 772200000, "netReceivables": 15786700000, "inventory": 15690200000, "otherCurrentAssets": 1084100000, "totalCurrentAssets": 57002500000, "longTermInvestments": 33230400000, "propertyPlantEquipment": 50042600000, "intangibleAssets": 120700000, "otherAssets": 11020500000, "deferredLongTermAssetCharges": 5130500000, "totalAssets": 151416700000, "accountsPayable": 7272800000, "shortLongTermDebt": 75300000, "otherCurrentLiab": 7663200000, "longTermDebt": 22302600000, "otherLiab": 10411500000, "totalCurrentLiabilities": 29671500000, "totalLiab": 62450100000, "commonStock": 348400000, "retainedEarnings": 88339500000, "treasuryStock": 13400000, "capitalSurplus": 265300000, "otherStockholderEquity": 13400000, "totalStockholderEquity": 88966600000, "netTangibleAssets": 88845900000}, {"maxAge": 1, "endDate": "2017-03-31", "cash": 1111000000, "shortTermInvestments": 6817200000, "netReceivables": 11178600000, "inventory": 13145000000, "otherCurrentAssets": 531500000, "totalCurrentAssets": 32821900000, "longTermInvestments": 35882300000, "propertyPlantEquipment": 32967800000, "intangibleAssets": 127800000, "otherAssets": 9860000000, "deferredLongTermAssetCharges": 5076900000, "totalAssets": 111659800000, "accountsPayable": 3516900000, "shortLongTermDebt": 500000, "otherCurrentLiab": 5825300000, "longTermDebt": 5369600000, "otherLiab": 9420000000, "totalCurrentLiabilities": 19890200000, "totalLiab": 34679800000, "commonStock": 348400000, "retainedEarnings": 76321400000, "treasuryStock": 44900000, "capitalSurplus": 265300000, "otherStockholderEquity": 44900000, "totalStockholderEquity": 76980000000, "netTangibleAssets": 76852200000}], "maxAge": 86400}, "earningsTrend": {"trend": [{"maxAge": 1, "period": "0q", "endDate": "2018-12-31", "growth": {}, "earningsEstimate": {"avg": 0.0, "low": 0.0, "high": 0.0, "yearAgoEps": 95.68, "numberOfAnalysts": 0, "growth": {}}, "revenueEstimate": {"avg": 28528000000, "low": 28528000000, "high": 28528000000, "numberOfAnalysts": 1, "yearAgoRevenue": 22962300000, "growth": 0.24200001}, "epsTrend": {"current": 0.0, "7daysAgo": 72.5, "30daysAgo": 72.5, "60daysAgo": 72.5, "90daysAgo": 72.5}, "epsRevisions": {"upLast7days": 0, "upLast30days": 0, "downLast30days": 0, "downLast90days": {}}}, {"maxAge": 1, "period": "+1q", "endDate": "2019-03-31", "growth": {}, "earningsEstimate": {"avg": 0.0, "low": 0.0, "high": 0.0, "yearAgoEps": 114.6, "numberOfAnalysts": 0, "growth": {}}, "revenueEstimate": {"avg": 35959000000, "low": 35959000000, "high": 35959000000, "numberOfAnalysts": 1, "yearAgoRevenue": 28110800000, "growth": 0.27899998}, "epsTrend": {"current": 0.0, "7daysAgo": 115.69, "30daysAgo": 115.69, "60daysAgo": 115.69, "90daysAgo": 115.69}, "epsRevisions": {"upLast7days": 0, "upLast30days": 0, "downLast30days": 0, "downLast90days": {}}}, {"maxAge": 1, "period": "0y", "endDate": "2019-03-31", "growth": {}, "earningsEstimate": {"avg": 0.0, "low": 0.0, "high": 0.0, "yearAgoEps": {}, "numberOfAnalysts": 0, "growth": {}}, "revenueEstimate": {"avg": 120500000000, "low": 112573000000, "high": 132613000000, "numberOfAnalysts": 26, "yearAgoRevenue": 98331000000, "growth": 0.225}, "epsTrend": {"current": 0.0, "7daysAgo": 402.95, "30daysAgo": 402.95, "60daysAgo": 402.95, "90daysAgo": 402.95}, "epsRevisions": {"upLast7days": 0, "upLast30days": 2, "downLast30days": 0, "downLast90days": {}}}, {"maxAge": 1, "period": "+1y", "endDate": "2020-03-31", "growth": {}, "earningsEstimate": {"avg": 0.0, "low": 0.0, "high": 0.0, "yearAgoEps": {}, "numberOfAnalysts": 0, "growth": {}}, "revenueEstimate": {"avg": 143487000000, "low": 131066000000, "high": 164828000000, "numberOfAnalysts": 26, "yearAgoRevenue": 120500000000, "growth": 0.191}, "epsTrend": {"current": 0.0, "7daysAgo": 549.45, "30daysAgo": 549.45, "60daysAgo": 549.45, "90daysAgo": 549.45}, "epsRevisions": {"upLast7days": 0, "upLast30days": 2, "downLast30days": 0, "downLast90days": {}}}, {"maxAge": 1, "period": "+5y", "endDate": null, "growth": 0.26590002, "earningsEstimate": {"avg": {}, "low": {}, "high": {}, "yearAgoEps": {}, "numberOfAnalysts": {}, "growth": {}}, "revenueEstimate": {"avg": {}, "low": {}, "high": {}, "numberOfAnalysts": {}, "yearAgoRevenue": {}, "growth": {}}, "epsTrend": {"current": {}, "7daysAgo": {}, "30daysAgo": {}, "60daysAgo": {}, "90daysAgo": {}}, "epsRevisions": {"upLast7days": {}, "upLast30days": {}, "downLast30days": {}, "downLast90days": {}}}, {"maxAge": 1, "period": "-5y", "endDate": null, "growth": {}, "earningsEstimate": {"avg": {}, "low": {}, "high": {}, "yearAgoEps": {}, "numberOfAnalysts": {}, "growth": {}}, "revenueEstimate": {"avg": {}, "low": {}, "high": {}, "numberOfAnalysts": {}, "yearAgoRevenue": {}, "growth": {}}, "epsTrend": {"current": {}, "7daysAgo": {}, "30daysAgo": {}, "60daysAgo": {}, "90daysAgo": {}}, "epsRevisions": {"upLast7days": {}, "upLast30days": {}, "downLast30days": {}, "downLast90days": {}}}], "maxAge": 1}, "institutionOwnership": {"ownershipList": [], "maxAge": 1}, "majorHoldersBreakdown": {"maxAge": 1, "insidersPercentHeld": 0.72723, "institutionsPercentHeld": 0.14325, "institutionsFloatPercentHeld": 0.52515, "institutionsCount": 157}, "balanceSheetHistoryQuarterly": {"balanceSheetStatements": [{"maxAge": 1, "endDate": "2020-12-31", "totalStockholderEquity": 139573900000, "netTangibleAssets": 139053600000}, {"maxAge": 1, "endDate": "2020-09-30", "cash": 6307200000, "shortTermInvestments": 35828900000, "netReceivables": 8684300000, "inventory": 16797600000, "otherCurrentAssets": 10102600000, "totalCurrentAssets": 77720600000, "longTermInvestments": 37668800000, "propertyPlantEquipment": 70605700000, "intangibleAssets": 520300000, "otherAssets": 12724700000, "deferredLongTermAssetCharges": 7715200000, "totalAssets": 199240100000, "accountsPayable": 6847300000, "otherCurrentLiab": 23548400000, "longTermDebt": 14769700000, "otherLiab": 10067400000, "minorityInterest": 521500000, "totalCurrentLiabilities": 34307600000, "totalLiab": 59144700000, "commonStock": 360800000, "treasuryStock": 139213100000, "otherStockholderEquity": 139213100000, "totalStockholderEquity": 139573900000, "netTangibleAssets": 139053600000}, {"maxAge": 1, "endDate": "2020-06-30", "totalStockholderEquity": 131694300000, "netTangibleAssets": 131162200000}, {"maxAge": 1, "endDate": "2020-03-31", "cash": 1142100000, "shortTermInvestments": 4893600000, "netReceivables": 22239000000, "inventory": 17134900000, "otherCurrentAssets": 2579900000, "totalCurrentAssets": 78938200000, "longTermInvestments": 32935000000, "propertyPlantEquipment": 73065300000, "intangibleAssets": 532100000, "otherAssets": 13970900000, "deferredLongTermAssetCharges": 7437800000, "totalAssets": 199441500000, "accountsPayable": 6576500000, "shortLongTermDebt": 8136600000, "otherCurrentLiab": 9241200000, "longTermDebt": 17836300000, "otherLiab": 14219700000, "minorityInterest": 688100000, "totalCurrentLiabilities": 34079200000, "totalLiab": 67059100000, "commonStock": 360800000, "retainedEarnings": 105282900000, "treasuryStock": 1964300000, "capitalSurplus": 24086300000, "otherStockholderEquity": 1964300000, "totalStockholderEquity": 131694300000, "netTangibleAssets": 131162200000}], "maxAge": 86400}, "earningsHistory": {"history": [{"maxAge": 1, "epsActual": 95.68, "epsEstimate": 92.85, "epsDifference": 2.83, "surprisePercent": 0.03, "quarter": "2017-12-31", "period": "-4q"}, {"maxAge": 1, "epsActual": 114.6, "epsEstimate": 96.43, "epsDifference": 18.17, "surprisePercent": 0.188, "quarter": "2018-03-31", "period": "-3q"}, {"maxAge": 1, "epsActual": 80.22, "epsEstimate": 101.08, "epsDifference": -20.86, "surprisePercent": -0.206, "quarter": "2018-06-30", "period": "-2q"}, {"maxAge": 1, "epsActual": 14.16, "epsEstimate": 54.88, "epsDifference": -40.72, "surprisePercent": -0.742, "quarter": "2018-09-30", "period": "-1q"}], "maxAge": 86400}, "esgScores": {"maxAge": 86400, "totalEsg": 25.06, "environmentScore": 12.4, "socialScore": 3.19, "governanceScore": 9.47, "ratingYear": 2021, "ratingMonth": 3, "highestControversy": 2.0, "esgPerformance": null, "peerCount": 16, "peerGroup": "Construction Materials", "relatedControversy": ["Employee Incidents", "Customer Incidents"], "peerEsgScorePerformance": {"min": 20.61, "avg": 29.298125000000002, "max": 36.67}, "peerGovernancePerformance": {"min": 5.32, "avg": 8.310714285714285, "max": 10.6}, "peerSocialPerformance": {"min": 2.81, "avg": 4.475, "max": 6.54}, "peerEnvironmentPerformance": {"min": 10.15, "avg": 15.867857142857142, "max": 21.64}, "peerHighestControversyPerformance": {"min": 1.0, "avg": 2.125, "max": 3.0}, "percentile": 39.0, "environmentPercentile": 0.0, "socialPercentile": 0.0, "governancePercentile": 0.0, "adult": false, "alcoholic": false, "animalTesting": false, "catholic": false, "controversialWeapons": false, "smallArms": false, "furLeather": false, "gambling": false, "gmo": false, "militaryContract": false, "nuclear": false, "pesticides": false, "palmOil": false, "coal": true, "tobacco": false}, "summaryProfile": {"address1": "21, Strand Road", "city": "Kolkata", "zip": "700001", "country": "India", "phone": "91 33 2230 9601", "fax": "91 33 2243 4226", "website": "http://www.shreecement.com", "industry": "Building Materials", "sector": "Basic Materials", "longBusinessSummary": "Shree Cement Limited manufactures and sells cement and clinker in India and internationally. It offers cement under the Shee Jung Rodhak, Bangur, Rockstrong, Roofon Concrete Master, and Bangur Power brand names. The company also engages in the generation of power with a total capacity of 742 megawatts through thermal, waste heat recovery, solar, and wind power plants. Shree Cement Limited was incorporated in 1979 and is based in Kolkata, India.", "fullTimeEmployees": 6185, "companyOfficers": [], "maxAge": 86400}, "netSharePurchaseActivity": {"maxAge": 1, "period": "6m", "buyInfoCount": 0, "buyInfoShares": 0, "sellInfoCount": 0, "netInfoCount": 0, "netInfoShares": 0, "netPercentInsiderShares": 0.0, "totalInsiderShares": 26238924}, "insiderTransactions": {"transactions": [{"maxAge": 1, "shares": 10221, "value": 4328785, "filerUrl": "", "transactionText": "Other at price 423.52 per share.", "filerName": "Bangur (Benu Gopal)", "filerRelation": "UNREPORTED", "moneyText": "", "startDate": "2021-04-08", "ownership": "D"}, {"maxAge": 1, "shares": 10221, "value": 4328785, "filerUrl": "", "transactionText": "Other at price 423.52 per share.", "filerName": "Bangur (Harimohan)", "filerRelation": "Promoter", "moneyText": "", "startDate": "2021-04-08", "ownership": "D"}, {"maxAge": 1, "shares": 4000, "value": 1548888, "filerUrl": "", "transactionText": "Sale at price 387.22 per share.", "filerName": "Bangur (Harimohan)", "filerRelation": "Promoter", "moneyText": "", "startDate": "2021-03-26", "ownership": "D"}, {"maxAge": 1, "shares": 4000, "value": 1548888, "filerUrl": "", "transactionText": "Acquisition at price 387.22 per share.", "filerName": "Bangur (Ranu)", "filerRelation": "Promoter", "moneyText": "", "startDate": "2021-03-26", "ownership": "D"}, {"maxAge": 1, "shares": 75000, "filerUrl": "", "transactionText": "", "filerName": "Bangur (Prashant)", "filerRelation": "Joint Managing director", "moneyText": "", "startDate": "2019-03-16", "ownership": "D"}, {"maxAge": 1, "shares": 98700, "filerUrl": "", "transactionText": "", "filerName": "Bangur (Benu Gopal)", "filerRelation": "Non Executive Chairman", "moneyText": "", "startDate": "2019-03-16", "ownership": "D"}, {"maxAge": 1, "shares": 23700, "filerUrl": "", "transactionText": "", "filerName": "Bangur (Ranu)", "filerRelation": "Promoter", "moneyText": "", "startDate": "2019-03-16", "ownership": "D"}, {"maxAge": 1, "shares": 23825, "filerUrl": "", "transactionText": "", "filerName": "Bangur (Harimohan)", "filerRelation": "Promoter", "moneyText": "", "startDate": "2019-03-15", "ownership": "D"}, {"maxAge": 1, "shares": 14100, "filerUrl": "", "transactionText": "", "filerName": "Bangur (Benu Gopal)", "filerRelation": "Non Executive Chairman", "moneyText": "", "startDate": "2019-03-15", "ownership": "D"}, {"maxAge": 1, "shares": 89000, "filerUrl": "", "transactionText": "", "filerName": "Bangur (Benu Gopal)", "filerRelation": "Non Executive Chairman", "moneyText": "", "startDate": "2019-03-15", "ownership": "D"}, {"maxAge": 1, "shares": 63475, "filerUrl": "", "transactionText": "", "filerName": "Bangur (Prashant)", "filerRelation": "Joint Managing director", "moneyText": "", "startDate": "2019-03-15", "ownership": "D"}, {"maxAge": 1, "shares": 14100, "filerUrl": "", "transactionText": "", "filerName": "Bangur (Harimohan)", "filerRelation": "Promoter", "moneyText": "", "startDate": "2019-03-15", "ownership": "D"}, {"maxAge": 1, "shares": 49350, "filerUrl": "", "transactionText": "", "filerName": "Bangur (Harimohan)", "filerRelation": "Promoter", "moneyText": "", "startDate": "2019-03-15", "ownership": "D"}, {"maxAge": 1, "shares": 20000, "filerUrl": "", "transactionText": "", "filerName": "Bangur (Ranu)", "filerRelation": "Promoter", "moneyText": "", "startDate": "2019-03-02", "ownership": "D"}, {"maxAge": 1, "shares": 100000, "filerUrl": "", "transactionText": "", "filerName": "Bangur (Prashant)", "filerRelation": "Joint Managing director", "moneyText": "", "startDate": "2019-03-02", "ownership": "D"}, {"maxAge": 1, "shares": 120000, "filerUrl": "", "transactionText": "", "filerName": "Bangur (Benu Gopal)", "filerRelation": "Non Executive Chairman", "moneyText": "", "startDate": "2019-03-02", "ownership": "D"}, {"maxAge": 1, "shares": 93800, "filerUrl": "", "transactionText": "", "filerName": "Bangur (Benu Gopal)", "filerRelation": "Chairman of the Board", "moneyText": "", "startDate": "2018-03-20", "ownership": "D"}, {"maxAge": 1, "shares": 93800, "filerUrl": "", "transactionText": "", "filerName": "Bangur (Prashant)", "filerRelation": "President", "moneyText": "", "startDate": "2018-03-20", "ownership": "D"}, {"maxAge": 1, "shares": 100000, "filerUrl": "", "transactionText": "", "filerName": "Laxmi Salt Company Ltd", "filerRelation": "Promoter", "moneyText": "", "startDate": "2016-09-28", "ownership": "D"}, {"maxAge": 1, "shares": 100000, "filerUrl": "", "transactionText": "", "filerName": "Asish Creations Pvt. Ltd.", "filerRelation": "Promoter", "moneyText": "", "startDate": "2016-09-28", "ownership": "D"}, {"maxAge": 1, "shares": 24600, "filerUrl": "", "transactionText": "", "filerName": "Asish Creations Pvt. Ltd.", "filerRelation": "Promoter", "moneyText": "", "startDate": "2016-09-22", "ownership": "D"}, {"maxAge": 1, "shares": 24600, "filerUrl": "", "transactionText": "", "filerName": "Laxmi Salt Company Ltd", "filerRelation": "Promoter", "moneyText": "", "startDate": "2016-09-22", "ownership": "D"}, {"maxAge": 1, "shares": 25, "filerUrl": "", "transactionText": "", "filerName": "Sharma (Ramakant)", "filerRelation": "Director", "moneyText": "", "startDate": "2013-12-27", "ownership": "D"}, {"maxAge": 1, "shares": 200, "filerUrl": "", "transactionText": "", "filerName": "Maheshwari (Padma Devi)", "filerRelation": "Promoter", "moneyText": "", "startDate": "2013-11-18", "ownership": "D"}, {"maxAge": 1, "shares": 20000, "filerUrl": "", "transactionText": "", "filerName": "Bangur (Ranu)", "filerRelation": "UNREPORTED", "moneyText": "", "startDate": "2013-08-29", "ownership": "D"}, {"maxAge": 1, "shares": 20000, "filerUrl": "", "transactionText": "", "filerName": "Bangur (Harimohan)", "filerRelation": "Promoter", "moneyText": "", "startDate": "2013-08-29", "ownership": "D"}, {"maxAge": 1, "shares": 1000, "filerUrl": "", "transactionText": "", "filerName": "Jain (Riya Puja)", "filerRelation": "UNREPORTED", "moneyText": "", "startDate": "2012-08-14", "ownership": "D"}, {"maxAge": 1, "shares": 80, "filerUrl": "", "transactionText": "", "filerName": "Jain (Riya Puja)", "filerRelation": "UNREPORTED", "moneyText": "", "startDate": "2012-08-13", "ownership": "D"}, {"maxAge": 1, "shares": 466, "filerUrl": "", "transactionText": "", "filerName": "Jain (Riya Puja)", "filerRelation": "UNREPORTED", "moneyText": "", "startDate": "2012-08-10", "ownership": "D"}, {"maxAge": 1, "shares": 800, "filerUrl": "", "transactionText": "", "filerName": "Maheshwari (Padma Devi)", "filerRelation": "UNREPORTED", "moneyText": "", "startDate": "2012-08-10", "ownership": "D"}, {"maxAge": 1, "shares": 454, "filerUrl": "", "transactionText": "", "filerName": "Jain (Riya Puja)", "filerRelation": "UNREPORTED", "moneyText": "", "startDate": "2012-08-09", "ownership": "D"}, {"maxAge": 1, "shares": 1634, "filerUrl": "", "transactionText": "", "filerName": "Singhi (Mahendra Kumar)", "filerRelation": "Director", "moneyText": "", "startDate": "2010-07-21", "ownership": "D"}, {"maxAge": 1, "shares": 100000, "filerUrl": "", "transactionText": "", "filerName": "Bangur (Benu Gopal)", "filerRelation": "Chairman of the Board", "moneyText": "", "startDate": "2010-07-20", "ownership": "D"}, {"maxAge": 1, "shares": 20000, "filerUrl": "", "transactionText": "", "filerName": "Bangur (Prashant)", "filerRelation": "President", "moneyText": "", "startDate": "2010-07-20", "ownership": "D"}, {"maxAge": 1, "shares": 11062, "filerUrl": "", "transactionText": "", "filerName": "Bangur (Harimohan)", "filerRelation": "UNREPORTED", "moneyText": "", "startDate": "2010-07-01", "ownership": "D"}, {"maxAge": 1, "shares": 10000, "filerUrl": "", "transactionText": "", "filerName": "Bangur (Harimohan)", "filerRelation": "UNREPORTED", "moneyText": "", "startDate": "2010-06-30", "ownership": "D"}], "maxAge": 1}, "sectorTrend": {"maxAge": 1, "symbol": null, "estimates": []}, "incomeStatementHistoryQuarterly": {"incomeStatementHistory": [{"maxAge": 1, "endDate": "2020-12-31", "totalRevenue": 35413800000, "costOfRevenue": 8821200000, "grossProfit": 26592600000, "researchDevelopment": {}, "sellingGeneralAdministrative": 10246600000, "nonRecurring": {}, "otherOperatingExpenses": 5086800000, "totalOperatingExpenses": 27377200000, "operatingIncome": 8036600000, "totalOtherIncomeExpenseNet": 484800000, "ebit": 8036600000, "interestExpense": -595200000, "incomeBeforeTax": 8521400000, "incomeTaxExpense": 2205600000, "minorityInterest": {}, "netIncomeFromContinuingOps": 6315800000, "discontinuedOperations": {}, "extraordinaryItems": {}, "effectOfAccountingCharges": {}, "otherItems": {}, "netIncome": 6308700000, "netIncomeApplicableToCommonShares": 6308700000}, {"maxAge": 1, "endDate": "2020-09-30", "totalRevenue": 32499300000, "costOfRevenue": 8237300000, "grossProfit": 24262000000, "researchDevelopment": {}, "sellingGeneralAdministrative": 9275200000, "nonRecurring": {}, "otherOperatingExpenses": 4989500000, "totalOperatingExpenses": 25599200000, "operatingIncome": 6900100000, "totalOtherIncomeExpenseNet": 395000000, "ebit": 6900100000, "interestExpense": -639000000, "incomeBeforeTax": 7295100000, "incomeTaxExpense": 2016400000, "minorityInterest": 521500000, "netIncomeFromContinuingOps": 5278700000, "discontinuedOperations": {}, "extraordinaryItems": {}, "effectOfAccountingCharges": {}, "otherItems": {}, "netIncome": 5269700000, "netIncomeApplicableToCommonShares": 5269700000}, {"maxAge": 1, "endDate": "2020-06-30", "totalRevenue": 24801400000, "costOfRevenue": 6243000000, "grossProfit": 18558400000, "researchDevelopment": {}, "sellingGeneralAdministrative": 7866100000, "nonRecurring": {}, "otherOperatingExpenses": 3812800000, "totalOperatingExpenses": 20923400000, "operatingIncome": 3878000000, "totalOtherIncomeExpenseNet": 548500000, "ebit": 3878000000, "interestExpense": -715900000, "incomeBeforeTax": 4426500000, "incomeTaxExpense": 1123000000, "minorityInterest": 521500000, "netIncomeFromContinuingOps": 3303500000, "discontinuedOperations": {}, "extraordinaryItems": {}, "effectOfAccountingCharges": {}, "otherItems": {}, "netIncome": 3296000000, "netIncomeApplicableToCommonShares": 3296000000}, {"maxAge": 1, "endDate": "2020-03-31", "totalRevenue": 34151400000, "costOfRevenue": 12235500000, "grossProfit": 21915900000, "researchDevelopment": {}, "sellingGeneralAdministrative": 9388000000, "nonRecurring": {}, "otherOperatingExpenses": 1918500000, "totalOperatingExpenses": 28188700000, "operatingIncome": 5962700000, "totalOtherIncomeExpenseNet": 200900000, "ebit": 5962700000, "interestExpense": -705600000, "incomeBeforeTax": 6163600000, "incomeTaxExpense": 797100000, "minorityInterest": 688100000, "netIncomeFromContinuingOps": 5366500000, "discontinuedOperations": {}, "extraordinaryItems": {}, "effectOfAccountingCharges": {}, "otherItems": {}, "netIncome": 5359300000, "netIncomeApplicableToCommonShares": 5359300000}], "maxAge": 86400}, "cashflowStatementHistoryQuarterly": {"cashflowStatements": [{"maxAge": 1, "endDate": "2020-12-31", "netIncome": 6308700000, "changeToLiabilities": 0}, {"maxAge": 1, "endDate": "2020-09-30", "netIncome": 5269700000, "changeToLiabilities": 0}, {"maxAge": 1, "endDate": "2020-06-30", "netIncome": 3296000000, "changeToLiabilities": 0}, {"maxAge": 1, "endDate": "2020-03-31", "netIncome": 5359300000, "changeToLiabilities": 0}], "maxAge": 86400}, "earnings": {"maxAge": 86400, "earningsChart": {"quarterly": [{"date": "4Q2017", "actual": 95.68, "estimate": 92.85}, {"date": "1Q2018", "actual": 114.6, "estimate": 96.43}, {"date": "2Q2018", "actual": 80.22, "estimate": 101.08}, {"date": "3Q2018", "actual": 14.16, "estimate": 54.88}], "currentQuarterEstimateDate": "4Q", "currentQuarterEstimateYear": 2018, "earningsDate": []}, "financialsChart": {"yearly": [{"date": 2017, "revenue": 85943000000, "earnings": 13390800000}, {"date": 2018, "revenue": 98331000000, "earnings": 13841500000}, {"date": 2019, "revenue": 125546500000, "earnings": 10063900000}, {"date": 2020, "revenue": 128683900000, "earnings": 15358500000}], "quarterly": [{"date": "1Q2020", "revenue": 34151400000, "earnings": 5359300000}, {"date": "2Q2020", "revenue": 24801400000, "earnings": 3296000000}, {"date": "3Q2020", "revenue": 32499300000, "earnings": 5269700000}, {"date": "4Q2020", "revenue": 35413800000, "earnings": 6308700000}]}, "financialCurrency": "INR"}, "financialData": {"maxAge": 86400, "currentPrice": 27910.5, "targetHighPrice": 20537.0, "targetLowPrice": 11119.0, "targetMeanPrice": 16733.0, "targetMedianPrice": 17200.0, "recommendationKey": "none", "numberOfAnalystOpinions": 34, "totalCash": 42136100864, "totalCashPerShare": 1167.831, "ebitda": 44972548096, "totalDebt": 18681600000, "totalRevenue": 126865899520, "debtToEquity": 13.335, "revenuePerShare": 3516.294, "grossProfits": 88770600000, "earningsGrowth": 0.997, "revenueGrowth": 0.126, "grossMargins": 0.71989, "ebitdaMargins": 0.35449, "operatingMargins": 0.19530001, "profitMargins": 0.15949, "financialCurrency": "INR"}}}