{"SHRIRAMEPC.BO": {"recommendationTrend": {"trend": [{"period": "0m", "strongBuy": 0, "buy": 0, "hold": 0, "sell": 0, "strongSell": 0}, {"period": "-1m", "strongBuy": 0, "buy": 0, "hold": 0, "sell": 0, "strongSell": 0}, {"period": "-2m", "strongBuy": 0, "buy": 0, "hold": 0, "sell": 0, "strongSell": 0}, {"period": "-3m", "strongBuy": 0, "buy": 0, "hold": 0, "sell": 0, "strongSell": 0}], "maxAge": 86400}, "cashflowStatementHistory": {"cashflowStatements": [{"maxAge": 1, "endDate": "2020-03-31", "netIncome": -772633000, "depreciation": 56217000, "changeToNetincome": 1660074000, "changeToAccountReceivables": 203601000, "changeToLiabilities": -1006803000, "changeToInventory": 11013000, "changeToOperatingActivities": -222063000, "totalCashFromOperatingActivities": -70130000, "capitalExpenditures": -14782000, "otherCashflowsFromInvestingActivities": 415091000, "totalCashflowsFromInvestingActivities": 402252000, "netBorrowings": 194070000, "otherCashflowsFromFinancingActivities": -711642000, "totalCashFromFinancingActivities": -517572000, "changeInCash": -185449000}, {"maxAge": 1, "endDate": "2019-03-31", "netIncome": 305857000, "depreciation": 55978000, "changeToNetincome": 1085270000, "changeToAccountReceivables": -1950637000, "changeToLiabilities": 943155000, "changeToInventory": -8366000, "changeToOperatingActivities": 2589201000, "totalCashFromOperatingActivities": 3021130000, "capitalExpenditures": -49924000, "otherCashflowsFromInvestingActivities": -339971000, "totalCashflowsFromInvestingActivities": -381425000, "netBorrowings": -1606851000, "otherCashflowsFromFinancingActivities": -964188000, "totalCashFromFinancingActivities": -2571039000, "changeInCash": 68666000}, {"maxAge": 1, "endDate": "2018-03-31", "netIncome": -20950000, "depreciation": 58576000, "changeToNetincome": 249918000, "changeToAccountReceivables": -355359000, "changeToLiabilities": 4839000, "changeToInventory": 411402000, "changeToOperatingActivities": -72599000, "totalCashFromOperatingActivities": 275827000, "capitalExpenditures": -12404000, "otherCashflowsFromInvestingActivities": 225148000, "totalCashflowsFromInvestingActivities": 213501000, "netBorrowings": 114585000, "otherCashflowsFromFinancingActivities": -1270902000, "totalCashFromFinancingActivities": -806317000, "changeInCash": -316989000, "issuanceOfStock": 350000000}, {"maxAge": 1, "endDate": "2017-03-31", "netIncome": -1374453000, "depreciation": 59313000, "changeToNetincome": 1959869000, "changeToAccountReceivables": -1950255000, "changeToLiabilities": 559308000, "changeToInventory": 73005000, "changeToOperatingActivities": 796540000, "totalCashFromOperatingActivities": 124838000, "capitalExpenditures": -19592000, "otherCashflowsFromInvestingActivities": -36735000, "totalCashflowsFromInvestingActivities": -56327000, "netBorrowings": 1098701000, "otherCashflowsFromFinancingActivities": -3397842000, "totalCashFromFinancingActivities": 350859000, "changeInCash": 419370000, "issuanceOfStock": 2650000000}], "maxAge": 86400}, "institutionOwnership": {"ownershipList": [], "maxAge": 1}, "balanceSheetHistoryQuarterly": {"balanceSheetStatements": [{"maxAge": 1, "endDate": "2020-06-30", "totalStockholderEquity": 11839054000, "netTangibleAssets": 11835046000}, {"maxAge": 1, "endDate": "2020-03-31", "cash": 120555000, "shortTermInvestments": 113759000, "netReceivables": 13689986000, "inventory": 32486000, "otherCurrentAssets": 2718075000, "totalCurrentAssets": 16685559000, "longTermInvestments": 7733000, "propertyPlantEquipment": 501126000, "intangibleAssets": 4008000, "otherAssets": 8828114000, "deferredLongTermAssetCharges": 4762370000, "totalAssets": 26026540000, "accountsPayable": 4380829000, "shortLongTermDebt": 257800000, "otherCurrentLiab": 983810000, "longTermDebt": 2062203000, "otherLiab": 1879104000, "minorityInterest": 14676000, "totalCurrentLiabilities": 10231436000, "totalLiab": 14172810000, "commonStock": 9715290000, "retainedEarnings": -17492705000, "treasuryStock": 493926000, "capitalSurplus": 19122543000, "otherStockholderEquity": 493926000, "totalStockholderEquity": 11839054000, "netTangibleAssets": 11835046000}, {"maxAge": 1, "endDate": "2019-12-31", "totalStockholderEquity": 12689844000, "netTangibleAssets": 12685562000}, {"maxAge": 1, "endDate": "2019-09-30", "cash": 1056415000, "shortTermInvestments": 434282000, "netReceivables": 4220657000, "inventory": 86823000, "otherCurrentAssets": 11360160000, "totalCurrentAssets": 17158337000, "longTermInvestments": 8080000, "propertyPlantEquipment": 520958000, "intangibleAssets": 4282000, "otherAssets": 10745112000, "deferredLongTermAssetCharges": 4762370000, "totalAssets": 28436769000, "accountsPayable": 4762209000, "shortLongTermDebt": 319541000, "otherCurrentLiab": 2264805000, "longTermDebt": 3677285000, "otherLiab": 1870761000, "minorityInterest": 13718000, "totalCurrentLiabilities": 10185161000, "totalLiab": 15733207000, "commonStock": 9715290000, "treasuryStock": 2974554000, "otherStockholderEquity": 2974554000, "totalStockholderEquity": 12689844000, "netTangibleAssets": 12685562000}], "maxAge": 86400}, "earningsHistory": {"history": [{"maxAge": 1, "epsActual": {}, "epsEstimate": {}, "epsDifference": {}, "surprisePercent": {}, "quarter": {}, "period": "-4q"}, {"maxAge": 1, "epsActual": {}, "epsEstimate": {}, "epsDifference": {}, "surprisePercent": {}, "quarter": {}, "period": "-3q"}, {"maxAge": 1, "epsActual": {}, "epsEstimate": {}, "epsDifference": {}, "surprisePercent": {}, "quarter": {}, "period": "-2q"}, {"maxAge": 1, "epsActual": {}, "epsEstimate": {}, "epsDifference": {}, "surprisePercent": {}, "quarter": {}, "period": "-1q"}], "maxAge": 86400}, "indexTrend": {"maxAge": 1, "symbol": "SP5", "peRatio": 19.7411, "pegRatio": 1.34172, "estimates": [{"period": "0q", "growth": 0.549}, {"period": "+1q", "growth": 0.431}, {"period": "0y", "growth": 0.305}, {"period": "+1y", "growth": 0.109}, {"period": "+5y", "growth": 0.120865}, {"period": "-5y"}]}, "industryTrend": {"maxAge": 1, "symbol": null, "estimates": []}, "insiderTransactions": {"transactions": [{"maxAge": 1, "shares": 168781, "filerUrl": "", "transactionText": "", "filerName": "Shivaraman (T)", "filerRelation": "Director", "moneyText": "", "startDate": "2018-03-27", "ownership": "D"}, {"maxAge": 1, "shares": 168781, "filerUrl": "", "transactionText": "", "filerName": "Shariff (Amjat M)", "filerRelation": "Director", "moneyText": "", "startDate": "2018-03-27", "ownership": "D"}, {"maxAge": 1, "shares": 113894, "filerUrl": "", "transactionText": "", "filerName": "Shivaraman (T)", "filerRelation": "Director", "moneyText": "", "startDate": "2018-03-26", "ownership": "D"}, {"maxAge": 1, "shares": 113894, "filerUrl": "", "transactionText": "", "filerName": "Shariff (Amjat M)", "filerRelation": "Director", "moneyText": "", "startDate": "2018-03-26", "ownership": "D"}, {"maxAge": 1, "shares": 48187115, "filerUrl": "", "transactionText": "", "filerName": "IDBI Bank Ltd", "filerRelation": "Institution- Corporation", "moneyText": "", "startDate": "2016-11-23", "ownership": "D"}, {"maxAge": 1, "shares": 42000000, "filerUrl": "", "transactionText": "", "filerName": "Shriram Industrial Holdings Pvt Ltd", "filerRelation": "Promoter", "moneyText": "", "startDate": "2014-11-15", "ownership": "D"}, {"maxAge": 1, "shares": 6350, "filerUrl": "", "transactionText": "", "filerName": "Suresh (K)", "filerRelation": "UNREPORTED", "moneyText": "", "startDate": "2014-04-10", "ownership": "D"}, {"maxAge": 1, "shares": 1286456, "filerUrl": "", "transactionText": "", "filerName": "Shriram Industrial Holdings Pvt Ltd", "filerRelation": "Promoter", "moneyText": "", "startDate": "2013-11-13", "ownership": "D"}, {"maxAge": 1, "shares": 1419000, "filerUrl": "", "transactionText": "", "filerName": "Shriram Industrial Holdings Pvt Ltd", "filerRelation": "Promoter", "moneyText": "", "startDate": "2012-06-14", "ownership": "D"}, {"maxAge": 1, "shares": 700000, "filerUrl": "", "transactionText": "", "filerName": "Shriram Industrial Holdings Pvt Ltd", "filerRelation": "Promoter", "moneyText": "", "startDate": "2012-05-03", "ownership": "D"}, {"maxAge": 1, "shares": 975000, "filerUrl": "", "transactionText": "", "filerName": "Shriram Industrial Holdings Pvt Ltd", "filerRelation": "Promoter", "moneyText": "", "startDate": "2012-03-28", "ownership": "D"}, {"maxAge": 1, "shares": 306321, "filerUrl": "", "transactionText": "", "filerName": "Shriram Industrial Holdings Pvt Ltd", "filerRelation": "Promoter", "moneyText": "", "startDate": "2012-03-06", "ownership": "D"}, {"maxAge": 1, "shares": 198517, "filerUrl": "", "transactionText": "", "filerName": "Shriram Industrial Holdings Pvt Ltd", "filerRelation": "Promoter", "moneyText": "", "startDate": "2012-03-02", "ownership": "D"}, {"maxAge": 1, "shares": 197610, "filerUrl": "", "transactionText": "", "filerName": "Shriram Industrial Holdings Pvt Ltd", "filerRelation": "Promoter", "moneyText": "", "startDate": "2012-03-02", "ownership": "D"}, {"maxAge": 1, "shares": 197882, "filerUrl": "", "transactionText": "", "filerName": "Shriram Industrial Holdings Pvt Ltd", "filerRelation": "Promoter", "moneyText": "", "startDate": "2012-02-29", "ownership": "D"}, {"maxAge": 1, "shares": 198968, "filerUrl": "", "transactionText": "", "filerName": "Shriram Industrial Holdings Pvt Ltd", "filerRelation": "Promoter", "moneyText": "", "startDate": "2012-02-28", "ownership": "D"}, {"maxAge": 1, "shares": 199273, "filerUrl": "", "transactionText": "", "filerName": "Shriram Industrial Holdings Pvt Ltd", "filerRelation": "Promoter", "moneyText": "", "startDate": "2012-02-27", "ownership": "D"}, {"maxAge": 1, "shares": 2104, "filerUrl": "", "transactionText": "", "filerName": "Sharma (Vivek)", "filerRelation": "Chief Financial Officer", "moneyText": "", "startDate": "2010-05-10", "ownership": "D"}, {"maxAge": 1, "shares": 500, "filerUrl": "", "transactionText": "", "filerName": "Sharma (Vivek)", "filerRelation": "Chief Financial Officer", "moneyText": "", "startDate": "2010-02-10", "ownership": "D"}, {"maxAge": 1, "shares": 800, "filerUrl": "", "transactionText": "", "filerName": "Sharma (Vivek)", "filerRelation": "Chief Financial Officer", "moneyText": "", "startDate": "2010-02-09", "ownership": "D"}, {"maxAge": 1, "shares": 500, "filerUrl": "", "transactionText": "", "filerName": "Sharma (Vivek)", "filerRelation": "Chief Financial Officer", "moneyText": "", "startDate": "2010-02-08", "ownership": "D"}, {"maxAge": 1, "shares": 130, "filerUrl": "", "transactionText": "", "filerName": "Sharma (Vivek)", "filerRelation": "Chief Financial Officer", "moneyText": "", "startDate": "2010-02-06", "ownership": "D"}, {"maxAge": 1, "shares": 1870, "filerUrl": "", "transactionText": "", "filerName": "Sharma (Vivek)", "filerRelation": "Chief Financial Officer", "moneyText": "", "startDate": "2010-02-05", "ownership": "D"}, {"maxAge": 1, "shares": 414, "filerUrl": "", "transactionText": "", "filerName": "Sharma (Vivek)", "filerRelation": "Chief Financial Officer", "moneyText": "", "startDate": "2010-02-05", "ownership": "D"}, {"maxAge": 1, "shares": 130, "filerUrl": "", "transactionText": "", "filerName": "Sharma (Vivek)", "filerRelation": "Chief Financial Officer", "moneyText": "", "startDate": "2010-02-04", "ownership": "D"}], "maxAge": 1}, "quoteType": {"exchange": "BSE", "quoteType": "EQUITY", "symbol": "SHRIRAMEPC.BO", "underlyingSymbol": "SHRIRAMEPC.BO", "shortName": "SHRIRAM EPC LTD.", "longName": "Shriram EPC Limited", "firstTradeDateEpochUtc": "2008-02-20 09:15:00", "timeZoneFullName": "Asia/Kolkata", "timeZoneShortName": "IST", "uuid": "9862c360-475d-32bb-9e00-0de546c1a50e", "gmtOffSetMilliseconds": 19800000, "maxAge": 1}, "incomeStatementHistory": {"incomeStatementHistory": [{"maxAge": 1, "endDate": "2020-03-31", "totalRevenue": 12101181000, "costOfRevenue": 10357749000, "grossProfit": 1743432000, "researchDevelopment": {}, "sellingGeneralAdministrative": 602198000, "nonRecurring": {}, "otherOperatingExpenses": 660872000, "totalOperatingExpenses": 11677500000, "operatingIncome": 423681000, "totalOtherIncomeExpenseNet": -1196314000, "ebit": 423681000, "interestExpense": -1004387000, "incomeBeforeTax": -772633000, "incomeTaxExpense": 0, "minorityInterest": 14676000, "netIncomeFromContinuingOps": -772633000, "discontinuedOperations": {}, "extraordinaryItems": {}, "effectOfAccountingCharges": {}, "otherItems": {}, "netIncome": -772633000, "netIncomeApplicableToCommonShares": -772633000}, {"maxAge": 1, "endDate": "2019-03-31", "totalRevenue": 12019588000, "costOfRevenue": 10023883000, "grossProfit": 1995705000, "researchDevelopment": {}, "sellingGeneralAdministrative": 604296000, "nonRecurring": {}, "otherOperatingExpenses": 763197000, "totalOperatingExpenses": 11448026000, "operatingIncome": 571562000, "totalOtherIncomeExpenseNet": -257083000, "ebit": 571562000, "interestExpense": -954454000, "incomeBeforeTax": 314479000, "incomeTaxExpense": 8622000, "minorityInterest": 13554000, "netIncomeFromContinuingOps": 305857000, "discontinuedOperations": {}, "extraordinaryItems": {}, "effectOfAccountingCharges": {}, "otherItems": {}, "netIncome": 305857000, "netIncomeApplicableToCommonShares": 305857000}, {"maxAge": 1, "endDate": "2018-03-31", "totalRevenue": 8288663000, "costOfRevenue": 6570555000, "grossProfit": 1718108000, "researchDevelopment": {}, "sellingGeneralAdministrative": 528079000, "nonRecurring": {}, "otherOperatingExpenses": 1033594000, "totalOperatingExpenses": 8190804000, "operatingIncome": 97859000, "totalOtherIncomeExpenseNet": 16262000, "ebit": 97859000, "interestExpense": -1037324000, "incomeBeforeTax": 114121000, "incomeTaxExpense": 135071000, "minorityInterest": 12689000, "netIncomeFromContinuingOps": -20950000, "discontinuedOperations": {}, "extraordinaryItems": {}, "effectOfAccountingCharges": {}, "otherItems": {}, "netIncome": -20950000, "netIncomeApplicableToCommonShares": -20950000}, {"maxAge": 1, "endDate": "2017-03-31", "totalRevenue": 7442227000, "costOfRevenue": 5901164000, "grossProfit": 1541063000, "researchDevelopment": {}, "sellingGeneralAdministrative": 444207000, "nonRecurring": {}, "otherOperatingExpenses": 1018180000, "totalOperatingExpenses": 7424375000, "operatingIncome": 17852000, "totalOtherIncomeExpenseNet": -2147077000, "ebit": 17852000, "interestExpense": -2976193000, "incomeBeforeTax": -2129225000, "incomeTaxExpense": -754772000, "minorityInterest": 12689000, "netIncomeFromContinuingOps": -1374453000, "discontinuedOperations": {}, "extraordinaryItems": {}, "effectOfAccountingCharges": {}, "otherItems": {}, "netIncome": -1374453000, "netIncomeApplicableToCommonShares": -1374453000}], "maxAge": 86400}, "fundOwnership": {"ownershipList": [], "maxAge": 1}, "summaryDetail": {"maxAge": 1, "priceHint": 4, "previousClose": 4.03, "open": 3.94, "dayLow": 3.9, "dayHigh": 4.01, "regularMarketPreviousClose": 4.03, "regularMarketOpen": 3.94, "regularMarketDayLow": 3.9, "regularMarketDayHigh": 4.01, "volume": 31178, "regularMarketVolume": 31178, "averageVolume": 107045, "averageVolume10days": 166326, "averageDailyVolume10Day": 166326, "bid": 3.96, "ask": 4.0, "bidSize": 0, "askSize": 0, "marketCap": 3886116096, "fiftyTwoWeekLow": 1.96, "fiftyTwoWeekHigh": 6.21, "fiftyDayAverage": 4.927879, "twoHundredDayAverage": 4.0780883, "currency": "INR", "fromCurrency": null, "lastMarket": null, "algorithm": null, "tradeable": false}, "sectorTrend": {"maxAge": 1, "symbol": null, "estimates": []}, "incomeStatementHistoryQuarterly": {"incomeStatementHistory": [{"maxAge": 1, "endDate": "2020-06-30", "totalRevenue": 1271963000, "costOfRevenue": 1149857000, "grossProfit": 122106000, "researchDevelopment": {}, "sellingGeneralAdministrative": 123675000, "nonRecurring": {}, "otherOperatingExpenses": 92636000, "totalOperatingExpenses": 1380281000, "operatingIncome": -108318000, "totalOtherIncomeExpenseNet": -187420000, "ebit": -108318000, "interestExpense": -252739000, "incomeBeforeTax": -295738000, "incomeTaxExpense": 2796000, "minorityInterest": {}, "netIncomeFromContinuingOps": -298534000, "discontinuedOperations": {}, "extraordinaryItems": {}, "effectOfAccountingCharges": {}, "otherItems": {}, "netIncome": -298534000, "netIncomeApplicableToCommonShares": -298534000}, {"maxAge": 1, "endDate": "2020-03-31", "totalRevenue": 1861700000, "costOfRevenue": 1488611000, "grossProfit": 373089000, "researchDevelopment": {}, "sellingGeneralAdministrative": 186409000, "nonRecurring": {}, "otherOperatingExpenses": 162792000, "totalOperatingExpenses": 1851973000, "operatingIncome": 9727000, "totalOtherIncomeExpenseNet": -924679000, "ebit": 9727000, "interestExpense": -258233000, "incomeBeforeTax": -914952000, "incomeTaxExpense": -4132000, "minorityInterest": 14676000, "netIncomeFromContinuingOps": -910820000, "discontinuedOperations": {}, "extraordinaryItems": {}, "effectOfAccountingCharges": {}, "otherItems": {}, "netIncome": -910820000, "netIncomeApplicableToCommonShares": -910820000}, {"maxAge": 1, "endDate": "2019-12-31", "totalRevenue": 3397503000, "costOfRevenue": 2878845000, "grossProfit": 518658000, "researchDevelopment": {}, "sellingGeneralAdministrative": 141622000, "nonRecurring": {}, "otherOperatingExpenses": 175515000, "totalOperatingExpenses": 3210185000, "operatingIncome": 187318000, "totalOtherIncomeExpenseNet": -141858000, "ebit": 187318000, "interestExpense": -256479000, "incomeBeforeTax": 45460000, "incomeTaxExpense": 1903000, "minorityInterest": 14676000, "netIncomeFromContinuingOps": 43557000, "discontinuedOperations": {}, "extraordinaryItems": {}, "effectOfAccountingCharges": {}, "otherItems": {}, "netIncome": 43557000, "netIncomeApplicableToCommonShares": 43557000}, {"maxAge": 1, "endDate": "2019-09-30", "totalRevenue": 3022169000, "costOfRevenue": 2718249000, "grossProfit": 303920000, "researchDevelopment": {}, "sellingGeneralAdministrative": 121903000, "nonRecurring": {}, "otherOperatingExpenses": 166251000, "totalOperatingExpenses": 3020434000, "operatingIncome": 1735000, "totalOtherIncomeExpenseNet": 28561000, "ebit": 1735000, "interestExpense": -234074000, "incomeBeforeTax": 30296000, "incomeTaxExpense": 201000, "minorityInterest": 13718000, "netIncomeFromContinuingOps": 30095000, "discontinuedOperations": {}, "extraordinaryItems": {}, "effectOfAccountingCharges": {}, "otherItems": {}, "netIncome": 30095000, "netIncomeApplicableToCommonShares": 30095000}], "maxAge": 86400}, "cashflowStatementHistoryQuarterly": {"cashflowStatements": [{"maxAge": 1, "endDate": "2020-06-30", "netIncome": -298534000, "changeToLiabilities": 0}, {"maxAge": 1, "endDate": "2020-03-31", "netIncome": -910820000, "changeToLiabilities": 0}, {"maxAge": 1, "endDate": "2019-12-31", "netIncome": 43557000, "changeToLiabilities": 0}, {"maxAge": 1, "endDate": "2019-09-30", "netIncome": 30095000, "changeToLiabilities": 0}], "maxAge": 86400}, "insiderHolders": {"holders": [{"maxAge": 1, "name": "IDBI Bank Ltd", "relation": "Institution- Corporation", "url": "", "transactionDescription": "Purchase", "latestTransDate": "2016-11-23", "positionDirect": 58644408, "positionDirectDate": "2016-11-23"}, {"maxAge": 1, "name": "Shariff (Amjat M)", "relation": "Director", "url": "", "transactionDescription": "Purchase", "latestTransDate": "2018-03-27", "positionDirect": 282985, "positionDirectDate": "2018-03-27"}, {"maxAge": 1, "name": "Sharma (Vivek)", "relation": "Chief Financial Officer", "url": "", "transactionDescription": "Sale", "latestTransDate": "2010-05-10", "positionDirect": 4809, "positionDirectDate": "2010-05-10"}, {"maxAge": 1, "name": "Shivaraman (T)", "relation": "Director", "url": "", "transactionDescription": "Purchase", "latestTransDate": "2018-03-27", "positionDirect": 286685, "positionDirectDate": "2018-03-27"}, {"maxAge": 1, "name": "Shriram Industrial Holdings Pvt Ltd", "relation": "Promoter", "url": "", "transactionDescription": "Other", "latestTransDate": "2014-11-15", "positionDirect": 60334526, "positionDirectDate": "2014-11-15"}, {"maxAge": 1, "name": "Suresh (K)", "relation": "UNREPORTED", "url": "", "transactionDescription": "Sale", "latestTransDate": "2014-04-10", "positionDirect": 50, "positionDirectDate": "2014-04-10"}], "maxAge": 1}, "earnings": {"maxAge": 86400, "earningsChart": {"quarterly": [], "earningsDate": []}, "financialsChart": {"yearly": [{"date": 2017, "revenue": 7442227000, "earnings": -1374453000}, {"date": 2018, "revenue": 8288663000, "earnings": -20950000}, {"date": 2019, "revenue": 12019588000, "earnings": 305857000}, {"date": 2020, "revenue": 12101181000, "earnings": -772633000}], "quarterly": [{"date": "3Q2019", "revenue": 3022169000, "earnings": 30095000}, {"date": "4Q2019", "revenue": 3397503000, "earnings": 43557000}, {"date": "1Q2020", "revenue": 1861700000, "earnings": -910820000}, {"date": "2Q2020", "revenue": 1271963000, "earnings": -298534000}]}, "financialCurrency": "INR"}, "calendarEvents": {"maxAge": 1, "earnings": {"earningsDate": []}}, "upgradeDowngradeHistory": {"history": [], "maxAge": 86400}, "price": {"maxAge": 1, "regularMarketChangePercent": -0.0074442206, "regularMarketChange": -0.03000021, "regularMarketTime": "2021-04-30 15:28:43", "priceHint": 4, "regularMarketPrice": 4.0, "regularMarketDayHigh": 4.01, "regularMarketDayLow": 3.9, "regularMarketVolume": 31178, "averageDailyVolume10Day": 166326, "averageDailyVolume3Month": 107045, "regularMarketPreviousClose": 4.03, "regularMarketSource": "FREE_REALTIME", "regularMarketOpen": 3.94, "exchange": "BSE", "exchangeName": "BSE", "exchangeDataDelayedBy": 0, "marketState": "CLOSED", "quoteType": "EQUITY", "symbol": "SHRIRAMEPC.BO", "underlyingSymbol": null, "shortName": "SHRIRAM EPC LTD.", "longName": "Shriram EPC Limited", "currency": "INR", "quoteSourceName": "Delayed Quote", "currencySymbol": "\u20b9", "fromCurrency": null, "lastMarket": null, "marketCap": 3886116096}, "balanceSheetHistory": {"balanceSheetStatements": [{"maxAge": 1, "endDate": "2020-03-31", "cash": 120555000, "shortTermInvestments": 113759000, "netReceivables": 13689986000, "inventory": 32486000, "otherCurrentAssets": 2718075000, "totalCurrentAssets": 16685559000, "longTermInvestments": 7733000, "propertyPlantEquipment": 501126000, "intangibleAssets": 4008000, "otherAssets": 8828114000, "deferredLongTermAssetCharges": 4762370000, "totalAssets": 26026540000, "accountsPayable": 4380829000, "shortLongTermDebt": 257800000, "otherCurrentLiab": 983810000, "longTermDebt": 2062203000, "otherLiab": 1879104000, "minorityInterest": 14676000, "totalCurrentLiabilities": 10231436000, "totalLiab": 14172810000, "commonStock": 9715290000, "retainedEarnings": -17492705000, "treasuryStock": 493926000, "capitalSurplus": 19122543000, "otherStockholderEquity": 493926000, "totalStockholderEquity": 11839054000, "netTangibleAssets": 11835046000}, {"maxAge": 1, "endDate": "2019-03-31", "cash": 306004000, "shortTermInvestments": 419440000, "netReceivables": 13754491000, "inventory": 384924000, "otherCurrentAssets": 4421017000, "totalCurrentAssets": 19289727000, "longTermInvestments": 8795000, "propertyPlantEquipment": 543936000, "intangibleAssets": 4803000, "otherAssets": 9864867000, "deferredLongTermAssetCharges": 4762370000, "totalAssets": 29712128000, "accountsPayable": 5387632000, "shortLongTermDebt": 246443000, "otherCurrentLiab": 2360512000, "longTermDebt": 2063830000, "otherLiab": 2703476000, "minorityInterest": 13554000, "totalCurrentLiabilities": 12339411000, "totalLiab": 17107420000, "commonStock": 9715290000, "retainedEarnings": -16720074000, "treasuryStock": 473395000, "capitalSurplus": 19122543000, "otherStockholderEquity": 473395000, "totalStockholderEquity": 12591154000, "netTangibleAssets": 12586351000}, {"maxAge": 1, "endDate": "2018-03-31", "cash": 237338000, "shortTermInvestments": 91302000, "netReceivables": 12474201000, "inventory": 376558000, "otherCurrentAssets": 1744708000, "totalCurrentAssets": 14928631000, "longTermInvestments": 10649000, "propertyPlantEquipment": 557608000, "intangibleAssets": 6318000, "otherAssets": 16007241000, "deferredLongTermAssetCharges": 4762370000, "totalAssets": 31510447000, "accountsPayable": 4444477000, "shortLongTermDebt": 66396000, "otherCurrentLiab": 4195106000, "longTermDebt": 2815836000, "otherLiab": 2141223000, "minorityInterest": 12689000, "totalCurrentLiabilities": 14256265000, "totalLiab": 19213946000, "commonStock": 9715290000, "retainedEarnings": -17025932000, "treasuryStock": 471911000, "capitalSurplus": 19122543000, "otherStockholderEquity": 471911000, "totalStockholderEquity": 12283812000, "netTangibleAssets": 12277494000}, {"maxAge": 1, "endDate": "2017-03-31", "cash": 554327000, "shortTermInvestments": 172964000, "netReceivables": 13233656000, "inventory": 381396000, "otherCurrentAssets": 2360251000, "totalCurrentAssets": 16714960000, "longTermInvestments": 10919000, "propertyPlantEquipment": 602447000, "intangibleAssets": 7980000, "otherAssets": 11317102000, "deferredLongTermAssetCharges": 4897351000, "totalAssets": 28653408000, "accountsPayable": 2563700000, "shortLongTermDebt": 50425000, "otherCurrentLiab": 3929175000, "longTermDebt": 3441209000, "otherLiab": 1928450000, "totalCurrentLiabilities": 11876387000, "totalLiab": 17246383000, "commonStock": 9369679000, "retainedEarnings": -17004982000, "treasuryStock": 467808000, "capitalSurplus": 18574520000, "otherStockholderEquity": 467808000, "totalStockholderEquity": 11407025000, "netTangibleAssets": 11399045000}], "maxAge": 86400}, "earningsTrend": {"trend": [{"maxAge": 1, "period": "0q", "endDate": null, "growth": {}, "earningsEstimate": {"avg": 0.0, "low": 0.0, "high": 0.0, "yearAgoEps": {}, "numberOfAnalysts": 0, "growth": {}}, "revenueEstimate": {"avg": 0, "low": 0, "high": 0, "numberOfAnalysts": 0, "yearAgoRevenue": {}, "growth": {}}, "epsTrend": {"current": 0.0, "7daysAgo": 0.0, "30daysAgo": 0.0, "60daysAgo": 0.0, "90daysAgo": 0.0}, "epsRevisions": {"upLast7days": 0, "upLast30days": 0, "downLast30days": 0, "downLast90days": {}}}, {"maxAge": 1, "period": "+1q", "endDate": null, "growth": {}, "earningsEstimate": {"avg": 0.0, "low": 0.0, "high": 0.0, "yearAgoEps": {}, "numberOfAnalysts": 0, "growth": {}}, "revenueEstimate": {"avg": 0, "low": 0, "high": 0, "numberOfAnalysts": 0, "yearAgoRevenue": {}, "growth": {}}, "epsTrend": {"current": 0.0, "7daysAgo": 0.0, "30daysAgo": 0.0, "60daysAgo": 0.0, "90daysAgo": 0.0}, "epsRevisions": {"upLast7days": 0, "upLast30days": 0, "downLast30days": 0, "downLast90days": {}}}, {"maxAge": 1, "period": "0y", "endDate": null, "growth": {}, "earningsEstimate": {"avg": 0.0, "low": 0.0, "high": 0.0, "yearAgoEps": {}, "numberOfAnalysts": 0, "growth": {}}, "revenueEstimate": {"avg": 0, "low": 0, "high": 0, "numberOfAnalysts": 0, "yearAgoRevenue": {}, "growth": {}}, "epsTrend": {"current": 0.0, "7daysAgo": 0.0, "30daysAgo": 0.0, "60daysAgo": 0.0, "90daysAgo": 0.0}, "epsRevisions": {"upLast7days": 0, "upLast30days": 0, "downLast30days": 0, "downLast90days": {}}}, {"maxAge": 1, "period": "+1y", "endDate": null, "growth": {}, "earningsEstimate": {"avg": 0.0, "low": 0.0, "high": 0.0, "yearAgoEps": {}, "numberOfAnalysts": 0, "growth": {}}, "revenueEstimate": {"avg": 0, "low": 0, "high": 0, "numberOfAnalysts": 0, "yearAgoRevenue": {}, "growth": {}}, "epsTrend": {"current": 0.0, "7daysAgo": 0.0, "30daysAgo": 0.0, "60daysAgo": 0.0, "90daysAgo": 0.0}, "epsRevisions": {"upLast7days": 0, "upLast30days": 0, "downLast30days": 0, "downLast90days": {}}}, {"maxAge": 1, "period": "+5y", "endDate": null, "growth": {}, "earningsEstimate": {"avg": {}, "low": {}, "high": {}, "yearAgoEps": {}, "numberOfAnalysts": {}, "growth": {}}, "revenueEstimate": {"avg": {}, "low": {}, "high": {}, "numberOfAnalysts": {}, "yearAgoRevenue": {}, "growth": {}}, "epsTrend": {"current": {}, "7daysAgo": {}, "30daysAgo": {}, "60daysAgo": {}, "90daysAgo": {}}, "epsRevisions": {"upLast7days": {}, "upLast30days": {}, "downLast30days": {}, "downLast90days": {}}}, {"maxAge": 1, "period": "-5y", "endDate": null, "growth": {}, "earningsEstimate": {"avg": {}, "low": {}, "high": {}, "yearAgoEps": {}, "numberOfAnalysts": {}, "growth": {}}, "revenueEstimate": {"avg": {}, "low": {}, "high": {}, "numberOfAnalysts": {}, "yearAgoRevenue": {}, "growth": {}}, "epsTrend": {"current": {}, "7daysAgo": {}, "30daysAgo": {}, "60daysAgo": {}, "90daysAgo": {}}, "epsRevisions": {"upLast7days": {}, "upLast30days": {}, "downLast30days": {}, "downLast90days": {}}}], "maxAge": 1}, "financialData": {"maxAge": 86400, "currentPrice": 4.0, "targetHighPrice": 97.0, "targetLowPrice": 97.0, "targetMeanPrice": 97.0, "targetMedianPrice": 97.0, "recommendationKey": "none", "numberOfAnalystOpinions": 1, "grossProfits": 1743432000, "financialCurrency": "INR"}}}