{"SHRIDINE.BO": {"cashflowStatementHistory": {"cashflowStatements": [{"maxAge": 1, "endDate": "2020-03-31", "netIncome": 10977000, "depreciation": 72416000, "changeToNetincome": -60830000, "changeToAccountReceivables": 13705000, "changeToLiabilities": -19814000, "changeToInventory": 81983000, "changeToOperatingActivities": -70099000, "totalCashFromOperatingActivities": 28779000, "capitalExpenditures": -22036000, "investments": -78491000, "otherCashflowsFromInvestingActivities": 1499000, "totalCashflowsFromInvestingActivities": -33867000, "dividendsPaid": -30455000, "netBorrowings": 7522000, "otherCashflowsFromFinancingActivities": -11933000, "totalCashFromFinancingActivities": -19866000, "changeInCash": -24951000, "issuanceOfStock": 15000000}, {"maxAge": 1, "endDate": "2019-03-31", "netIncome": -599000, "depreciation": 81787000, "changeToNetincome": -16459000, "changeToAccountReceivables": 3913000, "changeToLiabilities": 15063000, "changeToInventory": 72382000, "changeToOperatingActivities": 8062000, "totalCashFromOperatingActivities": 164149000, "capitalExpenditures": -42221000, "investments": -97607000, "otherCashflowsFromInvestingActivities": 4181000, "totalCashflowsFromInvestingActivities": -133749000, "dividendsPaid": -9194000, "netBorrowings": -38255000, "otherCashflowsFromFinancingActivities": 8930000, "totalCashFromFinancingActivities": -21337000, "changeInCash": 9063000, "issuanceOfStock": 17182000}, {"maxAge": 1, "endDate": "2018-03-31", "netIncome": -63005000, "depreciation": 86249000, "changeToNetincome": -19823000, "changeToAccountReceivables": -17055000, "changeToLiabilities": 13178000, "changeToInventory": 68236000, "changeToOperatingActivities": -6503000, "totalCashFromOperatingActivities": 61277000, "capitalExpenditures": -12490000, "investments": -10486000, "otherCashflowsFromInvestingActivities": 22242000, "totalCashflowsFromInvestingActivities": -1704000, "dividendsPaid": -9179000, "netBorrowings": -33609000, "otherCashflowsFromFinancingActivities": -20986000, "totalCashFromFinancingActivities": -62774000, "changeInCash": -3201000, "issuanceOfStock": 1000000}, {"maxAge": 1, "endDate": "2017-03-31", "netIncome": 24661000, "depreciation": 91066000, "changeToNetincome": -9495000, "changeToAccountReceivables": 41081000, "changeToLiabilities": 7480000, "changeToInventory": -27665000, "changeToOperatingActivities": 26143000, "totalCashFromOperatingActivities": 153271000, "capitalExpenditures": -10372000, "investments": -340802000, "otherCashflowsFromInvestingActivities": 23667000, "totalCashflowsFromInvestingActivities": -327507000, "dividendsPaid": -9179000, "netBorrowings": -73211000, "otherCashflowsFromFinancingActivities": -28648000, "totalCashFromFinancingActivities": -111038000, "changeInCash": -285274000, "issuanceOfStock": 1000000}], "maxAge": 86400}, "institutionOwnership": {"maxAge": 1, "ownershipList": []}, "balanceSheetHistoryQuarterly": {"balanceSheetStatements": [{"maxAge": 1, "endDate": "2020-06-30", "totalStockholderEquity": 971947000, "netTangibleAssets": 971947000}, {"maxAge": 1, "endDate": "2020-03-31", "cash": 17499000, "netReceivables": 125079000, "inventory": 145831000, "otherCurrentAssets": 20015000, "totalCurrentAssets": 888490000, "longTermInvestments": 1276000, "propertyPlantEquipment": 449631000, "intangibleAssets": 2313000, "otherAssets": 24822000, "totalAssets": 1366532000, "accountsPayable": 63042000, "shortLongTermDebt": 2050000, "otherCurrentLiab": 71463000, "longTermDebt": 14633000, "otherLiab": 57856000, "minorityInterest": 77360000, "totalCurrentLiabilities": 244735000, "totalLiab": 317224000, "commonStock": 53006000, "retainedEarnings": 868603000, "treasuryStock": 20319000, "capitalSurplus": 30020000, "otherStockholderEquity": 20319000, "totalStockholderEquity": 971948000, "netTangibleAssets": 969635000}, {"maxAge": 1, "endDate": "2019-12-31", "totalStockholderEquity": 977189000, "netTangibleAssets": 977189000}, {"maxAge": 1, "endDate": "2019-09-30", "cash": 45169000, "shortTermInvestments": 534407000, "netReceivables": 130702000, "inventory": 190328000, "otherCurrentAssets": 32965000, "totalCurrentAssets": 933571000, "longTermInvestments": 11764000, "propertyPlantEquipment": 480117000, "otherAssets": 15019000, "totalAssets": 1440471000, "accountsPayable": 50305000, "otherCurrentLiab": 205599000, "longTermDebt": 17025000, "otherLiab": 63149000, "minorityInterest": 79798000, "totalCurrentLiabilities": 303310000, "totalLiab": 383484000, "commonStock": 53006000, "treasuryStock": 924183000, "otherStockholderEquity": 924183000, "totalStockholderEquity": 977189000, "netTangibleAssets": 977189000}], "maxAge": 86400}, "indexTrend": {"maxAge": 1, "symbol": "SP5", "peRatio": 19.7411, "pegRatio": 1.34172, "estimates": [{"period": "0q", "growth": 0.549}, {"period": "+1q", "growth": 0.431}, {"period": "0y", "growth": 0.305}, {"period": "+1y", "growth": 0.109}, {"period": "+5y", "growth": 0.120859005}, {"period": "-5y"}]}, "insiderTransactions": {"transactions": [{"maxAge": 1, "shares": 75000, "value": 10012, "filerUrl": "", "transactionText": "Acquisition at price 0.13 per share.", "filerName": "Patel (Aditya Bharatbhai)", "filerRelation": "Promoter", "moneyText": "", "startDate": "2020-08-14", "ownership": "D"}, {"maxAge": 1, "shares": 75000, "value": 10012, "filerUrl": "", "transactionText": "Acquisition at price 0.13 per share.", "filerName": "Patel (Nimishbhai Upendrabhai)", "filerRelation": "Managing Director", "moneyText": "", "startDate": "2020-08-14", "ownership": "D"}, {"maxAge": 1, "shares": 0, "filerUrl": "", "transactionText": "", "filerName": "Patel (Nishank Nimishbhai)", "filerRelation": "Promoter", "moneyText": "", "startDate": "2020-08-14", "ownership": "I"}, {"maxAge": 1, "shares": 75000, "value": 10012, "filerUrl": "", "transactionText": "Acquisition at price 0.13 per share.", "filerName": "Patel (Nishank Nimishbhai)", "filerRelation": "Promoter", "moneyText": "", "startDate": "2020-08-14", "ownership": "D"}, {"maxAge": 1, "shares": 0, "filerUrl": "", "transactionText": "", "filerName": "Patel (Nimishbhai Upendrabhai)", "filerRelation": "Promoter", "moneyText": "", "startDate": "2020-08-14", "ownership": "I"}, {"maxAge": 1, "shares": 75000, "value": 10012, "filerUrl": "", "transactionText": "Acquisition at price 0.13 per share.", "filerName": "Patel (Bharatbhai U.)", "filerRelation": "Chairman of the Board", "moneyText": "", "startDate": "2020-08-14", "ownership": "D"}, {"maxAge": 1, "shares": 0, "filerUrl": "", "transactionText": "", "filerName": "Patel (Bharatbhai U.)", "filerRelation": "Promoter", "moneyText": "", "startDate": "2020-08-14", "ownership": "I"}, {"maxAge": 1, "shares": 25000, "filerUrl": "", "transactionText": "", "filerName": "Patel (Nimishbhai Upendrabhai)", "filerRelation": "Managing Director", "moneyText": "", "startDate": "2019-08-10", "ownership": "D"}, {"maxAge": 1, "shares": 25000, "filerUrl": "", "transactionText": "", "filerName": "Patel (Aditya Bharatbhai)", "filerRelation": "Promoter", "moneyText": "", "startDate": "2019-08-10", "ownership": "D"}, {"maxAge": 1, "shares": 25000, "filerUrl": "", "transactionText": "", "filerName": "Patel (Nishank Nimishbhai)", "filerRelation": "Promoter", "moneyText": "", "startDate": "2019-08-10", "ownership": "D"}, {"maxAge": 1, "shares": 25000, "filerUrl": "", "transactionText": "", "filerName": "Patel (Bharatbhai U.)", "filerRelation": "Chairman of the Board", "moneyText": "", "startDate": "2019-08-10", "ownership": "D"}, {"maxAge": 1, "shares": 25000, "filerUrl": "", "transactionText": "", "filerName": "Patel (Bharatbhai U.)", "filerRelation": "Chairman of the Board", "moneyText": "", "startDate": "2019-03-30", "ownership": "D"}, {"maxAge": 1, "shares": 25000, "filerUrl": "", "transactionText": "", "filerName": "Patel (Nimishbhai Upendrabhai)", "filerRelation": "Managing Director", "moneyText": "", "startDate": "2019-03-30", "ownership": "D"}, {"maxAge": 1, "shares": 25000, "filerUrl": "", "transactionText": "", "filerName": "Patel (Nishank Nimishbhai)", "filerRelation": "Promoter", "moneyText": "", "startDate": "2019-03-30", "ownership": "D"}, {"maxAge": 1, "shares": 25000, "filerUrl": "", "transactionText": "", "filerName": "Patel (Aditya Bharatbhai)", "filerRelation": "Promoter", "moneyText": "", "startDate": "2019-03-30", "ownership": "D"}], "maxAge": 1}, "quoteType": {"exchange": "BSE", "quoteType": "EQUITY", "symbol": "SHRIDINE.BO", "underlyingSymbol": "SHRIDINE.BO", "shortName": "SHRI DINESH MILLS LTD.", "longName": "Shri Dinesh Mills Limited", "firstTradeDateEpochUtc": "2000-11-03 09:15:00", "timeZoneFullName": "Asia/Kolkata", "timeZoneShortName": "IST", "uuid": "1d66e1a8-d12f-3e12-845f-3d00795184fd", "messageBoardId": null, "gmtOffSetMilliseconds": 19800000, "maxAge": 1}, "incomeStatementHistory": {"incomeStatementHistory": [{"maxAge": 1, "endDate": "2020-03-31", "totalRevenue": 661601000, "costOfRevenue": 249274000, "grossProfit": 412327000, "researchDevelopment": {}, "sellingGeneralAdministrative": 198765000, "nonRecurring": {}, "otherOperatingExpenses": 174019000, "totalOperatingExpenses": 692559000, "operatingIncome": -30958000, "totalOtherIncomeExpenseNet": 67268000, "ebit": -30958000, "interestExpense": -6799000, "incomeBeforeTax": 36310000, "incomeTaxExpense": -6070000, "minorityInterest": 77360000, "netIncomeFromContinuingOps": 42380000, "discontinuedOperations": -34971000, "extraordinaryItems": {}, "effectOfAccountingCharges": {}, "otherItems": {}, "netIncome": 10977000, "netIncomeApplicableToCommonShares": 10977000}, {"maxAge": 1, "endDate": "2019-03-31", "totalRevenue": 894215000, "costOfRevenue": 351596000, "grossProfit": 542619000, "researchDevelopment": {}, "sellingGeneralAdministrative": 273780000, "nonRecurring": {}, "otherOperatingExpenses": 196871000, "totalOperatingExpenses": 904034000, "operatingIncome": -9819000, "totalOtherIncomeExpenseNet": -3209000, "ebit": -9819000, "interestExpense": -15919000, "incomeBeforeTax": -13028000, "incomeTaxExpense": -10424000, "minorityInterest": 81037000, "netIncomeFromContinuingOps": -2604000, "discontinuedOperations": -34971000, "extraordinaryItems": {}, "effectOfAccountingCharges": {}, "otherItems": {}, "netIncome": -599000, "netIncomeApplicableToCommonShares": -599000}, {"maxAge": 1, "endDate": "2018-03-31", "totalRevenue": 926224000, "costOfRevenue": 373224000, "grossProfit": 553000000, "researchDevelopment": {}, "sellingGeneralAdministrative": 312132000, "nonRecurring": {}, "otherOperatingExpenses": 197268000, "totalOperatingExpenses": 968873000, "operatingIncome": -42649000, "totalOtherIncomeExpenseNet": -33906000, "ebit": -42649000, "interestExpense": -20031000, "incomeBeforeTax": -76555000, "incomeTaxExpense": -8484000, "minorityInterest": 83068000, "netIncomeFromContinuingOps": -68071000, "discontinuedOperations": -34971000, "extraordinaryItems": {}, "effectOfAccountingCharges": {}, "otherItems": {}, "netIncome": -63005000, "netIncomeApplicableToCommonShares": -63005000}, {"maxAge": 1, "endDate": "2017-03-31", "totalRevenue": 963379000, "costOfRevenue": 344504000, "grossProfit": 618875000, "researchDevelopment": {}, "sellingGeneralAdministrative": 312647000, "nonRecurring": {}, "otherOperatingExpenses": 215410000, "totalOperatingExpenses": 963618000, "operatingIncome": -239000, "totalOtherIncomeExpenseNet": 13131000, "ebit": -239000, "interestExpense": -26489000, "incomeBeforeTax": 12892000, "incomeTaxExpense": -9215000, "minorityInterest": 88049000, "netIncomeFromContinuingOps": 22107000, "discontinuedOperations": -34971000, "extraordinaryItems": {}, "effectOfAccountingCharges": {}, "otherItems": {}, "netIncome": 24661000, "netIncomeApplicableToCommonShares": 24661000}], "maxAge": 86400}, "fundOwnership": {"maxAge": 1, "ownershipList": []}, "summaryDetail": {"maxAge": 1, "priceHint": 2, "previousClose": 426.4, "open": 438.95, "dayLow": 420.0, "dayHigh": 439.0, "regularMarketPreviousClose": 426.4, "regularMarketOpen": 438.95, "regularMarketDayLow": 420.0, "regularMarketDayHigh": 439.0, "trailingPE": 80.03604, "volume": 1355, "regularMarketVolume": 1355, "averageVolume": 5688, "averageVolume10days": 4302, "averageDailyVolume10Day": 4302, "bid": 423.7, "ask": 430.0, "bidSize": 0, "askSize": 0, "marketCap": 2363164672, "fiftyTwoWeekLow": 76.1, "fiftyTwoWeekHigh": 439.0, "fiftyDayAverage": 252.37286, "twoHundredDayAverage": 160.79161, "trailingAnnualDividendRate": 3.0, "trailingAnnualDividendYield": 0.0070356475, "currency": "INR", "fromCurrency": null, "toCurrency": null, "lastMarket": null, "algorithm": null, "tradeable": false}, "incomeStatementHistoryQuarterly": {"incomeStatementHistory": [{"maxAge": 1, "endDate": "2020-06-30", "totalRevenue": 113813000, "costOfRevenue": 46503000, "grossProfit": 67310000, "researchDevelopment": {}, "sellingGeneralAdministrative": 36374000, "nonRecurring": {}, "otherOperatingExpenses": 19731000, "totalOperatingExpenses": 118697000, "operatingIncome": -4884000, "totalOtherIncomeExpenseNet": 19224000, "ebit": -4884000, "interestExpense": -1764000, "incomeBeforeTax": 14340000, "incomeTaxExpense": -3961000, "minorityInterest": {}, "netIncomeFromContinuingOps": 18301000, "discontinuedOperations": {}, "extraordinaryItems": {}, "effectOfAccountingCharges": {}, "otherItems": {}, "netIncome": 16094000, "netIncomeApplicableToCommonShares": 16094000}, {"maxAge": 1, "endDate": "2020-03-31", "totalRevenue": 137278000, "costOfRevenue": 66542000, "grossProfit": 70736000, "researchDevelopment": {}, "sellingGeneralAdministrative": 40642000, "nonRecurring": {}, "otherOperatingExpenses": 19804000, "totalOperatingExpenses": 142571000, "operatingIncome": -5293000, "totalOtherIncomeExpenseNet": 11445000, "ebit": -5293000, "interestExpense": -449000, "incomeBeforeTax": 6152000, "incomeTaxExpense": 720000, "minorityInterest": 77360000, "netIncomeFromContinuingOps": 5432000, "discontinuedOperations": -43358000, "extraordinaryItems": {}, "effectOfAccountingCharges": {}, "otherItems": {}, "netIncome": -35835000, "netIncomeApplicableToCommonShares": -35835000}, {"maxAge": 1, "endDate": "2019-12-31", "totalRevenue": 186424000, "costOfRevenue": 67029000, "grossProfit": 119395000, "researchDevelopment": {}, "sellingGeneralAdministrative": 51700000, "nonRecurring": {}, "otherOperatingExpenses": 52795000, "totalOperatingExpenses": 188850000, "operatingIncome": -2426000, "totalOtherIncomeExpenseNet": 33549000, "ebit": -2426000, "interestExpense": -1954000, "incomeBeforeTax": 31123000, "incomeTaxExpense": -2387000, "minorityInterest": 77360000, "netIncomeFromContinuingOps": 33510000, "discontinuedOperations": 13282000, "extraordinaryItems": {}, "effectOfAccountingCharges": {}, "otherItems": {}, "netIncome": 47030000, "netIncomeApplicableToCommonShares": 47030000}, {"maxAge": 1, "endDate": "2019-09-30", "totalRevenue": 169358000, "costOfRevenue": 55854000, "grossProfit": 113504000, "researchDevelopment": {}, "sellingGeneralAdministrative": 55287000, "nonRecurring": {}, "otherOperatingExpenses": 54044000, "totalOperatingExpenses": 182624000, "operatingIncome": -13266000, "totalOtherIncomeExpenseNet": 10044000, "ebit": -13266000, "interestExpense": -1856000, "incomeBeforeTax": -3222000, "incomeTaxExpense": -1985000, "minorityInterest": 79798000, "netIncomeFromContinuingOps": -1237000, "discontinuedOperations": -2056000, "extraordinaryItems": {}, "effectOfAccountingCharges": {}, "otherItems": {}, "netIncome": -2695000, "netIncomeApplicableToCommonShares": -2695000}], "maxAge": 86400}, "cashflowStatementHistoryQuarterly": {"cashflowStatements": [{"maxAge": 1, "endDate": "2020-06-30", "netIncome": 16094000, "changeToLiabilities": 0}, {"maxAge": 1, "endDate": "2020-03-31", "netIncome": -35835000, "changeToLiabilities": 0}, {"maxAge": 1, "endDate": "2019-12-31", "netIncome": 47030000, "changeToLiabilities": 0}, {"maxAge": 1, "endDate": "2019-09-30", "netIncome": -2695000, "changeToLiabilities": 0}], "maxAge": 86400}, "insiderHolders": {"holders": [{"maxAge": 1, "name": "Patel (Aditya Bharatbhai)", "relation": "Promoter", "url": "", "transactionDescription": "Acquisition", "latestTransDate": "2020-08-14", "positionDirect": 492443, "positionDirectDate": "2020-08-14"}, {"maxAge": 1, "name": "Patel (Bharatbhai U.)", "relation": "Chairman of the Board", "url": "", "transactionDescription": "Acquisition", "latestTransDate": "2020-08-14", "positionDirect": 795088, "positionDirectDate": "2020-08-14"}, {"maxAge": 1, "name": "Patel (Nimishbhai Upendrabhai)", "relation": "Managing Director", "url": "", "transactionDescription": "Acquisition", "latestTransDate": "2020-08-14", "positionDirect": 768852, "positionDirectDate": "2020-08-14"}, {"maxAge": 1, "name": "Patel (Nishank Nimishbhai)", "relation": "Promoter", "url": "", "transactionDescription": "Other", "latestTransDate": "2020-08-14", "positionIndirect": 504490, "positionIndirectDate": 1597363200}], "maxAge": 1}, "calendarEvents": {"maxAge": 1, "earnings": {"earningsDate": []}}, "price": {"maxAge": 1, "regularMarketChangePercent": -0.010436166, "regularMarketChange": -4.4499817, "regularMarketTime": "2021-04-30 15:29:58", "priceHint": 2, "regularMarketPrice": 421.95, "regularMarketDayHigh": 439.0, "regularMarketDayLow": 420.0, "regularMarketVolume": 1355, "averageDailyVolume10Day": 4302, "averageDailyVolume3Month": 5688, "regularMarketPreviousClose": 426.4, "regularMarketSource": "FREE_REALTIME", "regularMarketOpen": 438.95, "exchange": "BSE", "exchangeName": "BSE", "exchangeDataDelayedBy": 0, "marketState": "CLOSED", "quoteType": "EQUITY", "symbol": "SHRIDINE.BO", "underlyingSymbol": null, "shortName": "SHRI DINESH MILLS LTD.", "longName": "Shri Dinesh Mills Limited", "currency": "INR", "quoteSourceName": "Delayed Quote", "currencySymbol": "\u20b9", "fromCurrency": null, "toCurrency": null, "lastMarket": null, "marketCap": 2363164672}, "balanceSheetHistory": {"balanceSheetStatements": [{"maxAge": 1, "endDate": "2020-03-31", "cash": 17499000, "netReceivables": 125079000, "inventory": 145831000, "otherCurrentAssets": 20015000, "totalCurrentAssets": 888490000, "longTermInvestments": 1276000, "propertyPlantEquipment": 449631000, "intangibleAssets": 2313000, "otherAssets": 24822000, "totalAssets": 1366532000, "accountsPayable": 63042000, "shortLongTermDebt": 2050000, "otherCurrentLiab": 71463000, "longTermDebt": 14633000, "otherLiab": 57856000, "minorityInterest": 77360000, "totalCurrentLiabilities": 244735000, "totalLiab": 317224000, "commonStock": 53006000, "retainedEarnings": 868603000, "treasuryStock": 20319000, "capitalSurplus": 30020000, "otherStockholderEquity": 20319000, "totalStockholderEquity": 971948000, "netTangibleAssets": 969635000}, {"maxAge": 1, "endDate": "2019-03-31", "cash": 42450000, "netReceivables": 135657000, "inventory": 227814000, "otherCurrentAssets": 24448000, "totalCurrentAssets": 900721000, "longTermInvestments": 3251000, "propertyPlantEquipment": 539064000, "intangibleAssets": 2754000, "otherAssets": 17244000, "totalAssets": 1463034000, "accountsPayable": 82856000, "shortLongTermDebt": 37287000, "otherCurrentLiab": 95959000, "longTermDebt": 19210000, "otherLiab": 75478000, "minorityInterest": 81037000, "totalCurrentLiabilities": 307847000, "totalLiab": 402535000, "commonStock": 52006000, "retainedEarnings": 888081000, "treasuryStock": 23355000, "capitalSurplus": 16020000, "otherStockholderEquity": 23355000, "totalStockholderEquity": 979462000, "netTangibleAssets": 976708000}, {"maxAge": 1, "endDate": "2018-03-31", "cash": 33387000, "netReceivables": 160562000, "inventory": 300196000, "otherCurrentAssets": 20887000, "totalCurrentAssets": 867404000, "longTermInvestments": 3379000, "propertyPlantEquipment": 581834000, "intangibleAssets": 2364000, "otherAssets": 16680000, "totalAssets": 1471661000, "accountsPayable": 67793000, "shortLongTermDebt": 57246000, "otherCurrentLiab": 62715000, "longTermDebt": 55142000, "otherLiab": 95850000, "minorityInterest": 83068000, "totalCurrentLiabilities": 281322000, "totalLiab": 432314000, "commonStock": 50844000, "retainedEarnings": 897791000, "treasuryStock": 7644000, "otherStockholderEquity": 7644000, "totalStockholderEquity": 956279000, "netTangibleAssets": 953915000}, {"maxAge": 1, "endDate": "2017-03-31", "cash": 36588000, "netReceivables": 154551000, "inventory": 368432000, "otherCurrentAssets": 20663000, "totalCurrentAssets": 921627000, "longTermInvestments": 3434000, "propertyPlantEquipment": 656984000, "otherAssets": 16670000, "totalAssets": 1598715000, "accountsPayable": 58869000, "shortLongTermDebt": 58264000, "otherCurrentLiab": 62219000, "longTermDebt": 95918000, "otherLiab": 96297000, "minorityInterest": 88049000, "totalCurrentLiabilities": 298484000, "totalLiab": 490699000, "commonStock": 50844000, "retainedEarnings": 969975000, "treasuryStock": -852000, "otherStockholderEquity": -852000, "totalStockholderEquity": 1019967000, "netTangibleAssets": 1019967000}], "maxAge": 86400}, "financialData": {"maxAge": 86400, "currentPrice": 421.95, "recommendationKey": "none", "grossProfits": 412327000, "financialCurrency": "INR"}}}