{"SHRIPISTON.NS": {"assetProfile": {"address1": "Himalaya House", "address2": "3rd Floor 23, Kasturba Gandhi Marg", "city": "New Delhi", "zip": "110001", "country": "India", "phone": "91 11 2331 5941", "fax": "91 11 2331 1203", "website": "http://www.shrirampistons.com", "industry": "Auto Parts", "sector": "Consumer Cyclical", "longBusinessSummary": "Shriram Pistons & Rings Limited manufactures and sells automotive components in India. It offers pistons, piston pins, piston rings, and engine valves. The company also exports its products. It serves OEMs operating in the passenger vehicle, two/three wheeler, commercial vehicle, tractor, and industrial engine markets. The company was incorporated in 1963 and is headquartered in New Delhi, India.", "fullTimeEmployees": 4285, "companyOfficers": [{"maxAge": 1, "name": "Mr. Krishnakumar  Srinivasan", "age": 53, "title": "MD, CEO & Director", "yearBorn": 1967, "fiscalYear": 2020, "totalPay": 13550000, "exercisedValue": 0, "unexercisedValue": 0}, {"maxAge": 1, "name": "Mr. Naveen  Agarwal", "age": 59, "title": "Compliance Officer & Alternate Company Sec.", "yearBorn": 1961, "fiscalYear": 2020, "totalPay": 11400000, "exercisedValue": 0, "unexercisedValue": 0}, {"maxAge": 1, "name": "Mr. Ashok Kumar Taneja", "age": 69, "title": "MD, Chief Mentor & Whole-Time Director", "yearBorn": 1951, "fiscalYear": 2020, "totalPay": 31160000, "exercisedValue": 0, "unexercisedValue": 0}, {"maxAge": 1, "name": "Mr. Luv Deepak Shriram", "age": 48, "title": "Whole-Time Director", "yearBorn": 1972, "fiscalYear": 2020, "totalPay": 26448800, "exercisedValue": 0, "unexercisedValue": 0}, {"maxAge": 1, "name": "Mr. Prem Prakash Rathi", "title": "Chief Financial Officer", "exercisedValue": 0, "unexercisedValue": 0}, {"maxAge": 1, "name": "Ms. Poonam  Bharti", "age": 48, "title": "Deputy Exec. Director & Chief HR Officer", "yearBorn": 1972, "fiscalYear": 2019, "exercisedValue": 0, "unexercisedValue": 0}], "compensationAsOfEpochDate": "2020-12-31 05:30:00", "maxAge": 86400}, "cashflowStatementHistory": {"cashflowStatements": [{"maxAge": 1, "endDate": "2020-03-31", "netIncome": 730370000, "depreciation": 1005751000, "changeToNetincome": -125181000, "changeToAccountReceivables": 1166750000, "changeToLiabilities": -413240000, "changeToInventory": 563550000, "changeToOperatingActivities": 14990000, "totalCashFromOperatingActivities": 2967670000, "capitalExpenditures": -1680240000, "investments": -526000000, "otherCashflowsFromInvestingActivities": 89280000, "totalCashflowsFromInvestingActivities": -2143060000, "dividendsPaid": -331000000, "netBorrowings": -370710000, "otherCashflowsFromFinancingActivities": -117030000, "totalCashFromFinancingActivities": -1107320000, "changeInCash": -282710000}, {"maxAge": 1, "endDate": "2019-03-31", "netIncome": 1384510000, "depreciation": 913060000, "changeToNetincome": 55280000, "changeToAccountReceivables": -366230000, "changeToLiabilities": 98180000, "changeToInventory": -660990000, "changeToOperatingActivities": 114340000, "totalCashFromOperatingActivities": 1568350000, "capitalExpenditures": -1479310000, "investments": 192640000, "otherCashflowsFromInvestingActivities": 90280000, "totalCashflowsFromInvestingActivities": -1578550000, "dividendsPaid": -269820000, "netBorrowings": -465180000, "otherCashflowsFromFinancingActivities": -164150000, "totalCashFromFinancingActivities": -610570000, "changeInCash": -616740000}, {"maxAge": 1, "endDate": "2018-03-31", "netIncome": 1388840000, "depreciation": 868330000, "changeToNetincome": 26190000, "changeToAccountReceivables": -808250000, "changeToLiabilities": 530150000, "changeToInventory": -406550000, "changeToOperatingActivities": 114800000, "totalCashFromOperatingActivities": 1748520000, "capitalExpenditures": -677490000, "investments": -56810000, "otherCashflowsFromInvestingActivities": 116170000, "totalCashflowsFromInvestingActivities": -652640000, "dividendsPaid": -215440000, "netBorrowings": -517720000, "otherCashflowsFromFinancingActivities": -150520000, "totalCashFromFinancingActivities": -883680000, "changeInCash": 212200000}, {"maxAge": 1, "endDate": "2017-03-31", "netIncome": 1180990000, "depreciation": 878260000, "changeToNetincome": 12110000, "changeToAccountReceivables": -159570000, "changeToLiabilities": 214440000, "changeToInventory": -320350000, "changeToOperatingActivities": 1030000, "totalCashFromOperatingActivities": 1828080000, "capitalExpenditures": -734630000, "investments": 115140000, "otherCashflowsFromInvestingActivities": 87940000, "totalCashflowsFromInvestingActivities": -548410000, "dividendsPaid": -134650000, "netBorrowings": -555580000, "otherCashflowsFromFinancingActivities": -200620000, "totalCashFromFinancingActivities": -890850000, "changeInCash": 388820000}], "maxAge": 86400}, "institutionOwnership": {"ownershipList": [], "maxAge": 1}, "majorHoldersBreakdown": {"maxAge": 1}, "balanceSheetHistoryQuarterly": {"balanceSheetStatements": [{"maxAge": 1, "endDate": "2020-12-31", "totalStockholderEquity": 10567600000, "netTangibleAssets": 10383500000}, {"maxAge": 1, "endDate": "2020-09-30", "cash": 1529700000, "shortTermInvestments": 180700000, "netReceivables": 2836200000, "inventory": 2358600000, "otherCurrentAssets": 370600000, "totalCurrentAssets": 7275800000, "longTermInvestments": 59300000, "propertyPlantEquipment": 7110600000, "goodWill": 14900000, "intangibleAssets": 169200000, "otherAssets": 733100000, "totalAssets": 15362900000, "accountsPayable": 2466200000, "otherCurrentLiab": 1020000000, "longTermDebt": 389500000, "otherLiab": 474800000, "totalCurrentLiabilities": 3718400000, "totalLiab": 4795300000, "commonStock": 223700000, "treasuryStock": 10343900000, "otherStockholderEquity": 10343900000, "totalStockholderEquity": 10567600000, "netTangibleAssets": 10383500000}, {"maxAge": 1, "endDate": "2020-06-30", "totalStockholderEquity": 10705070000, "netTangibleAssets": 10423590000}, {"maxAge": 1, "endDate": "2020-03-31", "cash": 246770000, "shortTermInvestments": 596050000, "netReceivables": 2491730000, "inventory": 2907810000, "otherCurrentAssets": 296690000, "totalCurrentAssets": 7211980000, "longTermInvestments": 2620000, "propertyPlantEquipment": 7324180000, "goodWill": 14850000, "intangibleAssets": 266630000, "otherAssets": 762360000, "totalAssets": 15582620000, "accountsPayable": 2309160000, "shortLongTermDebt": 200580000, "otherCurrentLiab": 453110000, "longTermDebt": 423030000, "otherLiab": 519050000, "totalCurrentLiabilities": 3699270000, "totalLiab": 4877550000, "commonStock": 223750000, "retainedEarnings": 9994570000, "treasuryStock": 486750000, "otherStockholderEquity": 486750000, "totalStockholderEquity": 10705070000, "netTangibleAssets": 10423590000}], "maxAge": 86400}, "indexTrend": {"maxAge": 1, "symbol": "SP5", "peRatio": 19.7411, "pegRatio": 1.34172, "estimates": [{"period": "0q", "growth": 0.549}, {"period": "+1q", "growth": 0.431}, {"period": "0y", "growth": 0.305}, {"period": "+1y", "growth": 0.109}, {"period": "+5y", "growth": 0.120865}, {"period": "-5y"}]}, "defaultKeyStatistics": {"maxAge": 1, "priceHint": 2, "enterpriseValue": 16166602752, "profitMargins": 0.03434, "floatShares": 2543995, "sharesOutstanding": 22374900, "beta": 1.542793, "category": null, "bookValue": 472.114, "priceToBook": 1.6203713, "fundFamily": null, "legalType": null, "lastFiscalYearEnd": "2020-03-31 05:30:00", "nextFiscalYearEnd": "2022-03-31 05:30:00", "mostRecentQuarter": "2020-12-31 05:30:00", "earningsQuarterlyGrowth": 3.018, "netIncomeToCommon": 486070016, "trailingEps": 21.719, "lastSplitFactor": null, "enterpriseToRevenue": 1.142, "enterpriseToEbitda": 10.308}, "summaryProfile": {"address1": "Himalaya House", "address2": "3rd Floor 23, Kasturba Gandhi Marg", "city": "New Delhi", "zip": "110001", "country": "India", "phone": "91 11 2331 5941", "fax": "91 11 2331 1203", "website": "http://www.shrirampistons.com", "industry": "Auto Parts", "sector": "Consumer Cyclical", "longBusinessSummary": "Shriram Pistons & Rings Limited manufactures and sells automotive components in India. It offers pistons, piston pins, piston rings, and engine valves. The company also exports its products. It serves OEMs operating in the passenger vehicle, two/three wheeler, commercial vehicle, tractor, and industrial engine markets. The company was incorporated in 1963 and is headquartered in New Delhi, India.", "fullTimeEmployees": 4285, "companyOfficers": [], "maxAge": 86400}, "netSharePurchaseActivity": {"maxAge": 1, "period": "6m", "buyInfoCount": 0, "buyInfoShares": 0, "sellInfoCount": 0, "netInfoCount": 0, "netInfoShares": 0, "totalInsiderShares": 0}, "quoteType": {"exchange": "NSI", "quoteType": "EQUITY", "symbol": "SHRIPISTON.NS", "underlyingSymbol": "SHRIPISTON.NS", "shortName": "SHRIRAM PISTONS &", "longName": "Shriram Pistons & Rings Limited", "firstTradeDateEpochUtc": "2016-06-09 09:15:00", "timeZoneFullName": "Asia/Kolkata", "timeZoneShortName": "IST", "uuid": "6e8667ca-9feb-3317-a6d9-b68efc4679c9", "gmtOffSetMilliseconds": 19800000, "maxAge": 1}, "incomeStatementHistory": {"incomeStatementHistory": [{"maxAge": 1, "endDate": "2020-03-31", "totalRevenue": 16067730000, "costOfRevenue": 6089660000, "grossProfit": 9978070000, "researchDevelopment": {}, "sellingGeneralAdministrative": 3470320000, "nonRecurring": {}, "otherOperatingExpenses": 4687790000, "totalOperatingExpenses": 15278200000, "operatingIncome": 789530000, "totalOtherIncomeExpenseNet": 74640000, "ebit": 789530000, "interestExpense": -122280000, "incomeBeforeTax": 864170000, "incomeTaxExpense": 133800000, "minorityInterest": {}, "netIncomeFromContinuingOps": 730370000, "discontinuedOperations": {}, "extraordinaryItems": {}, "effectOfAccountingCharges": {}, "otherItems": {}, "netIncome": 730370000, "netIncomeApplicableToCommonShares": 730370000}, {"maxAge": 1, "endDate": "2019-03-31", "totalRevenue": 19549030000, "costOfRevenue": 7175270000, "grossProfit": 12373760000, "researchDevelopment": {}, "sellingGeneralAdministrative": 3780770000, "nonRecurring": {}, "otherOperatingExpenses": 5639660000, "totalOperatingExpenses": 17538960000, "operatingIncome": 2010070000, "totalOtherIncomeExpenseNet": 82320000, "ebit": 2010070000, "interestExpense": -138690000, "incomeBeforeTax": 2092390000, "incomeTaxExpense": 707880000, "minorityInterest": {}, "netIncomeFromContinuingOps": 1384510000, "discontinuedOperations": {}, "extraordinaryItems": {}, "effectOfAccountingCharges": {}, "otherItems": {}, "netIncome": 1384510000, "netIncomeApplicableToCommonShares": 1384510000}, {"maxAge": 1, "endDate": "2018-03-31", "totalRevenue": 17294150000, "costOfRevenue": 5686000000, "grossProfit": 11608150000, "researchDevelopment": {}, "sellingGeneralAdministrative": 3426780000, "nonRecurring": {}, "otherOperatingExpenses": 5247830000, "totalOperatingExpenses": 15263950000, "operatingIncome": 2030200000, "totalOtherIncomeExpenseNet": 78200000, "ebit": 2030200000, "interestExpense": -162210000, "incomeBeforeTax": 2108400000, "incomeTaxExpense": 719560000, "minorityInterest": {}, "netIncomeFromContinuingOps": 1388840000, "discontinuedOperations": {}, "extraordinaryItems": {}, "effectOfAccountingCharges": {}, "otherItems": {}, "netIncome": 1388840000, "netIncomeApplicableToCommonShares": 1388840000}, {"maxAge": 1, "endDate": "2017-03-31", "totalRevenue": 14625690000, "costOfRevenue": 4679300000, "grossProfit": 9946390000, "researchDevelopment": {}, "sellingGeneralAdministrative": 2846420000, "nonRecurring": {}, "otherOperatingExpenses": 4548070000, "totalOperatingExpenses": 12973220000, "operatingIncome": 1652470000, "totalOtherIncomeExpenseNet": 56350000, "ebit": 1652470000, "interestExpense": -200990000, "incomeBeforeTax": 1708820000, "incomeTaxExpense": 527830000, "minorityInterest": {}, "netIncomeFromContinuingOps": 1180990000, "discontinuedOperations": {}, "extraordinaryItems": {}, "effectOfAccountingCharges": {}, "otherItems": {}, "netIncome": 1180990000, "netIncomeApplicableToCommonShares": 1180990000}], "maxAge": 86400}, "fundOwnership": {"ownershipList": [], "maxAge": 1}, "summaryDetail": {"maxAge": 1, "priceHint": 2, "previousClose": 765.0, "open": 765.0, "dayLow": 765.0, "dayHigh": 787.95, "regularMarketPreviousClose": 765.0, "regularMarketOpen": 765.0, "regularMarketDayLow": 765.0, "regularMarketDayHigh": 787.95, "dividendRate": 9.0, "dividendYield": 0.0117999995, "exDividendDate": "2021-02-09 05:30:00", "payoutRatio": 0.2762, "beta": 1.542793, "trailingPE": 35.22262, "volume": 95, "regularMarketVolume": 95, "averageVolume": 722, "averageVolume10days": 285, "averageDailyVolume10Day": 285, "bid": 0.0, "ask": 0.0, "bidSize": 0, "askSize": 0, "marketCap": 17116798976, "fiftyTwoWeekLow": 421.0, "fiftyTwoWeekHigh": 913.0, "priceToSalesTrailing12Months": 1.2091525, "fiftyDayAverage": 786.2545, "twoHundredDayAverage": 645.705, "trailingAnnualDividendRate": 9.0, "trailingAnnualDividendYield": 0.011764706, "currency": "INR", "fromCurrency": null, "lastMarket": null, "algorithm": null, "tradeable": false}, "incomeStatementHistoryQuarterly": {"incomeStatementHistory": [{"maxAge": 1, "endDate": "2020-12-31", "totalRevenue": 4746600000, "costOfRevenue": 1505800000, "grossProfit": 3240800000, "researchDevelopment": {}, "sellingGeneralAdministrative": 896700000, "nonRecurring": {}, "otherOperatingExpenses": 1411700000, "totalOperatingExpenses": 4088900000, "operatingIncome": 657700000, "totalOtherIncomeExpenseNet": 23800000, "ebit": 657700000, "interestExpense": -27300000, "incomeBeforeTax": 681500000, "incomeTaxExpense": 180400000, "minorityInterest": {}, "netIncomeFromContinuingOps": 501100000, "discontinuedOperations": {}, "extraordinaryItems": {}, "effectOfAccountingCharges": {}, "otherItems": {}, "netIncome": 501100000, "netIncomeApplicableToCommonShares": 501100000}, {"maxAge": 1, "endDate": "2020-09-30", "totalRevenue": 4270000000, "costOfRevenue": 1591400000, "grossProfit": 2678600000, "researchDevelopment": {}, "sellingGeneralAdministrative": 773200000, "nonRecurring": {}, "otherOperatingExpenses": 1224000000, "totalOperatingExpenses": 3865700000, "operatingIncome": 404300000, "totalOtherIncomeExpenseNet": 10800000, "ebit": 404300000, "interestExpense": -31100000, "incomeBeforeTax": 415100000, "incomeTaxExpense": 88300000, "minorityInterest": {}, "netIncomeFromContinuingOps": 326800000, "discontinuedOperations": {}, "extraordinaryItems": {}, "effectOfAccountingCharges": {}, "otherItems": {}, "netIncome": 326800000, "netIncomeApplicableToCommonShares": 326800000}, {"maxAge": 1, "endDate": "2020-06-30", "totalRevenue": 1491600000, "costOfRevenue": 669600000, "grossProfit": 822000000, "researchDevelopment": {}, "sellingGeneralAdministrative": 726500000, "nonRecurring": {}, "otherOperatingExpenses": 507700000, "totalOperatingExpenses": 2112600000, "operatingIncome": -621000000, "totalOtherIncomeExpenseNet": 8100000, "ebit": -621000000, "interestExpense": -29300000, "incomeBeforeTax": -612900000, "incomeTaxExpense": -142400000, "minorityInterest": {}, "netIncomeFromContinuingOps": -470500000, "discontinuedOperations": {}, "extraordinaryItems": {}, "effectOfAccountingCharges": {}, "otherItems": {}, "netIncome": -470500000, "netIncomeApplicableToCommonShares": -470500000}, {"maxAge": 1, "endDate": "2020-03-31", "totalRevenue": 3647730000, "costOfRevenue": 1550760000, "grossProfit": 2096970000, "researchDevelopment": {}, "sellingGeneralAdministrative": 814020000, "nonRecurring": {}, "otherOperatingExpenses": 867090000, "totalOperatingExpenses": 3496900000, "operatingIncome": 150830000, "totalOtherIncomeExpenseNet": 13940000, "ebit": 150830000, "interestExpense": -32380000, "incomeBeforeTax": 164770000, "incomeTaxExpense": 36000000, "minorityInterest": {}, "netIncomeFromContinuingOps": 128770000, "discontinuedOperations": {}, "extraordinaryItems": {}, "effectOfAccountingCharges": {}, "otherItems": {}, "netIncome": 128770000, "netIncomeApplicableToCommonShares": 128770000}], "maxAge": 86400}, "cashflowStatementHistoryQuarterly": {"cashflowStatements": [{"maxAge": 1, "endDate": "2020-12-31", "netIncome": 501100000, "changeToLiabilities": 0}, {"maxAge": 1, "endDate": "2020-09-30", "netIncome": 326800000, "changeToLiabilities": 0}, {"maxAge": 1, "endDate": "2020-06-30", "netIncome": -470500000, "changeToLiabilities": 0}, {"maxAge": 1, "endDate": "2020-03-31", "netIncome": 128770000, "changeToLiabilities": 0}], "maxAge": 86400}, "insiderHolders": {"holders": [], "maxAge": 1}, "calendarEvents": {"maxAge": 1, "earnings": {"earningsDate": []}, "exDividendDate": "2021-02-09 05:30:00"}, "upgradeDowngradeHistory": {"history": [], "maxAge": 86400}, "price": {"maxAge": 1, "regularMarketChangePercent": 0.0, "regularMarketChange": 0.0, "regularMarketTime": "2021-04-30 15:15:57", "priceHint": 2, "regularMarketPrice": 765.0, "regularMarketDayHigh": 787.95, "regularMarketDayLow": 765.0, "regularMarketVolume": 95, "averageDailyVolume10Day": 285, "averageDailyVolume3Month": 722, "regularMarketPreviousClose": 765.0, "regularMarketSource": "FREE_REALTIME", "regularMarketOpen": 765.0, "exchange": "NSI", "exchangeName": "NSE", "exchangeDataDelayedBy": 15, "marketState": "CLOSED", "quoteType": "EQUITY", "symbol": "SHRIPISTON.NS", "underlyingSymbol": null, "shortName": "SHRIRAM PISTONS &", "longName": "Shriram Pistons & Rings Limited", "currency": "INR", "quoteSourceName": "Delayed Quote", "currencySymbol": "\u20b9", "fromCurrency": null, "lastMarket": null, "marketCap": 17116798976}, "balanceSheetHistory": {"balanceSheetStatements": [{"maxAge": 1, "endDate": "2020-03-31", "cash": 246770000, "shortTermInvestments": 596050000, "netReceivables": 2491730000, "inventory": 2907810000, "otherCurrentAssets": 296690000, "totalCurrentAssets": 7211980000, "longTermInvestments": 2620000, "propertyPlantEquipment": 7324180000, "goodWill": 14850000, "intangibleAssets": 266630000, "otherAssets": 762360000, "totalAssets": 15582620000, "accountsPayable": 2309160000, "shortLongTermDebt": 200580000, "otherCurrentLiab": 453110000, "longTermDebt": 423030000, "otherLiab": 519050000, "totalCurrentLiabilities": 3699270000, "totalLiab": 4877550000, "commonStock": 223750000, "retainedEarnings": 9994570000, "treasuryStock": 486750000, "otherStockholderEquity": 486750000, "totalStockholderEquity": 10705070000, "netTangibleAssets": 10423590000}, {"maxAge": 1, "endDate": "2019-03-31", "cash": 22280000, "shortTermInvestments": 700650000, "netReceivables": 3629260000, "inventory": 3471370000, "otherCurrentAssets": 306120000, "totalCurrentAssets": 8305550000, "propertyPlantEquipment": 6007900000, "goodWill": 14850000, "intangibleAssets": 270600000, "otherAssets": 1085230000, "totalAssets": 15684130000, "accountsPayable": 2711340000, "shortLongTermDebt": 501850000, "otherCurrentLiab": 383090000, "longTermDebt": 713000000, "otherLiab": 694490000, "totalCurrentLiabilities": 4012040000, "totalLiab": 5419530000, "commonStock": 223750000, "retainedEarnings": 9837000000, "treasuryStock": 203850000, "otherStockholderEquity": 203850000, "totalStockholderEquity": 10264600000, "netTangibleAssets": 9979150000}, {"maxAge": 1, "endDate": "2018-03-31", "cash": 25720000, "shortTermInvestments": 1696630000, "netReceivables": 3295390000, "inventory": 2810370000, "otherCurrentAssets": 264650000, "totalCurrentAssets": 8424150000, "longTermInvestments": 94280000, "propertyPlantEquipment": 5624220000, "intangibleAssets": 41960000, "otherAssets": 724800000, "totalAssets": 14909410000, "accountsPayable": 2629570000, "shortLongTermDebt": 721590000, "otherCurrentLiab": 312360000, "longTermDebt": 657950000, "otherLiab": 641260000, "totalCurrentLiabilities": 4477520000, "totalLiab": 5776730000, "commonStock": 223750000, "retainedEarnings": 8719140000, "treasuryStock": 189790000, "otherStockholderEquity": 189790000, "totalStockholderEquity": 9132680000, "netTangibleAssets": 9090720000}, {"maxAge": 1, "endDate": "2017-03-31", "cash": 20640000, "shortTermInvestments": 1458810000, "netReceivables": 2524990000, "inventory": 2403820000, "otherCurrentAssets": 266980000, "totalCurrentAssets": 6906320000, "longTermInvestments": 138190000, "propertyPlantEquipment": 5828500000, "intangibleAssets": 32440000, "otherAssets": 639030000, "totalAssets": 13544480000, "accountsPayable": 2093200000, "shortLongTermDebt": 710100000, "otherCurrentLiab": 238410000, "longTermDebt": 1205380000, "otherLiab": 650670000, "totalCurrentLiabilities": 3744610000, "totalLiab": 5600660000, "commonStock": 223750000, "retainedEarnings": 7528070000, "treasuryStock": 192000000, "otherStockholderEquity": 192000000, "totalStockholderEquity": 7943820000, "netTangibleAssets": 7911380000}], "maxAge": 86400}, "financialData": {"maxAge": 86400, "currentPrice": 765.0, "recommendationKey": "none", "totalCash": 1710400000, "totalCashPerShare": 76.424, "ebitda": 1568386688, "totalDebt": 755900032, "totalRevenue": 14156029952, "debtToEquity": 7.153, "revenuePerShare": 632.801, "grossProfits": 9978070000, "earningsGrowth": 3.02, "revenueGrowth": 0.229, "grossMargins": 0.62436, "ebitdaMargins": 0.11079001, "operatingMargins": 0.041810002, "profitMargins": 0.03434, "financialCurrency": "INR"}}}