{"SHRJAGP.BO": {"recommendationTrend": {"trend": [{"period": "0m", "strongBuy": 0, "buy": 0, "hold": 0, "sell": 0, "strongSell": 0}, {"period": "-1m", "strongBuy": 0, "buy": 0, "hold": 0, "sell": 0, "strongSell": 0}, {"period": "-2m", "strongBuy": 0, "buy": 0, "hold": 0, "sell": 0, "strongSell": 0}, {"period": "-3m", "strongBuy": 0, "buy": 0, "hold": 0, "sell": 0, "strongSell": 0}], "maxAge": 86400}, "cashflowStatementHistory": {"cashflowStatements": [{"maxAge": 1, "endDate": "2020-03-31", "netIncome": 273339000, "depreciation": 37326000, "changeToNetincome": -9401000, "changeToAccountReceivables": -81785000, "changeToLiabilities": -9380000, "changeToInventory": -13078000, "changeToOperatingActivities": -105063000, "totalCashFromOperatingActivities": 93209000, "capitalExpenditures": -369553000, "investments": -49000, "otherCashflowsFromInvestingActivities": 14437000, "totalCashflowsFromInvestingActivities": -354990000, "netBorrowings": 293522000, "otherCashflowsFromFinancingActivities": -14903000, "totalCashFromFinancingActivities": 278619000, "changeInCash": 16838000}, {"maxAge": 1, "endDate": "2019-03-31", "netIncome": 218680000, "depreciation": 37030000, "changeToNetincome": -326000, "changeToAccountReceivables": -25532000, "changeToLiabilities": 41605000, "changeToInventory": -63372000, "changeToOperatingActivities": 5608000, "totalCashFromOperatingActivities": 213693000, "capitalExpenditures": -69036000, "investments": 6780000, "otherCashflowsFromInvestingActivities": 14437000, "totalCashflowsFromInvestingActivities": -60718000, "dividendsPaid": -1752000, "netBorrowings": -76637000, "otherCashflowsFromFinancingActivities": -10636000, "totalCashFromFinancingActivities": -89025000, "changeInCash": 63950000}, {"maxAge": 1, "endDate": "2018-03-31", "netIncome": 164720000, "depreciation": 35238000, "changeToNetincome": 11221000, "changeToAccountReceivables": -101155000, "changeToLiabilities": -3686000, "changeToInventory": 32959000, "changeToOperatingActivities": 3978000, "totalCashFromOperatingActivities": 143275000, "capitalExpenditures": -4950000, "investments": 6780000, "otherCashflowsFromInvestingActivities": 3953000, "totalCashflowsFromInvestingActivities": 115000, "dividendsPaid": -876000, "netBorrowings": -132350000, "otherCashflowsFromFinancingActivities": -19060000, "totalCashFromFinancingActivities": -152286000, "changeInCash": -8896000}, {"maxAge": 1, "endDate": "2017-03-31", "netIncome": 57148000, "depreciation": 37252000, "changeToNetincome": 62351000, "changeToAccountReceivables": 30388000, "changeToLiabilities": 22725000, "changeToInventory": 10502000, "changeToOperatingActivities": -4565000, "totalCashFromOperatingActivities": 215801000, "capitalExpenditures": -19595000, "investments": 6780000, "otherCashflowsFromInvestingActivities": 2593000, "totalCashflowsFromInvestingActivities": -15657000, "dividendsPaid": -876000, "netBorrowings": -137767000, "otherCashflowsFromFinancingActivities": -31424000, "totalCashFromFinancingActivities": -170067000, "changeInCash": 30077000}], "maxAge": 86400}, "institutionOwnership": {"maxAge": 1, "ownershipList": []}, "balanceSheetHistoryQuarterly": {"balanceSheetStatements": [{"maxAge": 1, "endDate": "2020-06-30", "totalStockholderEquity": 922001000, "netTangibleAssets": 922001000}, {"maxAge": 1, "endDate": "2020-03-31", "cash": 132246000, "netReceivables": 455335000, "inventory": 150041000, "otherCurrentAssets": 1119000, "totalCurrentAssets": 740558000, "longTermInvestments": 49000, "propertyPlantEquipment": 668197000, "otherAssets": 33314000, "totalAssets": 1442118000, "accountsPayable": 108896000, "shortLongTermDebt": 21317000, "otherCurrentLiab": 13199000, "longTermDebt": 215401000, "otherLiab": 42261000, "totalCurrentLiabilities": 262455000, "totalLiab": 520117000, "commonStock": 8758000, "retainedEarnings": 913188000, "treasuryStock": 55000, "otherStockholderEquity": 55000, "totalStockholderEquity": 922001000, "netTangibleAssets": 922001000}, {"maxAge": 1, "endDate": "2019-12-31", "totalStockholderEquity": 791858000, "netTangibleAssets": 791858000}, {"maxAge": 1, "endDate": "2019-09-30", "cash": 170599000, "netReceivables": 466350000, "inventory": 132672000, "totalCurrentAssets": 769621000, "longTermInvestments": 49000, "propertyPlantEquipment": 391023000, "otherAssets": 42566000, "totalAssets": 1203259000, "accountsPayable": 208656000, "shortLongTermDebt": 13265000, "otherCurrentLiab": 74140000, "longTermDebt": 28823000, "otherLiab": 59357000, "totalCurrentLiabilities": 323221000, "totalLiab": 411401000, "commonStock": 8758000, "treasuryStock": 783100000, "otherStockholderEquity": 783100000, "totalStockholderEquity": 791858000, "netTangibleAssets": 791858000}], "maxAge": 86400}, "earningsHistory": {"history": [{"maxAge": 1, "epsActual": {}, "epsEstimate": {}, "epsDifference": {}, "surprisePercent": {}, "quarter": {}, "period": "-4q"}, {"maxAge": 1, "epsActual": {}, "epsEstimate": {}, "epsDifference": {}, "surprisePercent": {}, "quarter": {}, "period": "-3q"}, {"maxAge": 1, "epsActual": 1.72, "epsEstimate": 3.17, "epsDifference": -1.45, "surprisePercent": -0.45700002, "quarter": "2016-12-31", "period": "-2q"}, {"maxAge": 1, "epsActual": 3.84, "epsEstimate": 3.22, "epsDifference": 0.62, "surprisePercent": 0.19299999, "quarter": "2017-09-30", "period": "-1q"}], "maxAge": 86400}, "indexTrend": {"maxAge": 1, "symbol": "SP5", "peRatio": 19.7411, "pegRatio": 1.34172, "estimates": [{"period": "0q", "growth": 0.549}, {"period": "+1q", "growth": 0.431}, {"period": "0y", "growth": 0.305}, {"period": "+1y", "growth": 0.109}, {"period": "+5y", "growth": 0.120859005}, {"period": "-5y"}]}, "industryTrend": {"maxAge": 1, "symbol": null, "estimates": []}, "insiderTransactions": {"transactions": [{"maxAge": 1, "shares": 3325, "filerUrl": "", "transactionText": "", "filerName": "Agrawal (Shradha Hanskumar)", "filerRelation": "Promoter", "moneyText": "", "startDate": "2019-02-06", "ownership": "D"}], "maxAge": 1}, "quoteType": {"exchange": "BSE", "quoteType": "EQUITY", "symbol": "SHRJAGP.BO", "underlyingSymbol": "SHRJAGP.BO", "shortName": "SHRI JAGDAMBA POLYMERS LTD.", "longName": "Shri Jagdamba Polymers Limited", "firstTradeDateEpochUtc": "2010-08-25 09:15:00", "timeZoneFullName": "Asia/Kolkata", "timeZoneShortName": "IST", "uuid": "08f0e4bd-d5e8-3fd0-a77b-19a75aa233f7", "messageBoardId": null, "gmtOffSetMilliseconds": 19800000, "maxAge": 1}, "incomeStatementHistory": {"incomeStatementHistory": [{"maxAge": 1, "endDate": "2020-03-31", "totalRevenue": 2090306000, "costOfRevenue": 1103582000, "grossProfit": 986724000, "researchDevelopment": {}, "sellingGeneralAdministrative": 170934000, "nonRecurring": {}, "otherOperatingExpenses": 415731000, "totalOperatingExpenses": 1727573000, "operatingIncome": 362733000, "totalOtherIncomeExpenseNet": -456000, "ebit": 362733000, "interestExpense": -7135000, "incomeBeforeTax": 362277000, "incomeTaxExpense": 88938000, "minorityInterest": {}, "netIncomeFromContinuingOps": 273339000, "discontinuedOperations": {}, "extraordinaryItems": {}, "effectOfAccountingCharges": {}, "otherItems": {}, "netIncome": 273339000, "netIncomeApplicableToCommonShares": 273339000}, {"maxAge": 1, "endDate": "2019-03-31", "totalRevenue": 1897722000, "costOfRevenue": 1021742000, "grossProfit": 875980000, "researchDevelopment": {}, "sellingGeneralAdministrative": 151144000, "nonRecurring": {}, "otherOperatingExpenses": 384952000, "totalOperatingExpenses": 1594868000, "operatingIncome": 302854000, "totalOtherIncomeExpenseNet": -4495000, "ebit": 302854000, "interestExpense": -8891000, "incomeBeforeTax": 298359000, "incomeTaxExpense": 79679000, "minorityInterest": {}, "netIncomeFromContinuingOps": 218680000, "discontinuedOperations": {}, "extraordinaryItems": {}, "effectOfAccountingCharges": {}, "otherItems": {}, "netIncome": 218680000, "netIncomeApplicableToCommonShares": 218680000}, {"maxAge": 1, "endDate": "2018-03-31", "totalRevenue": 1790891000, "costOfRevenue": 903635000, "grossProfit": 887256000, "researchDevelopment": {}, "sellingGeneralAdministrative": 150802000, "nonRecurring": {}, "otherOperatingExpenses": 448875000, "totalOperatingExpenses": 1538550000, "operatingIncome": 252341000, "totalOtherIncomeExpenseNet": -16081000, "ebit": 252341000, "interestExpense": -13788000, "incomeBeforeTax": 236260000, "incomeTaxExpense": 71540000, "minorityInterest": {}, "netIncomeFromContinuingOps": 164720000, "discontinuedOperations": {}, "extraordinaryItems": {}, "effectOfAccountingCharges": {}, "otherItems": {}, "netIncome": 164720000, "netIncomeApplicableToCommonShares": 164720000}, {"maxAge": 1, "endDate": "2017-03-31", "totalRevenue": 1470247000, "costOfRevenue": 827017000, "grossProfit": 643230000, "researchDevelopment": {}, "sellingGeneralAdministrative": 137197000, "nonRecurring": {}, "otherOperatingExpenses": 324382000, "totalOperatingExpenses": 1325848000, "operatingIncome": 144399000, "totalOtherIncomeExpenseNet": -33107000, "ebit": 144399000, "interestExpense": -24685000, "incomeBeforeTax": 111292000, "incomeTaxExpense": 54144000, "minorityInterest": {}, "netIncomeFromContinuingOps": 57148000, "discontinuedOperations": {}, "extraordinaryItems": {}, "effectOfAccountingCharges": {}, "otherItems": {}, "netIncome": 57148000, "netIncomeApplicableToCommonShares": 57148000}], "maxAge": 86400}, "fundOwnership": {"maxAge": 1, "ownershipList": []}, "summaryDetail": {"maxAge": 1, "priceHint": 2, "previousClose": 512.95, "open": 521.25, "dayLow": 502.1, "dayHigh": 521.25, "regularMarketPreviousClose": 512.95, "regularMarketOpen": 521.25, "regularMarketDayLow": 502.1, "regularMarketDayHigh": 521.25, "trailingPE": 15.680208, "forwardPE": 47.364487, "volume": 2455, "regularMarketVolume": 2455, "averageVolume": 4898, "averageVolume10days": 3236, "averageDailyVolume10Day": 3236, "bid": 506.0, "ask": 508.0, "bidSize": 0, "askSize": 0, "marketCap": 4438554112, "fiftyTwoWeekLow": 109.65, "fiftyTwoWeekHigh": 756.3, "fiftyDayAverage": 587.2057, "twoHundredDayAverage": 382.7697, "trailingAnnualDividendRate": 0.25, "trailingAnnualDividendYield": 0.00048737694, "currency": "INR", "fromCurrency": null, "toCurrency": null, "lastMarket": null, "algorithm": null, "tradeable": false}, "sectorTrend": {"maxAge": 1, "symbol": null, "estimates": []}, "incomeStatementHistoryQuarterly": {"incomeStatementHistory": [{"maxAge": 1, "endDate": "2020-06-30", "totalRevenue": 430194000, "costOfRevenue": 206249000, "grossProfit": 223945000, "researchDevelopment": {}, "sellingGeneralAdministrative": 42406000, "nonRecurring": {}, "otherOperatingExpenses": 78863000, "totalOperatingExpenses": 343068000, "operatingIncome": 87126000, "totalOtherIncomeExpenseNet": 9403000, "ebit": 87126000, "interestExpense": -6573000, "incomeBeforeTax": 96529000, "incomeTaxExpense": 25139000, "minorityInterest": {}, "netIncomeFromContinuingOps": 71390000, "discontinuedOperations": {}, "extraordinaryItems": {}, "effectOfAccountingCharges": {}, "otherItems": {}, "netIncome": 71390000, "netIncomeApplicableToCommonShares": 71390000}, {"maxAge": 1, "endDate": "2020-03-31", "totalRevenue": 550417000, "costOfRevenue": 227652000, "grossProfit": 322765000, "researchDevelopment": {}, "sellingGeneralAdministrative": 52656000, "nonRecurring": {}, "otherOperatingExpenses": 152531000, "totalOperatingExpenses": 446102000, "operatingIncome": 104315000, "totalOtherIncomeExpenseNet": -7424000, "ebit": 104315000, "interestExpense": -1460000, "incomeBeforeTax": 96891000, "incomeTaxExpense": 23066000, "minorityInterest": {}, "netIncomeFromContinuingOps": 73825000, "discontinuedOperations": {}, "extraordinaryItems": {}, "effectOfAccountingCharges": {}, "otherItems": {}, "netIncome": 73825000, "netIncomeApplicableToCommonShares": 73825000}, {"maxAge": 1, "endDate": "2019-12-31", "totalRevenue": 372079000, "costOfRevenue": 210016000, "grossProfit": 162063000, "researchDevelopment": {}, "sellingGeneralAdministrative": 42549000, "nonRecurring": {}, "otherOperatingExpenses": 35019000, "totalOperatingExpenses": 292070000, "operatingIncome": 80009000, "totalOtherIncomeExpenseNet": 865000, "ebit": 80009000, "interestExpense": -2976000, "incomeBeforeTax": 80874000, "incomeTaxExpense": 18261000, "minorityInterest": {}, "netIncomeFromContinuingOps": 62613000, "discontinuedOperations": {}, "extraordinaryItems": {}, "effectOfAccountingCharges": {}, "otherItems": {}, "netIncome": 62613000, "netIncomeApplicableToCommonShares": 62613000}, {"maxAge": 1, "endDate": "2019-09-30", "totalRevenue": 565155000, "costOfRevenue": 319855000, "grossProfit": 245300000, "researchDevelopment": {}, "sellingGeneralAdministrative": 34734000, "nonRecurring": {}, "otherOperatingExpenses": 111721000, "totalOperatingExpenses": 476064000, "operatingIncome": 89091000, "totalOtherIncomeExpenseNet": 5456000, "ebit": 89091000, "interestExpense": -1397000, "incomeBeforeTax": 94547000, "incomeTaxExpense": 19324000, "minorityInterest": {}, "netIncomeFromContinuingOps": 75223000, "discontinuedOperations": {}, "extraordinaryItems": {}, "effectOfAccountingCharges": {}, "otherItems": {}, "netIncome": 75223000, "netIncomeApplicableToCommonShares": 75223000}], "maxAge": 86400}, "cashflowStatementHistoryQuarterly": {"cashflowStatements": [{"maxAge": 1, "endDate": "2020-06-30", "netIncome": 71390000, "changeToLiabilities": 0}, {"maxAge": 1, "endDate": "2020-03-31", "netIncome": 73825000, "changeToLiabilities": 0}, {"maxAge": 1, "endDate": "2019-12-31", "netIncome": 62613000, "changeToLiabilities": 0}, {"maxAge": 1, "endDate": "2019-09-30", "netIncome": 75223000, "changeToLiabilities": 0}], "maxAge": 86400}, "insiderHolders": {"holders": [{"maxAge": 1, "name": "Agrawal (Shradha Hanskumar)", "relation": "Promoter", "url": "", "transactionDescription": "Sale", "latestTransDate": "2019-02-06", "positionDirect": 543675, "positionDirectDate": "2019-02-06"}], "maxAge": 1}, "earnings": {"maxAge": 86400, "earningsChart": {"quarterly": [{"date": "4Q2016", "actual": 1.72, "estimate": 3.17}, {"date": "3Q2017", "actual": 3.84, "estimate": 3.22}], "currentQuarterEstimateDate": "4Q", "currentQuarterEstimateYear": 2017, "earningsDate": ["2020-09-08 05:30:S"]}, "financialsChart": {"yearly": [{"date": 2017, "revenue": 1470247000, "earnings": 57148000}, {"date": 2018, "revenue": 1790891000, "earnings": 164720000}, {"date": 2019, "revenue": 1897722000, "earnings": 218680000}, {"date": 2020, "revenue": 2090306000, "earnings": 273339000}], "quarterly": [{"date": "3Q2019", "revenue": 565155000, "earnings": 75223000}, {"date": "4Q2019", "revenue": 372079000, "earnings": 62613000}, {"date": "1Q2020", "revenue": 550417000, "earnings": 73825000}, {"date": "2Q2020", "revenue": 430194000, "earnings": 71390000}]}, "financialCurrency": "INR"}, "calendarEvents": {"maxAge": 1, "earnings": {"earningsDate": ["2020-09-08 05:30:S"]}}, "price": {"maxAge": 1, "regularMarketChangePercent": -0.01198952, "regularMarketChange": -6.1500244, "regularMarketTime": "2021-04-30 15:26:53", "priceHint": 2, "regularMarketPrice": 506.8, "regularMarketDayHigh": 521.25, "regularMarketDayLow": 502.1, "regularMarketVolume": 2455, "averageDailyVolume10Day": 3236, "averageDailyVolume3Month": 4898, "regularMarketPreviousClose": 512.95, "regularMarketSource": "FREE_REALTIME", "regularMarketOpen": 521.25, "exchange": "BSE", "exchangeName": "BSE", "exchangeDataDelayedBy": 0, "marketState": "CLOSED", "quoteType": "EQUITY", "symbol": "SHRJAGP.BO", "underlyingSymbol": null, "shortName": "SHRI JAGDAMBA POLYMERS LTD.", "longName": "Shri Jagdamba Polymers Limited", "currency": "INR", "quoteSourceName": "Delayed Quote", "currencySymbol": "\u20b9", "fromCurrency": null, "toCurrency": null, "lastMarket": null, "marketCap": 4438554112}, "balanceSheetHistory": {"balanceSheetStatements": [{"maxAge": 1, "endDate": "2020-03-31", "cash": 132246000, "netReceivables": 455335000, "inventory": 150041000, "otherCurrentAssets": 1119000, "totalCurrentAssets": 740558000, "longTermInvestments": 49000, "propertyPlantEquipment": 668197000, "otherAssets": 33314000, "totalAssets": 1442118000, "accountsPayable": 108896000, "shortLongTermDebt": 21317000, "otherCurrentLiab": 13199000, "longTermDebt": 215401000, "otherLiab": 42261000, "totalCurrentLiabilities": 262455000, "totalLiab": 520117000, "commonStock": 8758000, "retainedEarnings": 913188000, "treasuryStock": 55000, "otherStockholderEquity": 55000, "totalStockholderEquity": 922001000, "netTangibleAssets": 922001000}, {"maxAge": 1, "endDate": "2019-03-31", "cash": 115409000, "netReceivables": 296376000, "inventory": 136963000, "otherCurrentAssets": 720000, "totalCurrentAssets": 551158000, "propertyPlantEquipment": 336133000, "otherAssets": 3345000, "totalAssets": 890636000, "accountsPayable": 105776000, "shortLongTermDebt": 17275000, "otherCurrentLiab": 12262000, "longTermDebt": 9834000, "otherLiab": 59002000, "totalCurrentLiabilities": 166843000, "totalLiab": 235679000, "commonStock": 8758000, "retainedEarnings": 646144000, "treasuryStock": 55000, "otherStockholderEquity": 55000, "totalStockholderEquity": 654957000, "netTangibleAssets": 654957000}, {"maxAge": 1, "endDate": "2018-03-31", "cash": 51459000, "netReceivables": 299980000, "inventory": 73591000, "totalCurrentAssets": 425030000, "propertyPlantEquipment": 306662000, "otherAssets": 14985000, "totalAssets": 746677000, "accountsPayable": 64170000, "shortLongTermDebt": 50881000, "otherCurrentLiab": 9499000, "longTermDebt": 41048000, "otherLiab": 63726000, "totalCurrentLiabilities": 203514000, "totalLiab": 308288000, "commonStock": 8758000, "retainedEarnings": 429576000, "treasuryStock": 55000, "otherStockholderEquity": 55000, "totalStockholderEquity": 438389000, "netTangibleAssets": 438389000}, {"maxAge": 1, "endDate": "2017-03-31", "cash": 60355000, "netReceivables": 210247000, "inventory": 106550000, "totalCurrentAssets": 377152000, "propertyPlantEquipment": 339216000, "otherAssets": 13059000, "totalAssets": 729427000, "accountsPayable": 67856000, "shortLongTermDebt": 63077000, "otherCurrentLiab": 1054000, "longTermDebt": 140541000, "otherLiab": 68349000, "totalCurrentLiabilities": 245812000, "totalLiab": 454702000, "commonStock": 8758000, "retainedEarnings": 265912000, "treasuryStock": 55000, "otherStockholderEquity": 55000, "totalStockholderEquity": 274725000, "netTangibleAssets": 274725000}], "maxAge": 86400}, "earningsTrend": {"trend": [{"maxAge": 1, "period": "0q", "endDate": "2017-12-31", "growth": {}, "earningsEstimate": {"avg": 0.0, "low": 0.0, "high": 0.0, "yearAgoEps": {}, "numberOfAnalysts": 0, "growth": {}}, "revenueEstimate": {"avg": 0, "low": 0, "high": 0, "numberOfAnalysts": 0, "yearAgoRevenue": 312708000, "growth": {}}, "epsTrend": {"current": 0.0, "7daysAgo": 0.0, "30daysAgo": 0.0, "60daysAgo": 0.0, "90daysAgo": 0.0}, "epsRevisions": {"upLast7days": 0, "upLast30days": 0, "downLast30days": 0, "downLast90days": {}}}, {"maxAge": 1, "period": "+1q", "endDate": "2018-03-31", "growth": {}, "earningsEstimate": {"avg": 0.0, "low": 0.0, "high": 0.0, "yearAgoEps": {}, "numberOfAnalysts": 0, "growth": {}}, "revenueEstimate": {"avg": 0, "low": 0, "high": 0, "numberOfAnalysts": 0, "yearAgoRevenue": {}, "growth": {}}, "epsTrend": {"current": 0.0, "7daysAgo": 0.0, "30daysAgo": 0.0, "60daysAgo": 0.0, "90daysAgo": 0.0}, "epsRevisions": {"upLast7days": 0, "upLast30days": 0, "downLast30days": 0, "downLast90days": {}}}, {"maxAge": 1, "period": "0y", "endDate": "2018-03-31", "growth": {}, "earningsEstimate": {"avg": 0.0, "low": 0.0, "high": 0.0, "yearAgoEps": {}, "numberOfAnalysts": 0, "growth": {}}, "revenueEstimate": {"avg": 1728150000, "low": 1728150000, "high": 1728150000, "numberOfAnalysts": 1, "yearAgoRevenue": 1472080000, "growth": 0.174}, "epsTrend": {"current": 0.0, "7daysAgo": 9.23, "30daysAgo": 9.23, "60daysAgo": 9.23, "90daysAgo": 9.23}, "epsRevisions": {"upLast7days": 0, "upLast30days": 0, "downLast30days": 0, "downLast90days": {}}}, {"maxAge": 1, "period": "+1y", "endDate": "2019-03-31", "growth": {}, "earningsEstimate": {"avg": 0.0, "low": 0.0, "high": 0.0, "yearAgoEps": {}, "numberOfAnalysts": 0, "growth": {}}, "revenueEstimate": {"avg": 1987380000, "low": 1987380000, "high": 1987380000, "numberOfAnalysts": 1, "yearAgoRevenue": 1728150000, "growth": 0.15}, "epsTrend": {"current": 0.0, "7daysAgo": 10.7, "30daysAgo": 10.7, "60daysAgo": 10.7, "90daysAgo": 10.7}, "epsRevisions": {"upLast7days": 0, "upLast30days": 0, "downLast30days": 0, "downLast90days": {}}}, {"maxAge": 1, "period": "+5y", "endDate": null, "growth": {}, "earningsEstimate": {"avg": {}, "low": {}, "high": {}, "yearAgoEps": {}, "numberOfAnalysts": {}, "growth": {}}, "revenueEstimate": {"avg": {}, "low": {}, "high": {}, "numberOfAnalysts": {}, "yearAgoRevenue": {}, "growth": {}}, "epsTrend": {"current": {}, "7daysAgo": {}, "30daysAgo": {}, "60daysAgo": {}, "90daysAgo": {}}, "epsRevisions": {"upLast7days": {}, "upLast30days": {}, "downLast30days": {}, "downLast90days": {}}}, {"maxAge": 1, "period": "-5y", "endDate": null, "growth": {}, "earningsEstimate": {"avg": {}, "low": {}, "high": {}, "yearAgoEps": {}, "numberOfAnalysts": {}, "growth": {}}, "revenueEstimate": {"avg": {}, "low": {}, "high": {}, "numberOfAnalysts": {}, "yearAgoRevenue": {}, "growth": {}}, "epsTrend": {"current": {}, "7daysAgo": {}, "30daysAgo": {}, "60daysAgo": {}, "90daysAgo": {}}, "epsRevisions": {"upLast7days": {}, "upLast30days": {}, "downLast30days": {}, "downLast90days": {}}}], "maxAge": 1}, "financialData": {"maxAge": 86400, "currentPrice": 506.8, "recommendationMean": 2.0, "recommendationKey": "buy", "grossProfits": 986724000, "financialCurrency": "INR"}}}