{"SHUKRAPHAR.BO": {"cashflowStatementHistory": {"cashflowStatements": [{"maxAge": 1, "endDate": "2020-03-31", "netIncome": 356000, "depreciation": 14782000, "changeToNetincome": 2382000, "changeToAccountReceivables": -26049000, "changeToLiabilities": 32942000, "changeToInventory": -10480000, "changeToOperatingActivities": -1534000, "totalCashFromOperatingActivities": 12399000, "capitalExpenditures": -32222000, "investments": -6000, "totalCashflowsFromInvestingActivities": -31128000, "netBorrowings": 19949000, "totalCashFromFinancingActivities": 19949000, "changeInCash": 1220000}, {"maxAge": 1, "endDate": "2019-03-31", "netIncome": 4619698, "depreciation": 9626854, "changeToNetincome": 1159896, "changeToAccountReceivables": -24196558, "changeToLiabilities": 12149987, "changeToInventory": -1258737, "changeToOperatingActivities": 489053, "totalCashFromOperatingActivities": 2590193, "capitalExpenditures": -24492445, "investments": -44891, "totalCashflowsFromInvestingActivities": -24537336, "dividendsPaid": -782838, "netBorrowings": 24735000, "otherCashflowsFromFinancingActivities": -159368, "totalCashFromFinancingActivities": 23792794, "changeInCash": 1845651}, {"maxAge": 1, "endDate": "2018-03-31", "netIncome": 5256863, "depreciation": 7369370, "changeToNetincome": 3118503, "changeToAccountReceivables": -4523783, "changeToLiabilities": 7980182, "changeToInventory": 1713842, "changeToOperatingActivities": -12536612, "totalCashFromOperatingActivities": 8378365, "capitalExpenditures": -47473843, "investments": -27235, "totalCashflowsFromInvestingActivities": -47501078, "dividendsPaid": -782838, "netBorrowings": 35473979, "otherCashflowsFromFinancingActivities": -159368, "totalCashFromFinancingActivities": 34531773, "changeInCash": -4590940}, {"maxAge": 1, "endDate": "2017-03-31", "netIncome": 5027800, "depreciation": 4659400, "changeToNetincome": 1635014, "changeToAccountReceivables": -15357882, "changeToLiabilities": 6201314, "changeToInventory": 1203140, "changeToOperatingActivities": -6316679, "totalCashFromOperatingActivities": -2947893, "capitalExpenditures": -9681529, "investments": -29124, "totalCashflowsFromInvestingActivities": -9262759, "dividendsPaid": -782838, "netBorrowings": 35473979, "otherCashflowsFromFinancingActivities": -159368, "totalCashFromFinancingActivities": 34531773, "changeInCash": -12210652}], "maxAge": 86400}, "institutionOwnership": {"ownershipList": [], "maxAge": 1}, "balanceSheetHistoryQuarterly": {"balanceSheetStatements": [{"maxAge": 1, "endDate": "2020-06-30", "totalStockholderEquity": 154112000, "netTangibleAssets": 154112000}, {"maxAge": 1, "endDate": "2020-03-31", "cash": 1264000, "shortTermInvestments": 47388000, "netReceivables": 79512000, "inventory": 13187000, "otherCurrentAssets": 2993000, "totalCurrentAssets": 144344000, "longTermInvestments": 523000, "propertyPlantEquipment": 190408000, "totalAssets": 335275000, "accountsPayable": 64436000, "otherCurrentLiab": 5246000, "longTermDebt": 80518000, "otherLiab": 30963000, "totalCurrentLiabilities": 69682000, "totalLiab": 181163000, "commonStock": 15657000, "treasuryStock": 138455000, "otherStockholderEquity": 138455000, "totalStockholderEquity": 154112000, "netTangibleAssets": 154112000}, {"maxAge": 1, "endDate": "2019-12-31"}, {"maxAge": 1, "endDate": "2019-09-30"}], "maxAge": 86400}, "indexTrend": {"maxAge": 1, "symbol": "SP5", "peRatio": 19.7411, "pegRatio": 1.34172, "estimates": [{"period": "0q", "growth": 0.549}, {"period": "+1q", "growth": 0.431}, {"period": "0y", "growth": 0.305}, {"period": "+1y", "growth": 0.109}, {"period": "+5y", "growth": 0.120859005}, {"period": "-5y"}]}, "quoteType": {"exchange": "BSE", "quoteType": "EQUITY", "symbol": "SHUKRAPHAR.BO", "underlyingSymbol": "SHUKRAPHAR.BO", "shortName": "Shukra Pharmaceuticals Limited", "longName": "Shukra Pharmaceuticals Limited", "firstTradeDateEpochUtc": "1998-12-30 09:15:00", "timeZoneFullName": "Asia/Kolkata", "timeZoneShortName": "IST", "uuid": "c49c4357-e34f-343e-85ab-ed95795d8ed7", "gmtOffSetMilliseconds": 19800000, "maxAge": 1}, "incomeStatementHistory": {"incomeStatementHistory": [{"maxAge": 1, "endDate": "2020-03-31", "totalRevenue": 118460000, "costOfRevenue": 30692000, "grossProfit": 87768000, "researchDevelopment": {}, "sellingGeneralAdministrative": 44003000, "nonRecurring": {}, "otherOperatingExpenses": 28361000, "totalOperatingExpenses": 117838000, "operatingIncome": 622000, "totalOtherIncomeExpenseNet": 1086000, "ebit": 622000, "interestExpense": -21000, "incomeBeforeTax": 1708000, "incomeTaxExpense": 1352000, "minorityInterest": {}, "netIncomeFromContinuingOps": 356000, "discontinuedOperations": {}, "extraordinaryItems": {}, "effectOfAccountingCharges": {}, "otherItems": {}, "netIncome": 356000, "netIncomeApplicableToCommonShares": 356000}, {"maxAge": 1, "endDate": "2019-03-31", "totalRevenue": 56596324, "costOfRevenue": 9906113, "grossProfit": 46690211, "researchDevelopment": {}, "sellingGeneralAdministrative": 21895769, "nonRecurring": {}, "otherOperatingExpenses": 8300587, "totalOperatingExpenses": 49729323, "operatingIncome": 6867001, "totalOtherIncomeExpenseNet": 376647, "ebit": 6867001, "interestExpense": -21000, "incomeBeforeTax": 7243648, "incomeTaxExpense": 2623950, "minorityInterest": {}, "netIncomeFromContinuingOps": 4619698, "discontinuedOperations": {}, "extraordinaryItems": {}, "effectOfAccountingCharges": {}, "otherItems": {}, "netIncome": 4619698, "netIncomeApplicableToCommonShares": 4619698}, {"maxAge": 1, "endDate": "2018-03-31", "totalRevenue": 53440012, "costOfRevenue": 10181742, "grossProfit": 43258270, "researchDevelopment": {}, "sellingGeneralAdministrative": 15649836, "nonRecurring": {}, "otherOperatingExpenses": 11455462, "totalOperatingExpenses": 44656410, "operatingIncome": 8783602, "totalOtherIncomeExpenseNet": 677906, "ebit": 8783602, "interestExpense": -358314, "incomeBeforeTax": 9461508, "incomeTaxExpense": 4204645, "minorityInterest": {}, "netIncomeFromContinuingOps": 5256863, "discontinuedOperations": {}, "extraordinaryItems": {}, "effectOfAccountingCharges": {}, "otherItems": {}, "netIncome": 5256863, "netIncomeApplicableToCommonShares": 5256863}, {"maxAge": 1, "endDate": "2017-03-31", "totalRevenue": 51370133, "costOfRevenue": 14515349, "grossProfit": 36854784, "researchDevelopment": {}, "sellingGeneralAdministrative": 12152260, "nonRecurring": {}, "otherOperatingExpenses": 10056027, "totalOperatingExpenses": 41383036, "operatingIncome": 9987097, "totalOtherIncomeExpenseNet": 594912, "ebit": 9987097, "interestExpense": -358314, "incomeBeforeTax": 10582009, "incomeTaxExpense": 5554209, "minorityInterest": {}, "netIncomeFromContinuingOps": 5027800, "discontinuedOperations": {}, "extraordinaryItems": {}, "effectOfAccountingCharges": {}, "otherItems": {}, "netIncome": 5027800, "netIncomeApplicableToCommonShares": 5027800}], "maxAge": 86400}, "fundOwnership": {"ownershipList": [], "maxAge": 1}, "summaryDetail": {"maxAge": 1, "priceHint": 2, "previousClose": 101.8, "open": 99.8, "dayLow": 99.8, "dayHigh": 99.8, "regularMarketPreviousClose": 101.8, "regularMarketOpen": 99.8, "regularMarketDayLow": 99.8, "regularMarketDayHigh": 99.8, "trailingPE": 308.97833, "volume": 220, "regularMarketVolume": 220, "averageVolume": 278, "averageVolume10days": 52, "averageDailyVolume10Day": 52, "bid": 0.0, "ask": 101.8, "bidSize": 0, "askSize": 0, "marketCap": 156254864, "fiftyTwoWeekLow": 24.65, "fiftyTwoWeekHigh": 99.8, "fiftyDayAverage": 42.715153, "twoHundredDayAverage": 45.150364, "trailingAnnualDividendRate": 0.5, "trailingAnnualDividendYield": 0.0049115913, "currency": "INR", "fromCurrency": null, "lastMarket": null, "algorithm": null, "tradeable": false}, "incomeStatementHistoryQuarterly": {"incomeStatementHistory": [{"maxAge": 1, "endDate": "2020-06-30", "totalRevenue": 11089000, "costOfRevenue": -893000, "grossProfit": 11982000, "researchDevelopment": {}, "sellingGeneralAdministrative": 5802000, "nonRecurring": {}, "otherOperatingExpenses": 3765000, "totalOperatingExpenses": 12295000, "operatingIncome": -1206000, "totalOtherIncomeExpenseNet": 1393000, "ebit": -1206000, "interestExpense": -2000, "incomeBeforeTax": 187000, "incomeTaxExpense": 0, "minorityInterest": {}, "netIncomeFromContinuingOps": 187000, "discontinuedOperations": {}, "extraordinaryItems": {}, "effectOfAccountingCharges": {}, "otherItems": {}, "netIncome": 187000, "netIncomeApplicableToCommonShares": 187000}, {"maxAge": 1, "endDate": "2020-03-31", "totalRevenue": 40358000, "costOfRevenue": 4607000, "grossProfit": 35751000, "researchDevelopment": {}, "sellingGeneralAdministrative": 13892000, "nonRecurring": {}, "otherOperatingExpenses": 21284000, "totalOperatingExpenses": 45990000, "operatingIncome": -5632000, "totalOtherIncomeExpenseNet": 36000, "ebit": -5632000, "interestExpense": -14000, "incomeBeforeTax": -5596000, "incomeTaxExpense": -1679000, "minorityInterest": {}, "netIncomeFromContinuingOps": -3917000, "discontinuedOperations": {}, "extraordinaryItems": {}, "effectOfAccountingCharges": {}, "otherItems": {}, "netIncome": -3917000, "netIncomeApplicableToCommonShares": -3917000}, {"maxAge": 1, "endDate": "2019-12-31", "totalRevenue": 38803000, "costOfRevenue": 12621000, "grossProfit": 26182000, "researchDevelopment": {}, "sellingGeneralAdministrative": 13422000, "nonRecurring": {}, "otherOperatingExpenses": 3262000, "totalOperatingExpenses": 32810000, "operatingIncome": 5993000, "totalOtherIncomeExpenseNet": 26000, "ebit": 5993000, "interestExpense": -14000, "incomeBeforeTax": 6019000, "incomeTaxExpense": 1806000, "minorityInterest": {}, "netIncomeFromContinuingOps": 4213000, "discontinuedOperations": {}, "extraordinaryItems": {}, "effectOfAccountingCharges": {}, "otherItems": {}, "netIncome": 4213000, "netIncomeApplicableToCommonShares": 4213000}, {"maxAge": 1, "endDate": "2019-09-30", "totalRevenue": 14865000, "costOfRevenue": 12746000, "grossProfit": 2119000, "researchDevelopment": {}, "sellingGeneralAdministrative": 9572000, "nonRecurring": {}, "otherOperatingExpenses": 2750000, "totalOperatingExpenses": 28617000, "operatingIncome": -13752000, "totalOtherIncomeExpenseNet": 14000000, "ebit": -13752000, "interestExpense": -14000, "incomeBeforeTax": 248000, "incomeTaxExpense": 0, "minorityInterest": {}, "netIncomeFromContinuingOps": 248000, "discontinuedOperations": {}, "extraordinaryItems": {}, "effectOfAccountingCharges": {}, "otherItems": {}, "netIncome": 248000, "netIncomeApplicableToCommonShares": 248000}], "maxAge": 86400}, "cashflowStatementHistoryQuarterly": {"cashflowStatements": [{"maxAge": 1, "endDate": "2020-06-30", "netIncome": 187000, "changeToLiabilities": 0}, {"maxAge": 1, "endDate": "2020-03-31", "netIncome": -3917000, "changeToLiabilities": 0}, {"maxAge": 1, "endDate": "2019-12-31", "netIncome": 4213000, "changeToLiabilities": 0}, {"maxAge": 1, "endDate": "2019-09-30", "netIncome": 248000, "changeToLiabilities": 0}], "maxAge": 86400}, "insiderHolders": {"holders": [], "maxAge": 1}, "calendarEvents": {"maxAge": 1, "earnings": {"earningsDate": []}}, "upgradeDowngradeHistory": {"history": [], "maxAge": 86400}, "price": {"maxAge": 1, "regularMarketChangePercent": -0.019646365, "regularMarketChange": -2.0, "regularMarketTime": "2021-04-30 14:46:41", "priceHint": 2, "regularMarketPrice": 99.8, "regularMarketDayHigh": 99.8, "regularMarketDayLow": 99.8, "regularMarketVolume": 220, "averageDailyVolume10Day": 52, "averageDailyVolume3Month": 278, "regularMarketPreviousClose": 101.8, "regularMarketSource": "FREE_REALTIME", "regularMarketOpen": 99.8, "exchange": "BSE", "exchangeName": "BSE", "exchangeDataDelayedBy": 0, "marketState": "CLOSED", "quoteType": "EQUITY", "symbol": "SHUKRAPHAR.BO", "underlyingSymbol": null, "shortName": "Shukra Pharmaceuticals Limited", "longName": "Shukra Pharmaceuticals Limited", "currency": "INR", "quoteSourceName": "Delayed Quote", "currencySymbol": "\u20b9", "fromCurrency": null, "lastMarket": null, "marketCap": 156254864}, "balanceSheetHistory": {"balanceSheetStatements": [{"maxAge": 1, "endDate": "2020-03-31", "cash": 1264000, "shortTermInvestments": 47388000, "netReceivables": 79512000, "inventory": 13187000, "otherCurrentAssets": 2993000, "totalCurrentAssets": 144344000, "longTermInvestments": 523000, "propertyPlantEquipment": 190408000, "totalAssets": 335275000, "accountsPayable": 64436000, "otherCurrentLiab": 5246000, "longTermDebt": 80518000, "otherLiab": 30963000, "totalCurrentLiabilities": 69682000, "totalLiab": 181163000, "commonStock": 15657000, "treasuryStock": 138455000, "otherStockholderEquity": 138455000, "totalStockholderEquity": 154112000, "netTangibleAssets": 154112000}, {"maxAge": 1, "endDate": "2019-03-31", "cash": 2485172, "netReceivables": 101297664, "inventory": 2706906, "otherCurrentAssets": 4239934, "totalCurrentAssets": 110729676, "longTermInvestments": 517106, "propertyPlantEquipment": 172656237, "totalAssets": 283903019, "accountsPayable": 1287498, "otherCurrentLiab": 7267461, "longTermDebt": 60568979, "otherLiab": 29611143, "totalCurrentLiabilities": 39967585, "totalLiab": 130147707, "commonStock": 15656750, "retainedEarnings": 97822946, "treasuryStock": 40275616, "otherStockholderEquity": 40275616, "totalStockholderEquity": 153755312, "netTangibleAssets": 153755312}, {"maxAge": 1, "endDate": "2018-03-31", "cash": 639521, "netReceivables": 77757104, "inventory": 1448169, "otherCurrentAssets": 2904557, "totalCurrentAssets": 82749351, "longTermInvestments": 472215, "propertyPlantEquipment": 157791095, "totalAssets": 241012661, "accountsPayable": 2215681, "otherCurrentLiab": 2949103, "longTermDebt": 35833979, "otherLiab": 28451247, "totalCurrentLiabilities": 26649615, "totalLiab": 90934841, "commonStock": 15656750, "retainedEarnings": 94145454, "treasuryStock": 40275616, "otherStockholderEquity": 40275616, "totalStockholderEquity": 150077820, "netTangibleAssets": 150077820}, {"maxAge": 1, "endDate": "2017-03-31", "cash": 5230461, "netReceivables": 61032696, "inventory": 3162011, "otherCurrentAssets": 1365343, "totalCurrentAssets": 70795661, "longTermInvestments": 444980, "propertyPlantEquipment": 118134516, "totalAssets": 189375157, "accountsPayable": 1068970, "otherCurrentLiab": 3631296, "longTermDebt": 360000, "otherLiab": 26049372, "totalCurrentLiabilities": 17202622, "totalLiab": 43611994, "commonStock": 15656750, "retainedEarnings": 89830797, "treasuryStock": 40275616, "otherStockholderEquity": 40275616, "totalStockholderEquity": 145763163, "netTangibleAssets": 145763163}], "maxAge": 86400}, "financialData": {"maxAge": 86400, "currentPrice": 99.8, "recommendationKey": "none", "grossProfits": 87768000, "financialCurrency": "INR"}}}