{"SIBARAUT.BO": {"cashflowStatementHistory": {"cashflowStatements": [{"maxAge": 1, "endDate": "2020-03-31", "netIncome": -33131932, "depreciation": 9893267, "changeToNetincome": 5730381, "changeToAccountReceivables": 21870295, "changeToLiabilities": -18377990, "changeToInventory": 10267909, "changeToOperatingActivities": 8781866, "totalCashFromOperatingActivities": 5033796, "capitalExpenditures": -8244179, "totalCashflowsFromInvestingActivities": -8244179, "netBorrowings": -3615221, "otherCashflowsFromFinancingActivities": -5641217, "totalCashFromFinancingActivities": 4618562, "changeInCash": 1408179, "issuanceOfStock": 13875000}, {"maxAge": 1, "endDate": "2019-03-31", "netIncome": -36143518, "depreciation": 9335916, "changeToNetincome": 6475780, "changeToAccountReceivables": 3490612, "changeToLiabilities": -18097012, "changeToInventory": -7284105, "changeToOperatingActivities": -10449329, "totalCashFromOperatingActivities": -52671656, "capitalExpenditures": -6502425, "otherCashflowsFromInvestingActivities": 7831, "totalCashflowsFromInvestingActivities": -6494594, "netBorrowings": -28542295, "otherCashflowsFromFinancingActivities": -6600873, "totalCashFromFinancingActivities": 45731832, "changeInCash": -13434418, "issuanceOfStock": 80875000}, {"maxAge": 1, "endDate": "2018-03-31", "netIncome": -16186860, "depreciation": 7683978, "changeToNetincome": 6866095, "changeToAccountReceivables": -5577445, "changeToLiabilities": 23394335, "changeToInventory": -14241543, "changeToOperatingActivities": -590286, "totalCashFromOperatingActivities": 1348274, "capitalExpenditures": -20137684, "otherCashflowsFromInvestingActivities": -7831, "totalCashflowsFromInvestingActivities": -20145515, "netBorrowings": -5717985, "otherCashflowsFromFinancingActivities": -2617550, "totalCashFromFinancingActivities": 32714465, "changeInCash": 13917224, "issuanceOfStock": 41050000}, {"maxAge": 1, "endDate": "2017-03-31", "netIncome": 190967, "depreciation": 4684622, "changeToNetincome": 6023421, "changeToAccountReceivables": -16045553, "changeToLiabilities": 15401324, "changeToInventory": -12149773, "changeToOperatingActivities": 7380873, "totalCashFromOperatingActivities": 5485881, "capitalExpenditures": -18382421, "otherCashflowsFromInvestingActivities": -7831, "totalCashflowsFromInvestingActivities": -18382421, "netBorrowings": 19508202, "otherCashflowsFromFinancingActivities": -5631348, "totalCashFromFinancingActivities": 13876854, "changeInCash": 980314, "issuanceOfStock": 41050000}], "maxAge": 86400}, "institutionOwnership": {"ownershipList": [], "maxAge": 1}, "balanceSheetHistoryQuarterly": {"balanceSheetStatements": [{"maxAge": 1, "endDate": "2020-06-30", "totalStockholderEquity": 130586000, "netTangibleAssets": 130586000}, {"maxAge": 1, "endDate": "2020-03-31", "cash": 3938654, "netReceivables": 24425971, "inventory": 39206969, "otherCurrentAssets": 4806822, "totalCurrentAssets": 72749880, "propertyPlantEquipment": 122559588, "otherAssets": 8452378, "totalAssets": 203761846, "accountsPayable": 26667727, "shortLongTermDebt": 11391320, "longTermDebt": 24926836, "otherLiab": 3531335, "totalCurrentLiabilities": 44718341, "totalLiab": 73176512, "commonStock": 165251000, "retainedEarnings": -122199395, "treasuryStock": 17633729, "capitalSurplus": 69900000, "otherStockholderEquity": 17633729, "totalStockholderEquity": 130585334, "netTangibleAssets": 130585334}, {"maxAge": 1, "endDate": "2019-12-31", "totalStockholderEquity": 149726000, "netTangibleAssets": 149726000}, {"maxAge": 1, "endDate": "2019-09-30", "cash": 13747000, "netReceivables": 33053000, "inventory": 43211000, "otherCurrentAssets": 5050000, "totalCurrentAssets": 95061000, "propertyPlantEquipment": 123584000, "otherAssets": 13683000, "totalAssets": 232328000, "accountsPayable": 30628000, "otherCurrentLiab": 20745000, "longTermDebt": 26746000, "otherLiab": 3137000, "totalCurrentLiabilities": 52719000, "totalLiab": 82602000, "commonStock": 164314000, "treasuryStock": -14588000, "otherStockholderEquity": -14588000, "totalStockholderEquity": 149726000, "netTangibleAssets": 149726000}], "maxAge": 86400}, "indexTrend": {"maxAge": 1, "symbol": "SP5", "peRatio": 19.7411, "pegRatio": 1.34172, "estimates": [{"period": "0q", "growth": 0.549}, {"period": "+1q", "growth": 0.431}, {"period": "0y", "growth": 0.305}, {"period": "+1y", "growth": 0.109}, {"period": "+5y", "growth": 0.120859005}, {"period": "-5y"}]}, "insiderTransactions": {"transactions": [{"maxAge": 1, "shares": 535000, "filerUrl": "", "transactionText": "", "filerName": "Pemmasani (Madhu Pratap)", "filerRelation": "Promoter", "moneyText": "", "startDate": "2019-09-28", "ownership": "D"}, {"maxAge": 1, "shares": 175000, "filerUrl": "", "transactionText": "", "filerName": "Pemmasani (Veera Narayana)", "filerRelation": "Promoter", "moneyText": "", "startDate": "2019-09-28", "ownership": "D"}, {"maxAge": 1, "shares": 90000, "filerUrl": "", "transactionText": "", "filerName": "Sugunamma (Pemmasani)", "filerRelation": "Promoter", "moneyText": "", "startDate": "2019-09-28", "ownership": "D"}, {"maxAge": 1, "shares": 1581000, "filerUrl": "", "transactionText": "", "filerName": "Pemmasani (Madhu Pratap)", "filerRelation": "Promoter", "moneyText": "", "startDate": "2019-03-27", "ownership": "D"}, {"maxAge": 1, "shares": 175000, "filerUrl": "", "transactionText": "", "filerName": "Pemmasani (Veera Narayana)", "filerRelation": "Promoter", "moneyText": "", "startDate": "2019-03-27", "ownership": "D"}, {"maxAge": 1, "shares": 90000, "filerUrl": "", "transactionText": "", "filerName": "Sugunamma (Pemmasani)", "filerRelation": "Promoter", "moneyText": "", "startDate": "2019-03-27", "ownership": "D"}, {"maxAge": 1, "shares": 300000, "filerUrl": "", "transactionText": "", "filerName": "Annapurna (P)", "filerRelation": "Promoter", "moneyText": "", "startDate": "2014-05-26", "ownership": "D"}, {"maxAge": 1, "shares": 100000, "filerUrl": "", "transactionText": "", "filerName": "Chandra (Ravi P)", "filerRelation": "Promoter", "moneyText": "", "startDate": "2014-05-26", "ownership": "D"}, {"maxAge": 1, "shares": 100000, "filerUrl": "", "transactionText": "", "filerName": "Charitha (P)", "filerRelation": "Promoter", "moneyText": "", "startDate": "2014-05-26", "ownership": "D"}, {"maxAge": 1, "shares": 1500000, "filerUrl": "", "transactionText": "", "filerName": "Pemmasani (Madhu Pratap)", "filerRelation": "Director", "moneyText": "", "startDate": "2014-05-26", "ownership": "D"}, {"maxAge": 1, "shares": 2000000, "filerUrl": "", "transactionText": "", "filerName": "Sugunamma (Pemmasani)", "filerRelation": "Promoter", "moneyText": "", "startDate": "2014-05-26", "ownership": "D"}], "maxAge": 1}, "quoteType": {"exchange": "BSE", "quoteType": "EQUITY", "symbol": "SIBARAUT.BO", "underlyingSymbol": "SIBARAUT.BO", "shortName": "SIBAR AUTO PARTS LTD.", "longName": "Sibar Auto Parts Limited", "firstTradeDateEpochUtc": "2011-11-18 09:15:00", "timeZoneFullName": "Asia/Kolkata", "timeZoneShortName": "IST", "uuid": "e4863344-55da-3eca-b7e9-3eb52506064e", "gmtOffSetMilliseconds": 19800000, "maxAge": 1}, "incomeStatementHistory": {"incomeStatementHistory": [{"maxAge": 1, "endDate": "2020-03-31", "totalRevenue": 202821898, "costOfRevenue": 149395161, "grossProfit": 53426737, "researchDevelopment": {}, "sellingGeneralAdministrative": 41787290, "nonRecurring": {}, "otherOperatingExpenses": 29852733, "totalOperatingExpenses": 230928451, "operatingIncome": -28106553, "totalOtherIncomeExpenseNet": -4919687, "ebit": -28106553, "interestExpense": -5650163, "incomeBeforeTax": -33026240, "incomeTaxExpense": 105692, "minorityInterest": {}, "netIncomeFromContinuingOps": -33131932, "discontinuedOperations": {}, "extraordinaryItems": {}, "effectOfAccountingCharges": {}, "otherItems": {}, "netIncome": -33131932, "netIncomeApplicableToCommonShares": -33131932}, {"maxAge": 1, "endDate": "2019-03-31", "totalRevenue": 274144214, "costOfRevenue": 206692440, "grossProfit": 67451774, "researchDevelopment": {}, "sellingGeneralAdministrative": 43384453, "nonRecurring": {}, "otherOperatingExpenses": 51535281, "totalOperatingExpenses": 310948090, "operatingIncome": -36803876, "totalOtherIncomeExpenseNet": 903945, "ebit": -36803876, "interestExpense": -6601519, "incomeBeforeTax": -35899931, "incomeTaxExpense": 243587, "minorityInterest": {}, "netIncomeFromContinuingOps": -36143518, "discontinuedOperations": {}, "extraordinaryItems": {}, "effectOfAccountingCharges": {}, "otherItems": {}, "netIncome": -36143518, "netIncomeApplicableToCommonShares": -36143518}, {"maxAge": 1, "endDate": "2018-03-31", "totalRevenue": 232300055, "costOfRevenue": 160973378, "grossProfit": 71326677, "researchDevelopment": {}, "sellingGeneralAdministrative": 42134119, "nonRecurring": {}, "otherOperatingExpenses": 36996275, "totalOperatingExpenses": 247787750, "operatingIncome": -15487695, "totalOtherIncomeExpenseNet": -433965, "ebit": -15487695, "interestExpense": -6619088, "incomeBeforeTax": -15921660, "incomeTaxExpense": 265200, "minorityInterest": {}, "netIncomeFromContinuingOps": -16186860, "discontinuedOperations": {}, "extraordinaryItems": {}, "effectOfAccountingCharges": {}, "otherItems": {}, "netIncome": -16186860, "netIncomeApplicableToCommonShares": -16186860}, {"maxAge": 1, "endDate": "2017-03-31", "totalRevenue": 193157636, "costOfRevenue": 125966589, "grossProfit": 67191047, "researchDevelopment": {}, "sellingGeneralAdministrative": 35514616, "nonRecurring": {}, "otherOperatingExpenses": 27987104, "totalOperatingExpenses": 194152931, "operatingIncome": -995295, "totalOtherIncomeExpenseNet": 1887243, "ebit": -995295, "interestExpense": -5631418, "incomeBeforeTax": 891948, "incomeTaxExpense": 700981, "minorityInterest": {}, "netIncomeFromContinuingOps": 190967, "discontinuedOperations": {}, "extraordinaryItems": {}, "effectOfAccountingCharges": {}, "otherItems": {}, "netIncome": 190967, "netIncomeApplicableToCommonShares": 190967}], "maxAge": 86400}, "fundOwnership": {"ownershipList": [], "maxAge": 1}, "summaryDetail": {"maxAge": 1, "priceHint": 2, "previousClose": 7.8, "open": 8.0, "dayLow": 7.41, "dayHigh": 8.0, "regularMarketPreviousClose": 7.8, "regularMarketOpen": 8.0, "regularMarketDayLow": 7.41, "regularMarketDayHigh": 8.0, "volume": 3927, "regularMarketVolume": 3927, "averageVolume": 1936, "averageVolume10days": 608, "averageDailyVolume10Day": 608, "bid": 7.54, "ask": 8.0, "bidSize": 0, "askSize": 0, "marketCap": 124488800, "fiftyTwoWeekLow": 6.37, "fiftyTwoWeekHigh": 14.25, "fiftyDayAverage": 8.244848, "twoHundredDayAverage": 9.657721, "currency": "INR", "fromCurrency": null, "lastMarket": null, "algorithm": null, "tradeable": false}, "incomeStatementHistoryQuarterly": {"incomeStatementHistory": [{"maxAge": 1, "endDate": "2020-06-30", "totalRevenue": 12111000, "costOfRevenue": 9314000, "grossProfit": 2797000, "researchDevelopment": {}, "sellingGeneralAdministrative": 3664000, "nonRecurring": {}, "otherOperatingExpenses": 3493000, "totalOperatingExpenses": 17933000, "operatingIncome": -5822000, "totalOtherIncomeExpenseNet": -1278000, "ebit": -5822000, "interestExpense": -1431000, "incomeBeforeTax": -7100000, "incomeTaxExpense": 0, "minorityInterest": {}, "netIncomeFromContinuingOps": -7100000, "discontinuedOperations": {}, "extraordinaryItems": {}, "effectOfAccountingCharges": {}, "otherItems": {}, "netIncome": -7100000, "netIncomeApplicableToCommonShares": -7100000}, {"maxAge": 1, "endDate": "2020-03-31", "totalRevenue": 29343898, "costOfRevenue": 27773161, "grossProfit": 1570737, "researchDevelopment": {}, "sellingGeneralAdministrative": 9991290, "nonRecurring": {}, "otherOperatingExpenses": 187733, "totalOperatingExpenses": 40558451, "operatingIncome": -11214553, "totalOtherIncomeExpenseNet": -1455687, "ebit": -11214553, "interestExpense": -1371163, "incomeBeforeTax": -12670240, "incomeTaxExpense": 105692, "minorityInterest": {}, "netIncomeFromContinuingOps": -12775932, "discontinuedOperations": {}, "extraordinaryItems": {}, "effectOfAccountingCharges": {}, "otherItems": {}, "netIncome": -12775932, "netIncomeApplicableToCommonShares": -12775932}, {"maxAge": 1, "endDate": "2019-12-31", "totalRevenue": 59058000, "costOfRevenue": 42946000, "grossProfit": 16112000, "researchDevelopment": {}, "sellingGeneralAdministrative": 13648000, "nonRecurring": {}, "otherOperatingExpenses": 6790000, "totalOperatingExpenses": 65902000, "operatingIncome": -6844000, "totalOtherIncomeExpenseNet": -1400000, "ebit": -6844000, "interestExpense": -1567000, "incomeBeforeTax": -8244000, "incomeTaxExpense": 0, "minorityInterest": {}, "netIncomeFromContinuingOps": -8244000, "discontinuedOperations": {}, "extraordinaryItems": {}, "effectOfAccountingCharges": {}, "otherItems": {}, "netIncome": -8244000, "netIncomeApplicableToCommonShares": -8244000}, {"maxAge": 1, "endDate": "2019-09-30", "totalRevenue": 58977000, "costOfRevenue": 39715000, "grossProfit": 19262000, "researchDevelopment": {}, "sellingGeneralAdministrative": 9271000, "nonRecurring": {}, "otherOperatingExpenses": 12290000, "totalOperatingExpenses": 63700000, "operatingIncome": -4723000, "totalOtherIncomeExpenseNet": -1112000, "ebit": -4723000, "interestExpense": -1384000, "incomeBeforeTax": -5835000, "incomeTaxExpense": 0, "minorityInterest": {}, "netIncomeFromContinuingOps": -5835000, "discontinuedOperations": {}, "extraordinaryItems": {}, "effectOfAccountingCharges": {}, "otherItems": {}, "netIncome": -5835000, "netIncomeApplicableToCommonShares": -5835000}], "maxAge": 86400}, "cashflowStatementHistoryQuarterly": {"cashflowStatements": [{"maxAge": 1, "endDate": "2020-06-30", "netIncome": -7100000, "changeToLiabilities": 0}, {"maxAge": 1, "endDate": "2020-03-31", "netIncome": -12775932, "changeToLiabilities": 0}, {"maxAge": 1, "endDate": "2019-12-31", "netIncome": -8244000, "changeToLiabilities": 0}, {"maxAge": 1, "endDate": "2019-09-30", "netIncome": -5835000, "changeToLiabilities": 0}], "maxAge": 86400}, "insiderHolders": {"holders": [{"maxAge": 1, "name": "Annapurna (P)", "relation": "Promoter", "url": "", "transactionDescription": "Other", "latestTransDate": "2014-05-26", "positionDirect": 500000, "positionDirectDate": "2014-05-26"}, {"maxAge": 1, "name": "Chandra (Ravi P)", "relation": "Promoter", "url": "", "transactionDescription": "Other", "latestTransDate": "2014-05-26", "positionDirect": 231000, "positionDirectDate": "2014-05-26"}, {"maxAge": 1, "name": "Charitha (P)", "relation": "Promoter", "url": "", "transactionDescription": "Other", "latestTransDate": "2014-05-26", "positionDirect": 140000, "positionDirectDate": "2014-05-26"}, {"maxAge": 1, "name": "Pemmasani (Madhu Pratap)", "relation": "Promoter", "url": "", "transactionDescription": "Other", "latestTransDate": "2019-09-28", "positionDirect": 3813100, "positionDirectDate": "2019-09-28"}, {"maxAge": 1, "name": "Pemmasani (Veera Narayana)", "relation": "Promoter", "url": "", "transactionDescription": "Other", "latestTransDate": "2019-09-28", "positionDirect": 922850, "positionDirectDate": "2019-09-28"}, {"maxAge": 1, "name": "Sugunamma (Pemmasani)", "relation": "Promoter", "url": "", "transactionDescription": "Other", "latestTransDate": "2019-09-28", "positionDirect": 2558680, "positionDirectDate": "2019-09-28"}], "maxAge": 1}, "calendarEvents": {"maxAge": 1, "earnings": {"earningsDate": []}}, "upgradeDowngradeHistory": {"history": [], "maxAge": 86400}, "price": {"maxAge": 1, "regularMarketChangePercent": 0.023076901, "regularMarketChange": 0.17999983, "regularMarketTime": "2021-04-30 15:14:21", "priceHint": 2, "regularMarketPrice": 7.98, "regularMarketDayHigh": 8.0, "regularMarketDayLow": 7.41, "regularMarketVolume": 3927, "averageDailyVolume10Day": 608, "averageDailyVolume3Month": 1936, "regularMarketPreviousClose": 7.8, "regularMarketSource": "FREE_REALTIME", "regularMarketOpen": 8.0, "exchange": "BSE", "exchangeName": "BSE", "exchangeDataDelayedBy": 0, "marketState": "CLOSED", "quoteType": "EQUITY", "symbol": "SIBARAUT.BO", "underlyingSymbol": null, "shortName": "SIBAR AUTO PARTS LTD.", "longName": "Sibar Auto Parts Limited", "currency": "INR", "quoteSourceName": "Delayed Quote", "currencySymbol": "\u20b9", "fromCurrency": null, "lastMarket": null, "marketCap": 124488800}, "balanceSheetHistory": {"balanceSheetStatements": [{"maxAge": 1, "endDate": "2020-03-31", "cash": 3938654, "netReceivables": 24425971, "inventory": 39206969, "otherCurrentAssets": 4806822, "totalCurrentAssets": 72749880, "propertyPlantEquipment": 122559588, "otherAssets": 8452378, "totalAssets": 203761846, "accountsPayable": 26667727, "shortLongTermDebt": 11391320, "longTermDebt": 24926836, "otherLiab": 3531335, "totalCurrentLiabilities": 44718341, "totalLiab": 73176512, "commonStock": 165251000, "retainedEarnings": -122199395, "treasuryStock": 17633729, "capitalSurplus": 69900000, "otherStockholderEquity": 17633729, "totalStockholderEquity": 130585334, "netTangibleAssets": 130585334}, {"maxAge": 1, "endDate": "2019-03-31", "cash": 2530475, "netReceivables": 43347357, "inventory": 49474878, "otherCurrentAssets": 5679550, "totalCurrentAssets": 101210343, "propertyPlantEquipment": 124208676, "otherAssets": 24865226, "totalAssets": 250284245, "accountsPayable": 45286315, "shortLongTermDebt": 11126132, "longTermDebt": 27613653, "otherLiab": 3185044, "totalCurrentLiabilities": 69647282, "totalLiab": 100445979, "commonStock": 156001000, "retainedEarnings": -89071463, "treasuryStock": 19946229, "capitalSurplus": 62962500, "otherStockholderEquity": 19946229, "totalStockholderEquity": 149838266, "netTangibleAssets": 149838266}, {"maxAge": 1, "endDate": "2018-03-31", "cash": 15964892, "netReceivables": 53324604, "inventory": 42190773, "otherCurrentAssets": 4514831, "totalCurrentAssets": 116523871, "propertyPlantEquipment": 127042168, "otherAssets": 5144757, "totalAssets": 248710796, "accountsPayable": 61869727, "shortLongTermDebt": 10796000, "otherCurrentLiab": 220000, "longTermDebt": 54604948, "otherLiab": 4563457, "totalCurrentLiabilities": 84230361, "totalLiab": 143398766, "commonStock": 112751000, "retainedEarnings": -52722699, "treasuryStock": 23883729, "capitalSurplus": 21400000, "otherStockholderEquity": 23883729, "totalStockholderEquity": 105312030, "netTangibleAssets": 105312030}, {"maxAge": 1, "endDate": "2017-03-31", "cash": 2047669, "netReceivables": 47129060, "inventory": 27949230, "otherCurrentAssets": 3969342, "totalCurrentAssets": 81300986, "propertyPlantEquipment": 114588462, "otherAssets": 4611100, "totalAssets": 200500548, "accountsPayable": 37181386, "shortLongTermDebt": 10796000, "otherCurrentLiab": 1014977, "longTermDebt": 57858934, "otherLiab": 5592263, "totalCurrentLiabilities": 60600461, "totalLiab": 124051658, "commonStock": 95351000, "retainedEarnings": -36535839, "treasuryStock": 17633729, "otherStockholderEquity": 17633729, "totalStockholderEquity": 76448890, "netTangibleAssets": 76448890}], "maxAge": 86400}, "financialData": {"maxAge": 86400, "currentPrice": 7.98, "recommendationKey": "none", "grossProfits": 53426737, "financialCurrency": "INR"}}}