{"SICAL.NS": {"assetProfile": {"address1": "# 23/2, Coffee Day Square", "address2": "Vittal Mallya Road", "city": "Bengaluru", "zip": "560001", "country": "India", "phone": "91 80 3340 2300", "fax": "91 80 3340 2316", "website": "http://www.sical.in", "industry": "Integrated Freight & Logistics", "sector": "Industrials", "longBusinessSummary": "Sical Logistics Limited provides integrated logistics solutions in India. The company handles dry and liquid bulk cargo at various ports, as well as containers at Tuticorin container terminal; and operates container freight stations at Chennai, Vizag, and Tuticorin and ICD at Melpakkam. It also offers customs house agency, shipping agency, and stevedoring services; road logistics services for transporting dry and liquid bulk, project cargo, over dimensional cargo, fertilizers, metals, and packaged goods; cold chain, warehousing, and dry logistics services for hospitality, pharma, and FMCG industries; and end to end integrated logistics solutions for bulk and containerized cargo. In addition, the company operates coal berth and coal cum iron ore terminal at Kamarajar Port; and container trains for the movement of edible oils, glasses, pipes, scraps, cereals, granite, marbles, tiles, and copper concentrates. Further, it offers surface mining services; and bulk handling solutions at mines, as well as develops and operates mines. The company was founded in 1955 and is based in Bengaluru, India. Sical Logistics Limited is a subsidiary of Tanglin Retail Reality Developments Private Limited.", "fullTimeEmployees": 653, "companyOfficers": [{"maxAge": 1, "name": "Captain Kavoori Narasiah Ramesh", "title": "Pres, CEO, MD & Additional Director", "fiscalYear": 2020, "totalPay": 3825000, "exercisedValue": 0, "unexercisedValue": 0}, {"maxAge": 1, "name": "Anand Mohan Jha", "title": "VP of HR", "fiscalYear": 2020, "totalPay": 4380705, "exercisedValue": 0, "unexercisedValue": 0}, {"maxAge": 1, "name": "Amit  Malakar", "title": "Pres & Bus. Head-SCS", "fiscalYear": 2020, "totalPay": 8422117, "exercisedValue": 0, "unexercisedValue": 0}, {"maxAge": 1, "name": "Aditya Singh Baghel", "title": "VP of Mining", "fiscalYear": 2020, "totalPay": 6451893, "exercisedValue": 0, "unexercisedValue": 0}, {"maxAge": 1, "name": "S.  Jothivel", "title": "VP of IT", "fiscalYear": 2020, "totalPay": 3825819, "exercisedValue": 0, "unexercisedValue": 0}, {"maxAge": 1, "name": "Mr. V.  Radhakrishnan", "title": "Compliance Officer & Company Sec.", "fiscalYear": 2019, "exercisedValue": 0, "unexercisedValue": 0}, {"maxAge": 1, "name": "Mr. S.  Rajappan", "title": "Pres of Public & Industrial Relations and Additional Director", "fiscalYear": 2018, "exercisedValue": 0, "unexercisedValue": 0}, {"maxAge": 1, "name": "Dasari Nagavara Prasad", "title": "Project Head of Tara", "exercisedValue": 0, "unexercisedValue": 0}, {"maxAge": 1, "name": "Mr. V.  Ganesh", "title": "Managing Director of SICAL Iron Ore Terminals Ltd", "exercisedValue": 0, "unexercisedValue": 0}, {"maxAge": 1, "name": "Mr. S.  Sathiyanarayanan", "title": "Gen. Mang. of Fin.", "exercisedValue": 0, "unexercisedValue": 0}], "compensationAsOfEpochDate": "2020-12-31 05:30:00", "maxAge": 86400}, "recommendationTrend": {"trend": [{"period": "0m", "strongBuy": 0, "buy": 0, "hold": 0, "sell": 0, "strongSell": 0}, {"period": "-1m", "strongBuy": 0, "buy": 1, "hold": 0, "sell": 0, "strongSell": 0}, {"period": "-2m", "strongBuy": 0, "buy": 1, "hold": 0, "sell": 0, "strongSell": 0}, {"period": "-3m", "strongBuy": 0, "buy": 1, "hold": 0, "sell": 0, "strongSell": 0}], "maxAge": 86400}, "cashflowStatementHistory": {"cashflowStatements": [{"maxAge": 1, "endDate": "2020-03-31", "netIncome": -1070400000, "depreciation": 838100000, "changeToNetincome": 83100000, "changeToAccountReceivables": 1563300000, "changeToLiabilities": 727400000, "changeToInventory": -17200000, "changeToOperatingActivities": 792800000, "totalCashFromOperatingActivities": 2923500000, "capitalExpenditures": -2830800000, "otherCashflowsFromInvestingActivities": 305700000, "totalCashflowsFromInvestingActivities": -2422900000, "netBorrowings": 46000000, "otherCashflowsFromFinancingActivities": -520400000, "totalCashFromFinancingActivities": -474400000, "changeInCash": 26200000}, {"maxAge": 1, "endDate": "2019-03-31", "netIncome": 206500000, "depreciation": 714200000, "changeToNetincome": 444500000, "changeToAccountReceivables": -828300000, "changeToLiabilities": 135000000, "changeToInventory": -9200000, "changeToOperatingActivities": -126400000, "totalCashFromOperatingActivities": 541600000, "capitalExpenditures": -2072900000, "investments": 1800000, "otherCashflowsFromInvestingActivities": -98000000, "totalCashflowsFromInvestingActivities": -2173200000, "netBorrowings": 1748100000, "otherCashflowsFromFinancingActivities": -640200000, "totalCashFromFinancingActivities": 1677000000, "changeInCash": 45400000, "issuanceOfStock": 569100000}, {"maxAge": 1, "endDate": "2018-03-31", "netIncome": 300900000, "depreciation": 622800000, "changeToNetincome": 735100000, "changeToAccountReceivables": -279100000, "changeToLiabilities": 163500000, "changeToInventory": 200000, "changeToOperatingActivities": -349500000, "totalCashFromOperatingActivities": 1198700000, "capitalExpenditures": -1827200000, "investments": -121800000, "otherCashflowsFromInvestingActivities": -86800000, "totalCashflowsFromInvestingActivities": -1844800000, "netBorrowings": 935100000, "otherCashflowsFromFinancingActivities": -617400000, "totalCashFromFinancingActivities": 317700000, "changeInCash": -328400000, "issuanceOfStock": 569100000}, {"maxAge": 1, "endDate": "2017-03-31", "netIncome": 383500000, "depreciation": 426600000, "changeToNetincome": 823900000, "changeToAccountReceivables": -766200000, "changeToLiabilities": 161200000, "changeToInventory": -4000000, "changeToOperatingActivities": -477800000, "totalCashFromOperatingActivities": 548500000, "capitalExpenditures": -2722200000, "investments": 254900000, "otherCashflowsFromInvestingActivities": 307300000, "totalCashflowsFromInvestingActivities": -2414900000, "netBorrowings": 2566100000, "otherCashflowsFromFinancingActivities": -586500000, "totalCashFromFinancingActivities": 1979600000, "changeInCash": 113200000, "issuanceOfStock": 569100000}], "maxAge": 86400}, "indexTrend": {"maxAge": 1, "symbol": "SP5", "peRatio": 19.7411, "pegRatio": 1.34172, "estimates": [{"period": "0q", "growth": 0.549}, {"period": "+1q", "growth": 0.431}, {"period": "0y", "growth": 0.305}, {"period": "+1y", "growth": 0.109}, {"period": "+5y", "growth": 0.120865}, {"period": "-5y"}]}, "defaultKeyStatistics": {"maxAge": 1, "priceHint": 2, "enterpriseValue": 16680719360, "forwardPE": 1.654979, "profitMargins": -0.11675, "floatShares": 27930173, "sharesOutstanding": 58520300, "heldPercentInsiders": 0.46653998, "heldPercentInstitutions": 0.00089, "beta": 1.523983, "category": null, "bookValue": 76.456, "priceToBook": 0.15433714, "fundFamily": null, "legalType": null, "lastFiscalYearEnd": "2020-03-31 05:30:00", "nextFiscalYearEnd": "2022-03-31 05:30:00", "mostRecentQuarter": "2020-12-31 05:30:00", "netIncomeToCommon": -639200000, "trailingEps": -10.921, "forwardEps": 7.13, "lastSplitFactor": null, "enterpriseToRevenue": 3.047, "enterpriseToEbitda": -925.421}, "industryTrend": {"maxAge": 1, "symbol": null, "estimates": []}, "quoteType": {"exchange": "NSI", "quoteType": "EQUITY", "symbol": "SICAL.NS", "underlyingSymbol": "SICAL.NS", "shortName": "SICAL LOGISTICS", "longName": "Sical Logistics Limited", "firstTradeDateEpochUtc": "2002-07-01 09:15:00", "timeZoneFullName": "Asia/Kolkata", "timeZoneShortName": "IST", "uuid": "94f4e2f6-146a-3229-b4f2-b31ba9e07c1c", "gmtOffSetMilliseconds": 19800000, "maxAge": 1}, "incomeStatementHistory": {"incomeStatementHistory": [{"maxAge": 1, "endDate": "2020-03-31", "totalRevenue": 10059300000, "costOfRevenue": 9621000000, "grossProfit": 438300000, "researchDevelopment": {}, "sellingGeneralAdministrative": 30100000, "nonRecurring": {}, "otherOperatingExpenses": 632900000, "totalOperatingExpenses": 11128500000, "operatingIncome": -1069200000, "totalOtherIncomeExpenseNet": -384300000, "ebit": -1069200000, "interestExpense": -438300000, "incomeBeforeTax": -1453500000, "incomeTaxExpense": -235100000, "minorityInterest": 1762800000, "netIncomeFromContinuingOps": -1218400000, "discontinuedOperations": {}, "extraordinaryItems": {}, "effectOfAccountingCharges": {}, "otherItems": {}, "netIncome": -1070400000, "netIncomeApplicableToCommonShares": -1070400000}, {"maxAge": 1, "endDate": "2019-03-31", "totalRevenue": 15249400000, "costOfRevenue": 12906800000, "grossProfit": 2342600000, "researchDevelopment": {}, "sellingGeneralAdministrative": 35300000, "nonRecurring": {}, "otherOperatingExpenses": 568900000, "totalOperatingExpenses": 14242800000, "operatingIncome": 1006600000, "totalOtherIncomeExpenseNet": -638800000, "ebit": 1006600000, "interestExpense": -443800000, "incomeBeforeTax": 367800000, "incomeTaxExpense": 185200000, "minorityInterest": 1926000000, "netIncomeFromContinuingOps": 182600000, "discontinuedOperations": {}, "extraordinaryItems": {}, "effectOfAccountingCharges": {}, "otherItems": {}, "netIncome": 206500000, "netIncomeApplicableToCommonShares": 206500000}, {"maxAge": 1, "endDate": "2018-03-31", "totalRevenue": 11942400000, "costOfRevenue": 9709900000, "grossProfit": 2232500000, "researchDevelopment": {}, "sellingGeneralAdministrative": 32300000, "nonRecurring": {}, "otherOperatingExpenses": 470800000, "totalOperatingExpenses": 10840600000, "operatingIncome": 1101800000, "totalOtherIncomeExpenseNet": -534200000, "ebit": 1101800000, "interestExpense": -511400000, "incomeBeforeTax": 567600000, "incomeTaxExpense": 226600000, "minorityInterest": 1966200000, "netIncomeFromContinuingOps": 341000000, "discontinuedOperations": {}, "extraordinaryItems": {}, "effectOfAccountingCharges": {}, "otherItems": {}, "netIncome": 300900000, "netIncomeApplicableToCommonShares": 300900000}, {"maxAge": 1, "endDate": "2017-03-31", "totalRevenue": 9219500000, "costOfRevenue": 7303000000, "grossProfit": 1916500000, "researchDevelopment": {}, "sellingGeneralAdministrative": 20200000, "nonRecurring": {}, "otherOperatingExpenses": 402300000, "totalOperatingExpenses": 8153400000, "operatingIncome": 1066100000, "totalOtherIncomeExpenseNet": -426700000, "ebit": 1066100000, "interestExpense": -555300000, "incomeBeforeTax": 639400000, "incomeTaxExpense": 246300000, "minorityInterest": 1879300000, "netIncomeFromContinuingOps": 393100000, "discontinuedOperations": {}, "extraordinaryItems": {}, "effectOfAccountingCharges": {}, "otherItems": {}, "netIncome": 383500000, "netIncomeApplicableToCommonShares": 383500000}], "maxAge": 86400}, "fundOwnership": {"ownershipList": [], "maxAge": 1}, "summaryDetail": {"maxAge": 1, "priceHint": 2, "previousClose": 11.9, "open": 12.25, "dayLow": 11.55, "dayHigh": 12.25, "regularMarketPreviousClose": 11.9, "regularMarketOpen": 12.25, "regularMarketDayLow": 11.55, "regularMarketDayHigh": 12.25, "exDividendDate": "2002-08-19 05:30:00", "payoutRatio": 0.0, "beta": 1.523983, "forwardPE": 1.654979, "volume": 319272, "regularMarketVolume": 319272, "averageVolume": 482634, "averageVolume10days": 373890, "averageDailyVolume10Day": 373890, "bid": 0.0, "ask": 0.0, "bidSize": 0, "askSize": 0, "marketCap": 691699520, "fiftyTwoWeekLow": 7.25, "fiftyTwoWeekHigh": 21.85, "priceToSalesTrailing12Months": 0.12634012, "fiftyDayAverage": 13.823529, "twoHundredDayAverage": 13.458865, "currency": "INR", "fromCurrency": null, "lastMarket": null, "algorithm": null, "tradeable": false}, "insiderHolders": {"holders": [{"maxAge": 1, "name": "Darnolly Investments, Ltd.", "relation": "Promoter", "url": "", "transactionDescription": "Sale", "latestTransDate": "2017-02-10", "positionDirect": 413934, "positionDirectDate": "2017-02-10"}, {"maxAge": 1, "name": "Gagandeep Credit Capital Pvt. Ltd.", "relation": "Institution- Corporation", "url": "", "transactionDescription": "Sale", "latestTransDate": "2019-03-08", "positionDirect": 2055430, "positionDirectDate": "2019-03-08"}, {"maxAge": 1, "name": "Menon (Karthik)", "relation": "Vice Chairman", "url": "", "transactionDescription": "Sale", "latestTransDate": "2009-12-31", "positionDirect": 224000, "positionDirectDate": "2009-12-31"}, {"maxAge": 1, "name": "Ranford Investments, Ltd.", "relation": "Promoter", "url": "", "transactionDescription": "Sale", "latestTransDate": "2017-04-13", "positionDirect": 202491, "positionDirectDate": "2017-04-13"}, {"maxAge": 1, "name": "Royal Bank of Scotland PLC As Trustee of The Jupiter India F", "relation": "Investment Advisor", "url": "", "transactionDescription": "Sale", "latestTransDate": "2011-09-14", "positionDirect": 369774, "positionDirectDate": "2011-09-14"}, {"maxAge": 1, "name": "SPIC Group Companies Employees Welfare Fund", "relation": "Promoter", "url": "", "transactionDescription": "Sale", "latestTransDate": "2014-06-13", "positionDirect": 16250, "positionDirectDate": "2014-06-13"}, {"maxAge": 1, "name": "SPIC Officers & Staff Welfare Foundation", "relation": "Promoter", "url": "", "transactionDescription": "Sale", "latestTransDate": "2017-02-16", "positionDirect": 0, "positionDirectDate": "2017-02-16"}, {"maxAge": 1, "name": "Siddhartha (V G)", "relation": "UNREPORTED", "url": "", "transactionDescription": "Acquisition", "latestTransDate": "2017-12-01", "positionDirect": 400000, "positionDirectDate": "2017-12-01"}, {"maxAge": 1, "name": "Tanglin Retail Reality Developments Pvt Ltd", "relation": "Promoter", "url": "", "transactionDescription": "Sale", "latestTransDate": "2012-09-26", "positionDirect": 29372268, "positionDirectDate": "2012-09-26"}, {"maxAge": 1, "name": "Yes Bank Ltd", "relation": "Promoter", "url": "", "transactionDescription": "Sale", "latestTransDate": "2020-12-11", "positionDirect": 52082, "positionDirectDate": "2020-12-11"}], "maxAge": 1}, "calendarEvents": {"maxAge": 1, "earnings": {"earningsDate": [], "revenueAverage": 2520000000}, "exDividendDate": "2002-08-19 05:30:00"}, "upgradeDowngradeHistory": {"history": [], "maxAge": 86400}, "price": {"maxAge": 1, "regularMarketChangePercent": -0.008403313, "regularMarketChange": -0.09999943, "regularMarketTime": "2021-04-30 15:29:49", "priceHint": 2, "regularMarketPrice": 11.8, "regularMarketDayHigh": 12.25, "regularMarketDayLow": 11.55, "regularMarketVolume": 319272, "averageDailyVolume10Day": 373890, "averageDailyVolume3Month": 482634, "regularMarketPreviousClose": 11.9, "regularMarketSource": "FREE_REALTIME", "regularMarketOpen": 12.25, "exchange": "NSI", "exchangeName": "NSE", "exchangeDataDelayedBy": 15, "marketState": "CLOSED", "quoteType": "EQUITY", "symbol": "SICAL.NS", "underlyingSymbol": null, "shortName": "SICAL LOGISTICS", "longName": "Sical Logistics Limited", "currency": "INR", "quoteSourceName": "Delayed Quote", "currencySymbol": "\u20b9", "fromCurrency": null, "lastMarket": null, "marketCap": 691699520}, "balanceSheetHistory": {"balanceSheetStatements": [{"maxAge": 1, "endDate": "2020-03-31", "cash": 502600000, "netReceivables": 2587200000, "inventory": 612400000, "otherCurrentAssets": 1126600000, "totalCurrentAssets": 4951600000, "longTermInvestments": 58600000, "propertyPlantEquipment": 22049100000, "goodWill": 70600000, "intangibleAssets": 124700000, "otherAssets": 413800000, "deferredLongTermAssetCharges": 93200000, "totalAssets": 27668400000, "accountsPayable": 1942100000, "shortLongTermDebt": 5349800000, "otherCurrentLiab": 2802800000, "longTermDebt": 4666800000, "otherLiab": 50200000, "minorityInterest": 1762800000, "totalCurrentLiabilities": 15278600000, "totalLiab": 20989600000, "commonStock": 585200000, "retainedEarnings": 1907700000, "treasuryStock": 582800000, "capitalSurplus": 1840300000, "otherStockholderEquity": 582800000, "totalStockholderEquity": 4916000000, "netTangibleAssets": 4720700000}, {"maxAge": 1, "endDate": "2019-03-31", "cash": 605600000, "shortTermInvestments": 184000000, "netReceivables": 4045600000, "inventory": 750900000, "otherCurrentAssets": 986000000, "totalCurrentAssets": 7418100000, "longTermInvestments": 182700000, "propertyPlantEquipment": 19137000000, "goodWill": 70600000, "intangibleAssets": 144000000, "otherAssets": 536600000, "totalAssets": 27489000000, "accountsPayable": 1214700000, "shortLongTermDebt": 3166800000, "otherCurrentLiab": 2473400000, "longTermDebt": 8081800000, "otherLiab": 259200000, "minorityInterest": 1926000000, "totalCurrentLiabilities": 11197200000, "totalLiab": 19538200000, "commonStock": 585200000, "retainedEarnings": 3066500000, "treasuryStock": 532800000, "capitalSurplus": 1840300000, "otherStockholderEquity": 532800000, "totalStockholderEquity": 6024800000, "netTangibleAssets": 5810200000}, {"maxAge": 1, "endDate": "2018-03-31", "cash": 78300000, "netReceivables": 3210400000, "inventory": 561200000, "otherCurrentAssets": 355700000, "totalCurrentAssets": 5121300000, "longTermInvestments": 241500000, "propertyPlantEquipment": 17773100000, "goodWill": 70600000, "intangibleAssets": 157900000, "otherAssets": 1146300000, "totalAssets": 24510700000, "accountsPayable": 1079700000, "shortLongTermDebt": 2914500000, "otherCurrentLiab": 2183400000, "longTermDebt": 7693900000, "otherLiab": 173200000, "minorityInterest": 1966200000, "totalCurrentLiabilities": 9428200000, "totalLiab": 17295300000, "commonStock": 556000000, "retainedEarnings": 2910000000, "treasuryStock": 482800000, "capitalSurplus": 1300400000, "otherStockholderEquity": 482800000, "totalStockholderEquity": 5249200000, "netTangibleAssets": 5020700000}, {"maxAge": 1, "endDate": "2017-03-31", "cash": 406700000, "netReceivables": 2989800000, "inventory": 457500000, "otherCurrentAssets": 523700000, "totalCurrentAssets": 5219500000, "longTermInvestments": 170300000, "propertyPlantEquipment": 16487300000, "intangibleAssets": 171800000, "otherAssets": 880500000, "totalAssets": 22929400000, "accountsPayable": 916200000, "shortLongTermDebt": 2061900000, "otherCurrentLiab": 149600000, "longTermDebt": 8528900000, "otherLiab": 101800000, "minorityInterest": 1879300000, "totalCurrentLiabilities": 7478800000, "totalLiab": 16109500000, "commonStock": 556000000, "retainedEarnings": 2701400000, "treasuryStock": 382800000, "capitalSurplus": 1300400000, "otherStockholderEquity": 382800000, "totalStockholderEquity": 4940600000, "netTangibleAssets": 4768800000}], "maxAge": 86400}, "earningsTrend": {"trend": [{"maxAge": 1, "period": "0q", "endDate": "2017-09-30", "growth": {}, "earningsEstimate": {"avg": 0.0, "low": 0.0, "high": 0.0, "yearAgoEps": {}, "numberOfAnalysts": 0, "growth": {}}, "revenueEstimate": {"avg": 2520000000, "low": 0, "high": 0, "numberOfAnalysts": 0, "yearAgoRevenue": {}, "growth": {}}, "epsTrend": {"current": 0.0, "7daysAgo": 0.0, "30daysAgo": 0.0, "60daysAgo": 0.0, "90daysAgo": 0.0}, "epsRevisions": {"upLast7days": 0, "upLast30days": 0, "downLast30days": 0, "downLast90days": {}}}, {"maxAge": 1, "period": "+1q", "endDate": "2017-12-31", "growth": {}, "earningsEstimate": {"avg": 0.0, "low": 0.0, "high": 0.0, "yearAgoEps": {}, "numberOfAnalysts": 0, "growth": {}}, "revenueEstimate": {"avg": 3294700000, "low": 0, "high": 0, "numberOfAnalysts": 0, "yearAgoRevenue": {}, "growth": {}}, "epsTrend": {"current": 0.0, "7daysAgo": 0.0, "30daysAgo": 0.0, "60daysAgo": 0.0, "90daysAgo": 0.0}, "epsRevisions": {"upLast7days": 0, "upLast30days": 0, "downLast30days": 0, "downLast90days": {}}}, {"maxAge": 1, "period": "0y", "endDate": "2018-03-31", "growth": -0.106000006, "earningsEstimate": {"avg": 6.17, "low": 6.17, "high": 6.17, "yearAgoEps": 6.9, "numberOfAnalysts": 1, "growth": -0.106000006}, "revenueEstimate": {"avg": 11713900000, "low": 11713900000, "high": 11713900000, "numberOfAnalysts": 1, "yearAgoRevenue": 9219500000, "growth": 0.271}, "epsTrend": {"current": 6.17, "7daysAgo": 8.35, "30daysAgo": 8.35, "60daysAgo": 8.35, "90daysAgo": 8.52}, "epsRevisions": {"upLast7days": 0, "upLast30days": 0, "downLast30days": 1, "downLast90days": {}}}, {"maxAge": 1, "period": "+1y", "endDate": "2019-03-31", "growth": 0.156, "earningsEstimate": {"avg": 7.13, "low": 7.13, "high": 7.13, "yearAgoEps": 6.17, "numberOfAnalysts": 1, "growth": 0.156}, "revenueEstimate": {"avg": 13236700000, "low": 13236700000, "high": 13236700000, "numberOfAnalysts": 1, "yearAgoRevenue": 11713900000, "growth": 0.13}, "epsTrend": {"current": 7.13, "7daysAgo": 9.83, "30daysAgo": 9.83, "60daysAgo": 9.83, "90daysAgo": 9.65}, "epsRevisions": {"upLast7days": 0, "upLast30days": 0, "downLast30days": 1, "downLast90days": {}}}, {"maxAge": 1, "period": "+5y", "endDate": null, "growth": {}, "earningsEstimate": {"avg": {}, "low": {}, "high": {}, "yearAgoEps": {}, "numberOfAnalysts": {}, "growth": {}}, "revenueEstimate": {"avg": {}, "low": {}, "high": {}, "numberOfAnalysts": {}, "yearAgoRevenue": {}, "growth": {}}, "epsTrend": {"current": {}, "7daysAgo": {}, "30daysAgo": {}, "60daysAgo": {}, "90daysAgo": {}}, "epsRevisions": {"upLast7days": {}, "upLast30days": {}, "downLast30days": {}, "downLast90days": {}}}, {"maxAge": 1, "period": "-5y", "endDate": null, "growth": {}, "earningsEstimate": {"avg": {}, "low": {}, "high": {}, "yearAgoEps": {}, "numberOfAnalysts": {}, "growth": {}}, "revenueEstimate": {"avg": {}, "low": {}, "high": {}, "numberOfAnalysts": {}, "yearAgoRevenue": {}, "growth": {}}, "epsTrend": {"current": {}, "7daysAgo": {}, "30daysAgo": {}, "60daysAgo": {}, "90daysAgo": {}}, "epsRevisions": {"upLast7days": {}, "upLast30days": {}, "downLast30days": {}, "downLast90days": {}}}], "maxAge": 1}, "institutionOwnership": {"ownershipList": [], "maxAge": 1}, "majorHoldersBreakdown": {"maxAge": 1, "insidersPercentHeld": 0.46653998, "institutionsPercentHeld": 0.00089, "institutionsFloatPercentHeld": 0.0016699999, "institutionsCount": 1}, "balanceSheetHistoryQuarterly": {"balanceSheetStatements": [{"maxAge": 1, "endDate": "2020-12-31", "totalStockholderEquity": 4471600000, "netTangibleAssets": 4285600000}, {"maxAge": 1, "endDate": "2020-09-30", "cash": 532700000, "shortTermInvestments": 133600000, "netReceivables": 2292500000, "inventory": 158800000, "otherCurrentAssets": 1713800000, "totalCurrentAssets": 4831400000, "longTermInvestments": 67800000, "propertyPlantEquipment": 22397100000, "goodWill": 70600000, "intangibleAssets": 115400000, "otherAssets": 404900000, "deferredLongTermAssetCharges": 93200000, "totalAssets": 27887200000, "accountsPayable": 1790200000, "shortLongTermDebt": 6778600000, "otherCurrentLiab": 4911500000, "longTermDebt": 3874000000, "otherLiab": 55800000, "minorityInterest": 1726000000, "totalCurrentLiabilities": 16592600000, "totalLiab": 21689600000, "commonStock": 585400000, "treasuryStock": 3886200000, "otherStockholderEquity": 3886200000, "totalStockholderEquity": 4471600000, "netTangibleAssets": 4285600000}, {"maxAge": 1, "endDate": "2020-06-30", "totalStockholderEquity": 4916000000, "netTangibleAssets": 4720700000}, {"maxAge": 1, "endDate": "2020-03-31", "cash": 502600000, "netReceivables": 2587200000, "inventory": 612400000, "otherCurrentAssets": 1126600000, "totalCurrentAssets": 4951600000, "longTermInvestments": 58600000, "propertyPlantEquipment": 22049100000, "goodWill": 70600000, "intangibleAssets": 124700000, "otherAssets": 413800000, "deferredLongTermAssetCharges": 93200000, "totalAssets": 27668400000, "accountsPayable": 1942100000, "shortLongTermDebt": 5349800000, "otherCurrentLiab": 2802800000, "longTermDebt": 4666800000, "otherLiab": 50200000, "minorityInterest": 1762800000, "totalCurrentLiabilities": 15278600000, "totalLiab": 20989600000, "commonStock": 585200000, "retainedEarnings": 1907700000, "treasuryStock": 582800000, "capitalSurplus": 1840300000, "otherStockholderEquity": 582800000, "totalStockholderEquity": 4916000000, "netTangibleAssets": 4720700000}], "maxAge": 86400}, "earningsHistory": {"history": [{"maxAge": 1, "epsActual": {}, "epsEstimate": {}, "epsDifference": {}, "surprisePercent": {}, "quarter": {}, "period": "-4q"}, {"maxAge": 1, "epsActual": {}, "epsEstimate": {}, "epsDifference": {}, "surprisePercent": {}, "quarter": {}, "period": "-3q"}, {"maxAge": 1, "epsActual": 2.54, "epsEstimate": 1.94, "epsDifference": 0.6, "surprisePercent": 0.309, "quarter": "2017-03-31", "period": "-2q"}, {"maxAge": 1, "epsActual": 2.01, "epsEstimate": 2.34, "epsDifference": -0.33, "surprisePercent": -0.141, "quarter": "2017-06-30", "period": "-1q"}], "maxAge": 86400}, "summaryProfile": {"address1": "# 23/2, Coffee Day Square", "address2": "Vittal Mallya Road", "city": "Bengaluru", "zip": "560001", "country": "India", "phone": "91 80 3340 2300", "fax": "91 80 3340 2316", "website": "http://www.sical.in", "industry": "Integrated Freight & Logistics", "sector": "Industrials", "longBusinessSummary": "Sical Logistics Limited provides integrated logistics solutions in India. The company handles dry and liquid bulk cargo at various ports, as well as containers at Tuticorin container terminal; and operates container freight stations at Chennai, Vizag, and Tuticorin and ICD at Melpakkam. It also offers customs house agency, shipping agency, and stevedoring services; road logistics services for transporting dry and liquid bulk, project cargo, over dimensional cargo, fertilizers, metals, and packaged goods; cold chain, warehousing, and dry logistics services for hospitality, pharma, and FMCG industries; and end to end integrated logistics solutions for bulk and containerized cargo. In addition, the company operates coal berth and coal cum iron ore terminal at Kamarajar Port; and container trains for the movement of edible oils, glasses, pipes, scraps, cereals, granite, marbles, tiles, and copper concentrates. Further, it offers surface mining services; and bulk handling solutions at mines, as well as develops and operates mines. The company was founded in 1955 and is based in Bengaluru, India. Sical Logistics Limited is a subsidiary of Tanglin Retail Reality Developments Private Limited.", "fullTimeEmployees": 653, "companyOfficers": [], "maxAge": 86400}, "netSharePurchaseActivity": {"maxAge": 1, "period": "6m", "buyInfoCount": 0, "buyInfoShares": 0, "sellInfoCount": 0, "netInfoCount": 0, "netInfoShares": 0, "netPercentInsiderShares": 0.0, "totalInsiderShares": 27291380}, "insiderTransactions": {"transactions": [{"maxAge": 1, "shares": 1500000, "filerUrl": "", "transactionText": "", "filerName": "Yes Bank Ltd", "filerRelation": "Promoter", "moneyText": "", "startDate": "2020-12-11", "ownership": "D"}, {"maxAge": 1, "shares": 1661008, "filerUrl": "", "transactionText": "", "filerName": "Yes Bank Ltd", "filerRelation": "Promoter", "moneyText": "", "startDate": "2020-06-22", "ownership": "D"}, {"maxAge": 1, "shares": 389, "filerUrl": "", "transactionText": "", "filerName": "Gagandeep Credit Capital Pvt. Ltd.", "filerRelation": "Institution- Corporation", "moneyText": "", "startDate": "2019-03-08", "ownership": "D"}, {"maxAge": 1, "shares": 389, "filerUrl": "", "transactionText": "", "filerName": "Gagandeep Credit Capital Pvt. Ltd.", "filerRelation": "Institution- Corporation", "moneyText": "", "startDate": "2019-03-08", "ownership": "D"}, {"maxAge": 1, "shares": 400000, "filerUrl": "", "transactionText": "", "filerName": "Siddhartha (V G)", "filerRelation": "UNREPORTED", "moneyText": "", "startDate": "2017-12-01", "ownership": "D"}, {"maxAge": 1, "shares": 170000, "filerUrl": "", "transactionText": "", "filerName": "Ranford Investments, Ltd.", "filerRelation": "Promoter", "moneyText": "", "startDate": "2017-04-13", "ownership": "D"}, {"maxAge": 1, "shares": 16250, "filerUrl": "", "transactionText": "", "filerName": "SPIC Officers & Staff Welfare Foundation", "filerRelation": "Promoter", "moneyText": "", "startDate": "2017-02-16", "ownership": "D"}, {"maxAge": 1, "shares": 910000, "filerUrl": "", "transactionText": "", "filerName": "Darnolly Investments, Ltd.", "filerRelation": "Promoter", "moneyText": "", "startDate": "2017-02-10", "ownership": "D"}, {"maxAge": 1, "shares": 201000, "filerUrl": "", "transactionText": "", "filerName": "Ranford Investments, Ltd.", "filerRelation": "Promoter", "moneyText": "", "startDate": "2017-02-09", "ownership": "D"}, {"maxAge": 1, "shares": 2000000, "filerUrl": "", "transactionText": "", "filerName": "Darnolly Investments, Ltd.", "filerRelation": "Institution- Corporation", "moneyText": "", "startDate": "2016-11-14", "ownership": "D"}, {"maxAge": 1, "shares": 2152158, "filerUrl": "", "transactionText": "", "filerName": "Ranford Investments, Ltd.", "filerRelation": "Promoter", "moneyText": "", "startDate": "2016-09-01", "ownership": "D"}, {"maxAge": 1, "shares": 1800000, "filerUrl": "", "transactionText": "", "filerName": "Ranford Investments, Ltd.", "filerRelation": "Promoter", "moneyText": "", "startDate": "2016-05-23", "ownership": "D"}, {"maxAge": 1, "shares": 2700000, "filerUrl": "", "transactionText": "", "filerName": "Ranford Investments, Ltd.", "filerRelation": "Promoter", "moneyText": "", "startDate": "2014-11-10", "ownership": "D"}, {"maxAge": 1, "shares": 192185, "filerUrl": "", "transactionText": "", "filerName": "SPIC Officers & Staff Welfare Foundation", "filerRelation": "Promoter", "moneyText": "", "startDate": "2014-06-13", "ownership": "D"}, {"maxAge": 1, "shares": 272788, "filerUrl": "", "transactionText": "", "filerName": "SPIC Group Companies Employees Welfare Fund", "filerRelation": "Promoter", "moneyText": "", "startDate": "2014-06-13", "ownership": "D"}, {"maxAge": 1, "shares": 167518, "filerUrl": "", "transactionText": "", "filerName": "Tanglin Retail Reality Developments Pvt Ltd", "filerRelation": "Promoter", "moneyText": "", "startDate": "2012-09-26", "ownership": "D"}, {"maxAge": 1, "shares": 385000, "filerUrl": "", "transactionText": "", "filerName": "Tanglin Retail Reality Developments Pvt Ltd", "filerRelation": "Promoter", "moneyText": "", "startDate": "2011-11-11", "ownership": "D"}, {"maxAge": 1, "shares": 50000, "filerUrl": "", "transactionText": "", "filerName": "Tanglin Retail Reality Developments Pvt Ltd", "filerRelation": "Promoter", "moneyText": "", "startDate": "2011-11-11", "ownership": "D"}, {"maxAge": 1, "shares": 140000, "filerUrl": "", "transactionText": "", "filerName": "Tanglin Retail Reality Developments Pvt Ltd", "filerRelation": "Promoter", "moneyText": "", "startDate": "2011-11-02", "ownership": "D"}, {"maxAge": 1, "shares": 100000, "filerUrl": "", "transactionText": "", "filerName": "Tanglin Retail Reality Developments Pvt Ltd", "filerRelation": "Promoter", "moneyText": "", "startDate": "2011-10-28", "ownership": "D"}, {"maxAge": 1, "shares": 125000, "filerUrl": "", "transactionText": "", "filerName": "Tanglin Retail Reality Developments Pvt Ltd", "filerRelation": "Promoter", "moneyText": "", "startDate": "2011-10-25", "ownership": "D"}, {"maxAge": 1, "shares": 2908944, "filerUrl": "", "transactionText": "", "filerName": "Royal Bank of Scotland PLC As Trustee of The Jupiter India F", "filerRelation": "Investment Advisor", "moneyText": "", "startDate": "2011-09-14", "ownership": "D"}, {"maxAge": 1, "shares": 3952168, "filerUrl": "", "transactionText": "", "filerName": "Darnolly Investments, Ltd.", "filerRelation": "Institution- Corporation", "moneyText": "", "startDate": "2010-11-12", "ownership": "D"}, {"maxAge": 1, "shares": 8765, "filerUrl": "", "transactionText": "", "filerName": "Menon (Karthik)", "filerRelation": "Vice Chairman", "moneyText": "", "startDate": "2009-12-31", "ownership": "D"}], "maxAge": 1}, "sectorTrend": {"maxAge": 1, "symbol": null, "estimates": []}, "incomeStatementHistoryQuarterly": {"incomeStatementHistory": [{"maxAge": 1, "endDate": "2020-12-31", "totalRevenue": 1236400000, "costOfRevenue": 1028900000, "grossProfit": 207500000, "researchDevelopment": {}, "sellingGeneralAdministrative": {}, "nonRecurring": {}, "otherOperatingExpenses": 186000000, "totalOperatingExpenses": 1411600000, "operatingIncome": -175200000, "totalOtherIncomeExpenseNet": 23200000, "ebit": -175200000, "interestExpense": -71300000, "incomeBeforeTax": -152000000, "incomeTaxExpense": 0, "minorityInterest": {}, "netIncomeFromContinuingOps": -152000000, "discontinuedOperations": {}, "extraordinaryItems": {}, "effectOfAccountingCharges": {}, "otherItems": {}, "netIncome": -112900000, "netIncomeApplicableToCommonShares": -112900000}, {"maxAge": 1, "endDate": "2020-09-30", "totalRevenue": 1283500000, "costOfRevenue": 1114900000, "grossProfit": 168600000, "researchDevelopment": {}, "sellingGeneralAdministrative": {}, "nonRecurring": {}, "otherOperatingExpenses": 114500000, "totalOperatingExpenses": 1427400000, "operatingIncome": -143900000, "totalOtherIncomeExpenseNet": -57500000, "ebit": -143900000, "interestExpense": -116700000, "incomeBeforeTax": -201400000, "incomeTaxExpense": 1200000, "minorityInterest": 1726000000, "netIncomeFromContinuingOps": -202600000, "discontinuedOperations": {}, "extraordinaryItems": {}, "effectOfAccountingCharges": {}, "otherItems": {}, "netIncome": -185400000, "netIncomeApplicableToCommonShares": -185400000}, {"maxAge": 1, "endDate": "2020-06-30", "totalRevenue": 1369800000, "costOfRevenue": 1160500000, "grossProfit": 209300000, "researchDevelopment": {}, "sellingGeneralAdministrative": {}, "nonRecurring": {}, "otherOperatingExpenses": 126700000, "totalOperatingExpenses": 1496400000, "operatingIncome": -126600000, "totalOtherIncomeExpenseNet": -141600000, "ebit": -126600000, "interestExpense": -118200000, "incomeBeforeTax": -268200000, "incomeTaxExpense": 0, "minorityInterest": 1726000000, "netIncomeFromContinuingOps": -268200000, "discontinuedOperations": {}, "extraordinaryItems": {}, "effectOfAccountingCharges": {}, "otherItems": {}, "netIncome": -259000000, "netIncomeApplicableToCommonShares": -259000000}, {"maxAge": 1, "endDate": "2020-03-31", "totalRevenue": 1585200000, "costOfRevenue": 1549500000, "grossProfit": 35700000, "researchDevelopment": {}, "sellingGeneralAdministrative": 30100000, "nonRecurring": {}, "otherOperatingExpenses": 173700000, "totalOperatingExpenses": 1956600000, "operatingIncome": -371400000, "totalOtherIncomeExpenseNet": -5100000, "ebit": -371400000, "interestExpense": -11600000, "incomeBeforeTax": -376500000, "incomeTaxExpense": -227100000, "minorityInterest": 1762800000, "netIncomeFromContinuingOps": -149400000, "discontinuedOperations": {}, "extraordinaryItems": {}, "effectOfAccountingCharges": {}, "otherItems": {}, "netIncome": -81900000, "netIncomeApplicableToCommonShares": -81900000}], "maxAge": 86400}, "cashflowStatementHistoryQuarterly": {"cashflowStatements": [{"maxAge": 1, "endDate": "2020-12-31", "netIncome": -112900000, "changeToLiabilities": 0}, {"maxAge": 1, "endDate": "2020-09-30", "netIncome": -185400000, "changeToLiabilities": 0}, {"maxAge": 1, "endDate": "2020-06-30", "netIncome": -259000000, "changeToLiabilities": 0}, {"maxAge": 1, "endDate": "2020-03-31", "netIncome": -81900000, "changeToLiabilities": 0}], "maxAge": 86400}, "earnings": {"maxAge": 86400, "earningsChart": {"quarterly": [{"date": "1Q2017", "actual": 2.54, "estimate": 1.94}, {"date": "2Q2017", "actual": 2.01, "estimate": 2.34}], "currentQuarterEstimateDate": "3Q", "currentQuarterEstimateYear": 2017, "earningsDate": []}, "financialsChart": {"yearly": [{"date": 2017, "revenue": 9219500000, "earnings": 383500000}, {"date": 2018, "revenue": 11942400000, "earnings": 300900000}, {"date": 2019, "revenue": 15249400000, "earnings": 206500000}, {"date": 2020, "revenue": 10059300000, "earnings": -1070400000}], "quarterly": [{"date": "1Q2020", "revenue": 1585200000, "earnings": -81900000}, {"date": "2Q2020", "revenue": 1369800000, "earnings": -259000000}, {"date": "3Q2020", "revenue": 1283500000, "earnings": -185400000}, {"date": "4Q2020", "revenue": 1236400000, "earnings": -112900000}]}, "financialCurrency": "INR"}, "financialData": {"maxAge": 86400, "currentPrice": 11.8, "recommendationMean": 2.0, "recommendationKey": "buy", "totalCash": 666300032, "totalCashPerShare": 11.39, "ebitda": -18025000, "totalDebt": 14924900352, "totalRevenue": 5474899968, "debtToEquity": 240.817, "revenuePerShare": 93.539, "grossProfits": 438300000, "revenueGrowth": -0.341, "grossMargins": 0.11344, "ebitdaMargins": -0.00329, "operatingMargins": -0.14924, "profitMargins": -0.11675, "financialCurrency": "INR"}}}