{"SICAGEN.BO": {"recommendationTrend": {"trend": [{"period": "0m", "strongBuy": 0, "buy": 0, "hold": 0, "sell": 0, "strongSell": 0}, {"period": "-1m", "strongBuy": 0, "buy": 0, "hold": 0, "sell": 0, "strongSell": 0}, {"period": "-2m", "strongBuy": 0, "buy": 0, "hold": 0, "sell": 0, "strongSell": 0}, {"period": "-3m", "strongBuy": 0, "buy": 0, "hold": 0, "sell": 0, "strongSell": 0}], "maxAge": 86400}, "cashflowStatementHistory": {"cashflowStatements": [{"maxAge": 1, "endDate": "2020-03-31", "netIncome": 3600000, "depreciation": 97800000, "changeToNetincome": 95400000, "changeToAccountReceivables": 601300000, "changeToLiabilities": -869600000, "changeToInventory": -169500000, "changeToOperatingActivities": -131900000, "totalCashFromOperatingActivities": -369300000, "capitalExpenditures": -52300000, "investments": 467300000, "otherCashflowsFromInvestingActivities": 26400000, "totalCashflowsFromInvestingActivities": 447200000, "dividendsPaid": -19100000, "netBorrowings": -79700000, "otherCashflowsFromFinancingActivities": -80700000, "totalCashFromFinancingActivities": -179500000, "changeInCash": -101600000}, {"maxAge": 1, "endDate": "2019-03-31", "netIncome": 1300000, "depreciation": 59700000, "changeToNetincome": 99200000, "changeToAccountReceivables": -842700000, "changeToLiabilities": 931500000, "changeToInventory": 66700000, "changeToOperatingActivities": -122300000, "totalCashFromOperatingActivities": 196100000, "capitalExpenditures": -38200000, "investments": -471700000, "otherCashflowsFromInvestingActivities": 40300000, "totalCashflowsFromInvestingActivities": -50100000, "dividendsPaid": -28500000, "netBorrowings": -6200000, "otherCashflowsFromFinancingActivities": -81300000, "totalCashFromFinancingActivities": -116000000, "changeInCash": 30000000}, {"maxAge": 1, "endDate": "2018-03-31", "netIncome": 11500000, "depreciation": 48600000, "changeToNetincome": -5100000, "changeToAccountReceivables": -376600000, "changeToLiabilities": 231300000, "changeToInventory": -19100000, "changeToOperatingActivities": -10400000, "totalCashFromOperatingActivities": -117400000, "capitalExpenditures": -133000000, "investments": 194400000, "otherCashflowsFromInvestingActivities": 46700000, "totalCashflowsFromInvestingActivities": 108800000, "dividendsPaid": -23700000, "netBorrowings": 93700000, "otherCashflowsFromFinancingActivities": -108800000, "totalCashFromFinancingActivities": -38800000, "changeInCash": -47400000}, {"maxAge": 1, "endDate": "2017-03-31", "netIncome": 74600000, "depreciation": 39800000, "changeToNetincome": -88600000, "changeToAccountReceivables": -450900000, "changeToLiabilities": 347400000, "changeToInventory": -332200000, "changeToOperatingActivities": -10400000, "totalCashFromOperatingActivities": -408400000, "capitalExpenditures": -229700000, "investments": 222600000, "otherCashflowsFromInvestingActivities": 58800000, "totalCashflowsFromInvestingActivities": 53400000, "dividendsPaid": -23700000, "netBorrowings": 290600000, "otherCashflowsFromFinancingActivities": -44200000, "totalCashFromFinancingActivities": 222700000, "changeInCash": -132300000}], "maxAge": 86400}, "institutionOwnership": {"ownershipList": [], "maxAge": 1}, "balanceSheetHistoryQuarterly": {"balanceSheetStatements": [{"maxAge": 1, "endDate": "2020-06-30", "totalStockholderEquity": 3752200000, "netTangibleAssets": 3742400000}, {"maxAge": 1, "endDate": "2020-03-31", "cash": 54400000, "shortTermInvestments": 32600000, "netReceivables": 2085100000, "inventory": 1325900000, "otherCurrentAssets": 444700000, "totalCurrentAssets": 3957100000, "longTermInvestments": 199900000, "propertyPlantEquipment": 1642800000, "intangibleAssets": 9800000, "otherAssets": 240400000, "totalAssets": 6050000000, "accountsPayable": 1018700000, "shortLongTermDebt": 400300000, "otherCurrentLiab": 59200000, "longTermDebt": 69700000, "otherLiab": 190500000, "totalCurrentLiabilities": 1898700000, "totalLiab": 2297800000, "commonStock": 395700000, "retainedEarnings": -425000000, "treasuryStock": 837200000, "capitalSurplus": 2944300000, "otherStockholderEquity": 837200000, "totalStockholderEquity": 3752200000, "netTangibleAssets": 3742400000}, {"maxAge": 1, "endDate": "2019-12-31", "totalStockholderEquity": 3799700000, "netTangibleAssets": 3789300000}, {"maxAge": 1, "endDate": "2019-09-30", "cash": 266600000, "netReceivables": 2604000000, "inventory": 1165300000, "otherCurrentAssets": 302500000, "totalCurrentAssets": 4338400000, "longTermInvestments": 271400000, "propertyPlantEquipment": 1495400000, "intangibleAssets": 10400000, "otherAssets": 294200000, "deferredLongTermAssetCharges": 1800000, "totalAssets": 6409800000, "accountsPayable": 1254400000, "shortLongTermDebt": 849200000, "otherCurrentLiab": 180300000, "longTermDebt": 80300000, "otherLiab": 232900000, "totalCurrentLiabilities": 2296900000, "totalLiab": 2610100000, "commonStock": 395700000, "treasuryStock": 3404000000, "otherStockholderEquity": 3404000000, "totalStockholderEquity": 3799700000, "netTangibleAssets": 3789300000}], "maxAge": 86400}, "earningsHistory": {"history": [{"maxAge": 1, "epsActual": {}, "epsEstimate": {}, "epsDifference": {}, "surprisePercent": {}, "quarter": {}, "period": "-4q"}, {"maxAge": 1, "epsActual": {}, "epsEstimate": {}, "epsDifference": {}, "surprisePercent": {}, "quarter": {}, "period": "-3q"}, {"maxAge": 1, "epsActual": 0.04, "epsEstimate": 0.36, "epsDifference": -0.32, "surprisePercent": -0.889, "quarter": "2017-06-30", "period": "-2q"}, {"maxAge": 1, "epsActual": -0.74, "epsEstimate": 0.66, "epsDifference": -1.4, "surprisePercent": -2.121, "quarter": "2017-12-31", "period": "-1q"}], "maxAge": 86400}, "indexTrend": {"maxAge": 1, "symbol": "SP5", "peRatio": 19.7411, "pegRatio": 1.34172, "estimates": [{"period": "0q", "growth": 0.549}, {"period": "+1q", "growth": 0.431}, {"period": "0y", "growth": 0.305}, {"period": "+1y", "growth": 0.109}, {"period": "+5y", "growth": 0.120865}, {"period": "-5y"}]}, "industryTrend": {"maxAge": 1, "symbol": null, "estimates": []}, "insiderTransactions": {"transactions": [{"maxAge": 1, "shares": 50000, "filerUrl": "", "transactionText": "", "filerName": "Sical Logistics Ltd", "filerRelation": "Promoter", "moneyText": "", "startDate": "2018-05-18", "ownership": "D"}, {"maxAge": 1, "shares": 16250, "filerUrl": "", "transactionText": "", "filerName": "SPIC Officers & Staff Welfare Foundation", "filerRelation": "Promoter", "moneyText": "", "startDate": "2017-02-16", "ownership": "D"}, {"maxAge": 1, "shares": 272788, "filerUrl": "", "transactionText": "", "filerName": "SPIC Group Companies Employees Welfare Fund", "filerRelation": "Promoter", "moneyText": "", "startDate": "2014-06-13", "ownership": "D"}, {"maxAge": 1, "shares": 192185, "filerUrl": "", "transactionText": "", "filerName": "SPIC Officers & Staff Welfare Foundation", "filerRelation": "Promoter", "moneyText": "", "startDate": "2014-06-13", "ownership": "D"}, {"maxAge": 1, "shares": 785000, "filerUrl": "", "transactionText": "", "filerName": "SIDD Life Sciences Pvt Ltd", "filerRelation": "Promoter", "moneyText": "", "startDate": "2012-05-31", "ownership": "D"}, {"maxAge": 1, "shares": 770000, "filerUrl": "", "transactionText": "", "filerName": "SIDD Life Sciences Pvt Ltd", "filerRelation": "Promoter", "moneyText": "", "startDate": "2012-05-30", "ownership": "D"}, {"maxAge": 1, "shares": 380000, "filerUrl": "", "transactionText": "", "filerName": "SIDD Life Sciences Pvt Ltd", "filerRelation": "Promoter", "moneyText": "", "startDate": "2012-03-20", "ownership": "D"}, {"maxAge": 1, "shares": 435000, "filerUrl": "", "transactionText": "", "filerName": "SIDD Life Sciences Pvt Ltd", "filerRelation": "Promoter", "moneyText": "", "startDate": "2011-09-09", "ownership": "D"}, {"maxAge": 1, "shares": 1500000, "filerUrl": "", "transactionText": "", "filerName": "SIDD Life Sciences Pvt Ltd", "filerRelation": "Promoter", "moneyText": "", "startDate": "2011-09-08", "ownership": "D"}], "maxAge": 1}, "quoteType": {"exchange": "BSE", "quoteType": "EQUITY", "symbol": "SICAGEN.BO", "underlyingSymbol": "SICAGEN.BO", "shortName": "SICAGEN INDIA LTD.", "longName": "Sicagen India Limited", "firstTradeDateEpochUtc": "2000-03-30 09:15:00", "timeZoneFullName": "Asia/Kolkata", "timeZoneShortName": "IST", "uuid": "494ca9a3-6508-3f2e-8bc4-a66e0d3a36f4", "gmtOffSetMilliseconds": 19800000, "maxAge": 1}, "incomeStatementHistory": {"incomeStatementHistory": [{"maxAge": 1, "endDate": "2020-03-31", "totalRevenue": 6988600000, "costOfRevenue": 6229000000, "grossProfit": 759600000, "researchDevelopment": {}, "sellingGeneralAdministrative": 369200000, "nonRecurring": {}, "otherOperatingExpenses": 266500000, "totalOperatingExpenses": 6967300000, "operatingIncome": 21300000, "totalOtherIncomeExpenseNet": 12800000, "ebit": 21300000, "interestExpense": -80700000, "incomeBeforeTax": 34100000, "incomeTaxExpense": 30500000, "minorityInterest": {}, "netIncomeFromContinuingOps": 3600000, "discontinuedOperations": {}, "extraordinaryItems": {}, "effectOfAccountingCharges": {}, "otherItems": {}, "netIncome": 3600000, "netIncomeApplicableToCommonShares": 3600000}, {"maxAge": 1, "endDate": "2019-03-31", "totalRevenue": 8203400000, "costOfRevenue": 7340400000, "grossProfit": 863000000, "researchDevelopment": {}, "sellingGeneralAdministrative": 516200000, "nonRecurring": {}, "otherOperatingExpenses": 308200000, "totalOperatingExpenses": 8235000000, "operatingIncome": -31600000, "totalOtherIncomeExpenseNet": 60000000, "ebit": -31600000, "interestExpense": -81300000, "incomeBeforeTax": 28400000, "incomeTaxExpense": 27100000, "minorityInterest": {}, "netIncomeFromContinuingOps": 1300000, "discontinuedOperations": {}, "extraordinaryItems": {}, "effectOfAccountingCharges": {}, "otherItems": {}, "netIncome": 1300000, "netIncomeApplicableToCommonShares": 1300000}, {"maxAge": 1, "endDate": "2018-03-31", "totalRevenue": 7379500000, "costOfRevenue": 6538600000, "grossProfit": 840900000, "researchDevelopment": {}, "sellingGeneralAdministrative": 456800000, "nonRecurring": {}, "otherOperatingExpenses": 371000000, "totalOperatingExpenses": 7420300000, "operatingIncome": -40800000, "totalOtherIncomeExpenseNet": 57300000, "ebit": -40800000, "interestExpense": -83400000, "incomeBeforeTax": 16500000, "incomeTaxExpense": 5000000, "minorityInterest": {}, "netIncomeFromContinuingOps": 11500000, "discontinuedOperations": {}, "extraordinaryItems": {}, "effectOfAccountingCharges": {}, "otherItems": {}, "netIncome": 11500000, "netIncomeApplicableToCommonShares": 11500000}, {"maxAge": 1, "endDate": "2017-03-31", "totalRevenue": 7108700000, "costOfRevenue": 6285000000, "grossProfit": 823700000, "researchDevelopment": {}, "sellingGeneralAdministrative": 404900000, "nonRecurring": {}, "otherOperatingExpenses": 381900000, "totalOperatingExpenses": 7115100000, "operatingIncome": -6400000, "totalOtherIncomeExpenseNet": 81500000, "ebit": -6400000, "interestExpense": -60000000, "incomeBeforeTax": 75100000, "incomeTaxExpense": 2000000, "minorityInterest": 83600000, "netIncomeFromContinuingOps": 73100000, "discontinuedOperations": {}, "extraordinaryItems": {}, "effectOfAccountingCharges": {}, "otherItems": {}, "netIncome": 74600000, "netIncomeApplicableToCommonShares": 74600000}], "maxAge": 86400}, "fundOwnership": {"ownershipList": [], "maxAge": 1}, "summaryDetail": {"maxAge": 1, "priceHint": 2, "previousClose": 22.2, "open": 21.5, "dayLow": 21.01, "dayHigh": 22.9, "regularMarketPreviousClose": 22.2, "regularMarketOpen": 21.5, "regularMarketDayLow": 21.01, "regularMarketDayHigh": 22.9, "forwardPE": 8.222222, "volume": 50105, "regularMarketVolume": 50105, "averageVolume": 8767, "averageVolume10days": 3598, "averageDailyVolume10Day": 3598, "bid": 20.5, "ask": 21.3, "bidSize": 0, "askSize": 0, "marketCap": 871475520, "fiftyTwoWeekLow": 7.8, "fiftyTwoWeekHigh": 22.9, "fiftyDayAverage": 16.08697, "twoHundredDayAverage": 13.041617, "trailingAnnualDividendRate": 0.5, "trailingAnnualDividendYield": 0.022522522, "currency": "INR", "fromCurrency": null, "lastMarket": null, "algorithm": null, "tradeable": false}, "sectorTrend": {"maxAge": 1, "symbol": null, "estimates": []}, "incomeStatementHistoryQuarterly": {"incomeStatementHistory": [{"maxAge": 1, "endDate": "2020-06-30", "totalRevenue": 562900000, "costOfRevenue": 480600000, "grossProfit": 82300000, "researchDevelopment": {}, "sellingGeneralAdministrative": 75200000, "nonRecurring": {}, "otherOperatingExpenses": 49300000, "totalOperatingExpenses": 629000000, "operatingIncome": -66100000, "totalOtherIncomeExpenseNet": 7100000, "ebit": -66100000, "interestExpense": -15600000, "incomeBeforeTax": -59000000, "incomeTaxExpense": 200000, "minorityInterest": {}, "netIncomeFromContinuingOps": -59200000, "discontinuedOperations": {}, "extraordinaryItems": {}, "effectOfAccountingCharges": {}, "otherItems": {}, "netIncome": -59200000, "netIncomeApplicableToCommonShares": -59200000}, {"maxAge": 1, "endDate": "2020-03-31", "totalRevenue": 1701800000, "costOfRevenue": 1555700000, "grossProfit": 146100000, "researchDevelopment": {}, "sellingGeneralAdministrative": 110500000, "nonRecurring": {}, "otherOperatingExpenses": -6000000, "totalOperatingExpenses": 1713100000, "operatingIncome": -11300000, "totalOtherIncomeExpenseNet": 27200000, "ebit": -11300000, "interestExpense": -19400000, "incomeBeforeTax": 15900000, "incomeTaxExpense": 17100000, "minorityInterest": {}, "netIncomeFromContinuingOps": -1200000, "discontinuedOperations": {}, "extraordinaryItems": {}, "effectOfAccountingCharges": {}, "otherItems": {}, "netIncome": -1200000, "netIncomeApplicableToCommonShares": -1200000}, {"maxAge": 1, "endDate": "2019-12-31", "totalRevenue": 1928500000, "costOfRevenue": 1718500000, "grossProfit": 210000000, "researchDevelopment": {}, "sellingGeneralAdministrative": 86500000, "nonRecurring": {}, "otherOperatingExpenses": 88900000, "totalOperatingExpenses": 1910500000, "operatingIncome": 18000000, "totalOtherIncomeExpenseNet": -14400000, "ebit": 18000000, "interestExpense": -17900000, "incomeBeforeTax": 3600000, "incomeTaxExpense": 5500000, "minorityInterest": {}, "netIncomeFromContinuingOps": -1900000, "discontinuedOperations": {}, "extraordinaryItems": {}, "effectOfAccountingCharges": {}, "otherItems": {}, "netIncome": -1900000, "netIncomeApplicableToCommonShares": -1900000}, {"maxAge": 1, "endDate": "2019-09-30", "totalRevenue": 1672600000, "costOfRevenue": 1455800000, "grossProfit": 216800000, "researchDevelopment": {}, "sellingGeneralAdministrative": 80400000, "nonRecurring": {}, "otherOperatingExpenses": 87200000, "totalOperatingExpenses": 1640000000, "operatingIncome": 32600000, "totalOtherIncomeExpenseNet": 10400000, "ebit": 32600000, "interestExpense": -21000000, "incomeBeforeTax": 43000000, "incomeTaxExpense": 3600000, "minorityInterest": {}, "netIncomeFromContinuingOps": 39400000, "discontinuedOperations": {}, "extraordinaryItems": {}, "effectOfAccountingCharges": {}, "otherItems": {}, "netIncome": 39400000, "netIncomeApplicableToCommonShares": 39400000}], "maxAge": 86400}, "cashflowStatementHistoryQuarterly": {"cashflowStatements": [{"maxAge": 1, "endDate": "2020-06-30", "netIncome": -59200000, "changeToLiabilities": 0}, {"maxAge": 1, "endDate": "2020-03-31", "netIncome": -1200000, "changeToLiabilities": 0}, {"maxAge": 1, "endDate": "2019-12-31", "netIncome": -1900000, "changeToLiabilities": 0}, {"maxAge": 1, "endDate": "2019-09-30", "netIncome": 39400000, "changeToLiabilities": 0}], "maxAge": 86400}, "insiderHolders": {"holders": [{"maxAge": 1, "name": "SIDD Life Sciences Pvt Ltd", "relation": "Promoter", "url": "", "transactionDescription": "Sale", "latestTransDate": "2012-05-31", "positionDirect": 0, "positionDirectDate": "2012-05-31"}, {"maxAge": 1, "name": "SPIC Group Companies Employees Welfare Fund", "relation": "Promoter", "url": "", "transactionDescription": "Sale", "latestTransDate": "2014-06-13", "positionDirect": 16250, "positionDirectDate": "2014-06-13"}, {"maxAge": 1, "name": "SPIC Officers & Staff Welfare Foundation", "relation": "Promoter", "url": "", "transactionDescription": "Sale", "latestTransDate": "2017-02-16", "positionDirect": 0, "positionDirectDate": "2017-02-16"}, {"maxAge": 1, "name": "Sical Logistics Ltd", "relation": "Promoter", "url": "", "transactionDescription": "Sale", "latestTransDate": "2018-05-18", "positionDirect": 0, "positionDirectDate": "2018-05-18"}], "maxAge": 1}, "earnings": {"maxAge": 86400, "earningsChart": {"quarterly": [{"date": "2Q2017", "actual": 0.04, "estimate": 0.36}, {"date": "4Q2017", "actual": -0.74, "estimate": 0.66}], "currentQuarterEstimateDate": "1Q", "currentQuarterEstimateYear": 2018, "earningsDate": ["2020-11-09 05:30:S", "2020-11-15 05:30:S"]}, "financialsChart": {"yearly": [{"date": 2017, "revenue": 7108700000, "earnings": 74600000}, {"date": 2018, "revenue": 7379500000, "earnings": 11500000}, {"date": 2019, "revenue": 8203400000, "earnings": 1300000}, {"date": 2020, "revenue": 6988600000, "earnings": 3600000}], "quarterly": [{"date": "3Q2019", "revenue": 1672600000, "earnings": 39400000}, {"date": "4Q2019", "revenue": 1928500000, "earnings": -1900000}, {"date": "1Q2020", "revenue": 1701800000, "earnings": -1200000}, {"date": "2Q2020", "revenue": 562900000, "earnings": -59200000}]}, "financialCurrency": "INR"}, "calendarEvents": {"maxAge": 1, "earnings": {"earningsDate": ["2020-11-09 05:30:S", "2020-11-15 05:30:S"], "revenueAverage": 1966900000}}, "upgradeDowngradeHistory": {"history": [], "maxAge": 86400}, "price": {"maxAge": 1, "regularMarketChangePercent": -0.03333341, "regularMarketChange": -0.7400017, "regularMarketTime": "2021-04-30 15:29:31", "priceHint": 2, "regularMarketPrice": 21.46, "regularMarketDayHigh": 22.9, "regularMarketDayLow": 21.01, "regularMarketVolume": 50105, "averageDailyVolume10Day": 3598, "averageDailyVolume3Month": 8767, "regularMarketPreviousClose": 22.2, "regularMarketSource": "FREE_REALTIME", "regularMarketOpen": 21.5, "exchange": "BSE", "exchangeName": "BSE", "exchangeDataDelayedBy": 0, "marketState": "CLOSED", "quoteType": "EQUITY", "symbol": "SICAGEN.BO", "underlyingSymbol": null, "shortName": "SICAGEN INDIA LTD.", "longName": "Sicagen India Limited", "currency": "INR", "quoteSourceName": "Delayed Quote", "currencySymbol": "\u20b9", "fromCurrency": null, "lastMarket": null, "marketCap": 871475520}, "balanceSheetHistory": {"balanceSheetStatements": [{"maxAge": 1, "endDate": "2020-03-31", "cash": 54400000, "shortTermInvestments": 32600000, "netReceivables": 2085100000, "inventory": 1325900000, "otherCurrentAssets": 444700000, "totalCurrentAssets": 3957100000, "longTermInvestments": 199900000, "propertyPlantEquipment": 1642800000, "intangibleAssets": 9800000, "otherAssets": 240400000, "totalAssets": 6050000000, "accountsPayable": 1018700000, "shortLongTermDebt": 400300000, "otherCurrentLiab": 59200000, "longTermDebt": 69700000, "otherLiab": 190500000, "totalCurrentLiabilities": 1898700000, "totalLiab": 2297800000, "commonStock": 395700000, "retainedEarnings": -425000000, "treasuryStock": 837200000, "capitalSurplus": 2944300000, "otherStockholderEquity": 837200000, "totalStockholderEquity": 3752200000, "netTangibleAssets": 3742400000}, {"maxAge": 1, "endDate": "2019-03-31", "cash": 156000000, "shortTermInvestments": 560300000, "netReceivables": 2692100000, "inventory": 1156400000, "otherCurrentAssets": 257200000, "totalCurrentAssets": 4834900000, "longTermInvestments": 261400000, "propertyPlantEquipment": 1472300000, "intangibleAssets": 11600000, "otherAssets": 268100000, "totalAssets": 6848300000, "accountsPayable": 1502900000, "shortLongTermDebt": 434600000, "otherCurrentLiab": 76400000, "longTermDebt": 93500000, "otherLiab": 211000000, "totalCurrentLiabilities": 2719400000, "totalLiab": 3023900000, "commonStock": 395700000, "retainedEarnings": -416700000, "treasuryStock": 901100000, "capitalSurplus": 2944300000, "otherStockholderEquity": 901100000, "totalStockholderEquity": 3824400000, "netTangibleAssets": 3812800000}, {"maxAge": 1, "endDate": "2018-03-31", "cash": 126000000, "shortTermInvestments": 20000000, "netReceivables": 1875800000, "inventory": 1223100000, "otherCurrentAssets": 161000000, "totalCurrentAssets": 3418800000, "longTermInvestments": 341200000, "propertyPlantEquipment": 2017900000, "intangibleAssets": 10900000, "otherAssets": 247900000, "totalAssets": 6036700000, "accountsPayable": 756500000, "shortLongTermDebt": 324800000, "otherCurrentLiab": 121600000, "longTermDebt": 115700000, "otherLiab": 211900000, "totalCurrentLiabilities": 1778500000, "totalLiab": 2106100000, "commonStock": 395700000, "retainedEarnings": -329500000, "treasuryStock": 920100000, "capitalSurplus": 2944300000, "otherStockholderEquity": 920100000, "totalStockholderEquity": 3930600000, "netTangibleAssets": 3919700000}, {"maxAge": 1, "endDate": "2017-03-31", "cash": 173400000, "shortTermInvestments": 50000000, "netReceivables": 1479700000, "inventory": 1204000000, "otherCurrentAssets": 133900000, "totalCurrentAssets": 3056700000, "longTermInvestments": 535600000, "propertyPlantEquipment": 1831400000, "intangibleAssets": 124500000, "otherAssets": 235600000, "totalAssets": 5783800000, "accountsPayable": 555000000, "shortLongTermDebt": 102700000, "otherCurrentLiab": 154900000, "longTermDebt": 128100000, "otherLiab": 208900000, "minorityInterest": 83600000, "totalCurrentLiabilities": 1518400000, "totalLiab": 1855400000, "commonStock": 395700000, "retainedEarnings": -322500000, "treasuryStock": 827300000, "capitalSurplus": 2944300000, "otherStockholderEquity": 827300000, "totalStockholderEquity": 3844800000, "netTangibleAssets": 3720300000}], "maxAge": 86400}, "earningsTrend": {"trend": [{"maxAge": 1, "period": "0q", "endDate": "2018-03-31", "growth": {}, "earningsEstimate": {"avg": 0.0, "low": 0.0, "high": 0.0, "yearAgoEps": {}, "numberOfAnalysts": 0, "growth": {}}, "revenueEstimate": {"avg": 1966900000, "low": 0, "high": 0, "numberOfAnalysts": 0, "yearAgoRevenue": {}, "growth": {}}, "epsTrend": {"current": 0.0, "7daysAgo": 0.0, "30daysAgo": 0.0, "60daysAgo": 0.0, "90daysAgo": 0.0}, "epsRevisions": {"upLast7days": 0, "upLast30days": 0, "downLast30days": 0, "downLast90days": {}}}, {"maxAge": 1, "period": "+1q", "endDate": "2018-06-30", "growth": {}, "earningsEstimate": {"avg": 0.0, "low": 0.0, "high": 0.0, "yearAgoEps": {}, "numberOfAnalysts": 0, "growth": {}}, "revenueEstimate": {"avg": 1842800000, "low": 0, "high": 0, "numberOfAnalysts": 0, "yearAgoRevenue": 2105900000, "growth": -0.125}, "epsTrend": {"current": 0.0, "7daysAgo": 0.0, "30daysAgo": 0.0, "60daysAgo": 0.0, "90daysAgo": 0.0}, "epsRevisions": {"upLast7days": 0, "upLast30days": 0, "downLast30days": 0, "downLast90days": {}}}, {"maxAge": 1, "period": "0y", "endDate": "2018-03-31", "growth": {}, "earningsEstimate": {"avg": 0.0, "low": 0.0, "high": 0.0, "yearAgoEps": {}, "numberOfAnalysts": 0, "growth": {}}, "revenueEstimate": {"avg": 7398800000, "low": 7847890000, "high": 7847890000, "numberOfAnalysts": 1, "yearAgoRevenue": {}, "growth": {}}, "epsTrend": {"current": 0.0, "7daysAgo": 2.09, "30daysAgo": 2.09, "60daysAgo": 2.09, "90daysAgo": 2.09}, "epsRevisions": {"upLast7days": 0, "upLast30days": 0, "downLast30days": 0, "downLast90days": {}}}, {"maxAge": 1, "period": "+1y", "endDate": "2019-03-31", "growth": {}, "earningsEstimate": {"avg": 0.0, "low": 0.0, "high": 0.0, "yearAgoEps": {}, "numberOfAnalysts": 0, "growth": {}}, "revenueEstimate": {"avg": 8946600000, "low": 8946600000, "high": 8946600000, "numberOfAnalysts": 1, "yearAgoRevenue": 7398800000, "growth": 0.20899999}, "epsTrend": {"current": 0.0, "7daysAgo": 2.61, "30daysAgo": 2.61, "60daysAgo": 2.61, "90daysAgo": 2.61}, "epsRevisions": {"upLast7days": 0, "upLast30days": 0, "downLast30days": 0, "downLast90days": {}}}, {"maxAge": 1, "period": "+5y", "endDate": null, "growth": {}, "earningsEstimate": {"avg": {}, "low": {}, "high": {}, "yearAgoEps": {}, "numberOfAnalysts": {}, "growth": {}}, "revenueEstimate": {"avg": {}, "low": {}, "high": {}, "numberOfAnalysts": {}, "yearAgoRevenue": {}, "growth": {}}, "epsTrend": {"current": {}, "7daysAgo": {}, "30daysAgo": {}, "60daysAgo": {}, "90daysAgo": {}}, "epsRevisions": {"upLast7days": {}, "upLast30days": {}, "downLast30days": {}, "downLast90days": {}}}, {"maxAge": 1, "period": "-5y", "endDate": null, "growth": {}, "earningsEstimate": {"avg": {}, "low": {}, "high": {}, "yearAgoEps": {}, "numberOfAnalysts": {}, "growth": {}}, "revenueEstimate": {"avg": {}, "low": {}, "high": {}, "numberOfAnalysts": {}, "yearAgoRevenue": {}, "growth": {}}, "epsTrend": {"current": {}, "7daysAgo": {}, "30daysAgo": {}, "60daysAgo": {}, "90daysAgo": {}}, "epsRevisions": {"upLast7days": {}, "upLast30days": {}, "downLast30days": {}, "downLast90days": {}}}], "maxAge": 1}, "financialData": {"maxAge": 86400, "currentPrice": 21.46, "recommendationKey": "none", "grossProfits": 759600000, "financialCurrency": "INR"}}}