{"SICAL.BO": {"recommendationTrend": {"trend": [{"period": "0m", "strongBuy": 0, "buy": 0, "hold": 0, "sell": 0, "strongSell": 0}, {"period": "-1m", "strongBuy": 0, "buy": 0, "hold": 0, "sell": 0, "strongSell": 0}, {"period": "-2m", "strongBuy": 0, "buy": 0, "hold": 0, "sell": 0, "strongSell": 0}, {"period": "-3m", "strongBuy": 0, "buy": 0, "hold": 0, "sell": 0, "strongSell": 0}], "maxAge": 86400}, "cashflowStatementHistory": {"cashflowStatements": [{"maxAge": 1, "endDate": "2020-03-31", "netIncome": -1070400000, "depreciation": 844500000, "changeToNetincome": 83100000, "changeToAccountReceivables": 1563300000, "changeToLiabilities": 727400000, "changeToInventory": -17200000, "changeToOperatingActivities": 792800000, "totalCashFromOperatingActivities": 2923500000, "capitalExpenditures": -2830800000, "otherCashflowsFromInvestingActivities": 305700000, "totalCashflowsFromInvestingActivities": -2422900000, "netBorrowings": 46000000, "otherCashflowsFromFinancingActivities": -520400000, "totalCashFromFinancingActivities": -474400000, "changeInCash": 26200000}, {"maxAge": 1, "endDate": "2019-03-31", "netIncome": 206500000, "depreciation": 714200000, "changeToNetincome": 444500000, "changeToAccountReceivables": -828300000, "changeToLiabilities": 135000000, "changeToInventory": -9200000, "changeToOperatingActivities": -126400000, "totalCashFromOperatingActivities": 541600000, "capitalExpenditures": -2072900000, "investments": 1800000, "otherCashflowsFromInvestingActivities": -98000000, "totalCashflowsFromInvestingActivities": -2173200000, "netBorrowings": 1748100000, "otherCashflowsFromFinancingActivities": -640200000, "totalCashFromFinancingActivities": 1677000000, "changeInCash": 45400000, "issuanceOfStock": 569100000}, {"maxAge": 1, "endDate": "2018-03-31", "netIncome": 300900000, "depreciation": 622800000, "changeToNetincome": 735100000, "changeToAccountReceivables": -279100000, "changeToLiabilities": 163500000, "changeToInventory": 200000, "changeToOperatingActivities": -349500000, "totalCashFromOperatingActivities": 1198700000, "capitalExpenditures": -1827200000, "investments": -121800000, "otherCashflowsFromInvestingActivities": -86800000, "totalCashflowsFromInvestingActivities": -1844800000, "netBorrowings": 935100000, "otherCashflowsFromFinancingActivities": -617400000, "totalCashFromFinancingActivities": 317700000, "changeInCash": -328400000, "issuanceOfStock": 569100000}, {"maxAge": 1, "endDate": "2017-03-31", "netIncome": 383500000, "depreciation": 426600000, "changeToNetincome": 823900000, "changeToAccountReceivables": -766200000, "changeToLiabilities": 161200000, "changeToInventory": -4000000, "changeToOperatingActivities": -477800000, "totalCashFromOperatingActivities": 548500000, "capitalExpenditures": -2722200000, "investments": 254900000, "otherCashflowsFromInvestingActivities": 307300000, "totalCashflowsFromInvestingActivities": -2414900000, "netBorrowings": 2566100000, "otherCashflowsFromFinancingActivities": -586500000, "totalCashFromFinancingActivities": 1979600000, "changeInCash": 113200000, "issuanceOfStock": 569100000}], "maxAge": 86400}, "institutionOwnership": {"ownershipList": [], "maxAge": 1}, "balanceSheetHistoryQuarterly": {"balanceSheetStatements": [{"maxAge": 1, "endDate": "2020-06-30", "totalStockholderEquity": 4916000000, "netTangibleAssets": 4720700000}, {"maxAge": 1, "endDate": "2020-03-31", "cash": 502600000, "shortTermInvestments": 138000000, "netReceivables": 2405300000, "inventory": 162700000, "otherCurrentAssets": 1743000000, "totalCurrentAssets": 4951600000, "longTermInvestments": 58600000, "propertyPlantEquipment": 22049100000, "goodWill": 70600000, "intangibleAssets": 124700000, "otherAssets": 413800000, "deferredLongTermAssetCharges": 93200000, "totalAssets": 27668400000, "accountsPayable": 1942100000, "shortLongTermDebt": 5923200000, "otherCurrentLiab": 4476100000, "longTermDebt": 4513000000, "otherLiab": 1198000000, "minorityInterest": 1762800000, "totalCurrentLiabilities": 15278600000, "totalLiab": 20989600000, "commonStock": 585400000, "treasuryStock": 4330600000, "otherStockholderEquity": 4330600000, "totalStockholderEquity": 4916000000, "netTangibleAssets": 4720700000}, {"maxAge": 1, "endDate": "2019-12-31", "totalStockholderEquity": 5638900000, "netTangibleAssets": 5433300000}, {"maxAge": 1, "endDate": "2019-09-30", "cash": 828200000, "shortTermInvestments": 192400000, "netReceivables": 3440000000, "inventory": 157100000, "otherCurrentAssets": 2036000000, "totalCurrentAssets": 6653700000, "longTermInvestments": 140800000, "propertyPlantEquipment": 20568100000, "goodWill": 70600000, "intangibleAssets": 135000000, "otherAssets": 545000000, "totalAssets": 28113200000, "accountsPayable": 1436900000, "shortLongTermDebt": 3291600000, "otherCurrentLiab": 4380800000, "longTermDebt": 7506600000, "otherLiab": 552700000, "minorityInterest": 1869600000, "totalCurrentLiabilities": 12545400000, "totalLiab": 20604700000, "commonStock": 585400000, "treasuryStock": 5053500000, "otherStockholderEquity": 5053500000, "totalStockholderEquity": 5638900000, "netTangibleAssets": 5433300000}], "maxAge": 86400}, "earningsHistory": {"history": [{"maxAge": 1, "epsActual": {}, "epsEstimate": {}, "epsDifference": {}, "surprisePercent": {}, "quarter": {}, "period": "-4q"}, {"maxAge": 1, "epsActual": {}, "epsEstimate": {}, "epsDifference": {}, "surprisePercent": {}, "quarter": {}, "period": "-3q"}, {"maxAge": 1, "epsActual": 2.54, "epsEstimate": 1.94, "epsDifference": 0.6, "surprisePercent": 0.309, "quarter": "2017-03-31", "period": "-2q"}, {"maxAge": 1, "epsActual": 2.01, "epsEstimate": 2.34, "epsDifference": -0.33, "surprisePercent": -0.141, "quarter": "2017-06-30", "period": "-1q"}], "maxAge": 86400}, "indexTrend": {"maxAge": 1, "symbol": "SP5", "peRatio": 19.7411, "pegRatio": 1.34172, "estimates": [{"period": "0q", "growth": 0.549}, {"period": "+1q", "growth": 0.431}, {"period": "0y", "growth": 0.305}, {"period": "+1y", "growth": 0.109}, {"period": "+5y", "growth": 0.120865}, {"period": "-5y"}]}, "industryTrend": {"maxAge": 1, "symbol": null, "estimates": []}, "insiderTransactions": {"transactions": [{"maxAge": 1, "shares": 1661008, "filerUrl": "", "transactionText": "", "filerName": "Yes Bank Ltd", "filerRelation": "Promoter", "moneyText": "", "startDate": "2020-06-22", "ownership": "D"}, {"maxAge": 1, "shares": 389, "filerUrl": "", "transactionText": "", "filerName": "Gagandeep Credit Capital Pvt. Ltd.", "filerRelation": "Institution- Corporation", "moneyText": "", "startDate": "2019-03-08", "ownership": "D"}, {"maxAge": 1, "shares": 389, "filerUrl": "", "transactionText": "", "filerName": "Gagandeep Credit Capital Pvt. Ltd.", "filerRelation": "Institution- Corporation", "moneyText": "", "startDate": "2019-03-08", "ownership": "D"}, {"maxAge": 1, "shares": 400000, "filerUrl": "", "transactionText": "", "filerName": "Siddhartha (V G)", "filerRelation": "UNREPORTED", "moneyText": "", "startDate": "2017-12-01", "ownership": "D"}, {"maxAge": 1, "shares": 170000, "filerUrl": "", "transactionText": "", "filerName": "Ranford Investments, Ltd.", "filerRelation": "Promoter", "moneyText": "", "startDate": "2017-04-13", "ownership": "D"}, {"maxAge": 1, "shares": 16250, "filerUrl": "", "transactionText": "", "filerName": "SPIC Officers & Staff Welfare Foundation", "filerRelation": "Promoter", "moneyText": "", "startDate": "2017-02-16", "ownership": "D"}, {"maxAge": 1, "shares": 910000, "filerUrl": "", "transactionText": "", "filerName": "Darnolly Investments, Ltd.", "filerRelation": "Promoter", "moneyText": "", "startDate": "2017-02-10", "ownership": "D"}, {"maxAge": 1, "shares": 201000, "filerUrl": "", "transactionText": "", "filerName": "Ranford Investments, Ltd.", "filerRelation": "Promoter", "moneyText": "", "startDate": "2017-02-09", "ownership": "D"}, {"maxAge": 1, "shares": 2000000, "filerUrl": "", "transactionText": "", "filerName": "Darnolly Investments, Ltd.", "filerRelation": "Institution- Corporation", "moneyText": "", "startDate": "2016-11-14", "ownership": "D"}, {"maxAge": 1, "shares": 2152158, "filerUrl": "", "transactionText": "", "filerName": "Ranford Investments, Ltd.", "filerRelation": "Promoter", "moneyText": "", "startDate": "2016-09-01", "ownership": "D"}, {"maxAge": 1, "shares": 1800000, "filerUrl": "", "transactionText": "", "filerName": "Ranford Investments, Ltd.", "filerRelation": "Promoter", "moneyText": "", "startDate": "2016-05-23", "ownership": "D"}, {"maxAge": 1, "shares": 2700000, "filerUrl": "", "transactionText": "", "filerName": "Ranford Investments, Ltd.", "filerRelation": "Promoter", "moneyText": "", "startDate": "2014-11-10", "ownership": "D"}, {"maxAge": 1, "shares": 192185, "filerUrl": "", "transactionText": "", "filerName": "SPIC Officers & Staff Welfare Foundation", "filerRelation": "Promoter", "moneyText": "", "startDate": "2014-06-13", "ownership": "D"}, {"maxAge": 1, "shares": 272788, "filerUrl": "", "transactionText": "", "filerName": "SPIC Group Companies Employees Welfare Fund", "filerRelation": "Promoter", "moneyText": "", "startDate": "2014-06-13", "ownership": "D"}, {"maxAge": 1, "shares": 167518, "filerUrl": "", "transactionText": "", "filerName": "Tanglin Retail Reality Developments Pvt Ltd", "filerRelation": "Promoter", "moneyText": "", "startDate": "2012-09-26", "ownership": "D"}, {"maxAge": 1, "shares": 385000, "filerUrl": "", "transactionText": "", "filerName": "Tanglin Retail Reality Developments Pvt Ltd", "filerRelation": "Promoter", "moneyText": "", "startDate": "2011-11-11", "ownership": "D"}, {"maxAge": 1, "shares": 50000, "filerUrl": "", "transactionText": "", "filerName": "Tanglin Retail Reality Developments Pvt Ltd", "filerRelation": "Promoter", "moneyText": "", "startDate": "2011-11-11", "ownership": "D"}, {"maxAge": 1, "shares": 140000, "filerUrl": "", "transactionText": "", "filerName": "Tanglin Retail Reality Developments Pvt Ltd", "filerRelation": "Promoter", "moneyText": "", "startDate": "2011-11-02", "ownership": "D"}, {"maxAge": 1, "shares": 100000, "filerUrl": "", "transactionText": "", "filerName": "Tanglin Retail Reality Developments Pvt Ltd", "filerRelation": "Promoter", "moneyText": "", "startDate": "2011-10-28", "ownership": "D"}, {"maxAge": 1, "shares": 125000, "filerUrl": "", "transactionText": "", "filerName": "Tanglin Retail Reality Developments Pvt Ltd", "filerRelation": "Promoter", "moneyText": "", "startDate": "2011-10-25", "ownership": "D"}, {"maxAge": 1, "shares": 2908944, "filerUrl": "", "transactionText": "", "filerName": "Royal Bank of Scotland PLC As Trustee of The Jupiter India F", "filerRelation": "Investment Advisor", "moneyText": "", "startDate": "2011-09-14", "ownership": "D"}, {"maxAge": 1, "shares": 3952168, "filerUrl": "", "transactionText": "", "filerName": "Darnolly Investments, Ltd.", "filerRelation": "Institution- Corporation", "moneyText": "", "startDate": "2010-11-12", "ownership": "D"}, {"maxAge": 1, "shares": 8765, "filerUrl": "", "transactionText": "", "filerName": "Menon (Karthik)", "filerRelation": "Vice Chairman", "moneyText": "", "startDate": "2009-12-31", "ownership": "D"}], "maxAge": 1}, "quoteType": {"exchange": "BSE", "quoteType": "EQUITY", "symbol": "SICAL.BO", "underlyingSymbol": "SICAL.BO", "shortName": "SICAL LOGISTICS LTD.", "longName": "Sical Logistics Limited", "firstTradeDateEpochUtc": "2000-03-30 09:15:00", "timeZoneFullName": "Asia/Kolkata", "timeZoneShortName": "IST", "uuid": "0f879a5d-ea7d-3156-8e1b-e58d6890bb3b", "gmtOffSetMilliseconds": 19800000, "maxAge": 1}, "incomeStatementHistory": {"incomeStatementHistory": [{"maxAge": 1, "endDate": "2020-03-31", "totalRevenue": 10059300000, "costOfRevenue": 9621000000, "grossProfit": 438300000, "researchDevelopment": {}, "sellingGeneralAdministrative": {}, "nonRecurring": {}, "otherOperatingExpenses": 663000000, "totalOperatingExpenses": 11128500000, "operatingIncome": -1069200000, "totalOtherIncomeExpenseNet": -384300000, "ebit": -1069200000, "interestExpense": -550100000, "incomeBeforeTax": -1453500000, "incomeTaxExpense": -235100000, "minorityInterest": 1762800000, "netIncomeFromContinuingOps": -1218400000, "discontinuedOperations": {}, "extraordinaryItems": {}, "effectOfAccountingCharges": {}, "otherItems": {}, "netIncome": -1070400000, "netIncomeApplicableToCommonShares": -1070400000}, {"maxAge": 1, "endDate": "2019-03-31", "totalRevenue": 15249400000, "costOfRevenue": 12906800000, "grossProfit": 2342600000, "researchDevelopment": {}, "sellingGeneralAdministrative": 35300000, "nonRecurring": {}, "otherOperatingExpenses": 568900000, "totalOperatingExpenses": 14242800000, "operatingIncome": 1006600000, "totalOtherIncomeExpenseNet": -638800000, "ebit": 1006600000, "interestExpense": -443800000, "incomeBeforeTax": 367800000, "incomeTaxExpense": 185200000, "minorityInterest": 1926000000, "netIncomeFromContinuingOps": 182600000, "discontinuedOperations": {}, "extraordinaryItems": {}, "effectOfAccountingCharges": {}, "otherItems": {}, "netIncome": 206500000, "netIncomeApplicableToCommonShares": 206500000}, {"maxAge": 1, "endDate": "2018-03-31", "totalRevenue": 11942400000, "costOfRevenue": 9709900000, "grossProfit": 2232500000, "researchDevelopment": {}, "sellingGeneralAdministrative": 32300000, "nonRecurring": {}, "otherOperatingExpenses": 470800000, "totalOperatingExpenses": 10840600000, "operatingIncome": 1101800000, "totalOtherIncomeExpenseNet": -534200000, "ebit": 1101800000, "interestExpense": -511400000, "incomeBeforeTax": 567600000, "incomeTaxExpense": 226600000, "minorityInterest": 1966200000, "netIncomeFromContinuingOps": 341000000, "discontinuedOperations": {}, "extraordinaryItems": {}, "effectOfAccountingCharges": {}, "otherItems": {}, "netIncome": 300900000, "netIncomeApplicableToCommonShares": 300900000}, {"maxAge": 1, "endDate": "2017-03-31", "totalRevenue": 9219500000, "costOfRevenue": 7303000000, "grossProfit": 1916500000, "researchDevelopment": {}, "sellingGeneralAdministrative": 20200000, "nonRecurring": {}, "otherOperatingExpenses": 402300000, "totalOperatingExpenses": 8153400000, "operatingIncome": 1066100000, "totalOtherIncomeExpenseNet": -426700000, "ebit": 1066100000, "interestExpense": -555300000, "incomeBeforeTax": 639400000, "incomeTaxExpense": 246300000, "minorityInterest": 1879300000, "netIncomeFromContinuingOps": 393100000, "discontinuedOperations": {}, "extraordinaryItems": {}, "effectOfAccountingCharges": {}, "otherItems": {}, "netIncome": 383500000, "netIncomeApplicableToCommonShares": 383500000}], "maxAge": 86400}, "fundOwnership": {"ownershipList": [], "maxAge": 1}, "summaryDetail": {"maxAge": 1, "priceHint": 2, "previousClose": 11.92, "open": 12.1, "dayLow": 11.55, "dayHigh": 12.25, "regularMarketPreviousClose": 11.92, "regularMarketOpen": 12.1, "regularMarketDayLow": 11.55, "regularMarketDayHigh": 12.25, "forwardPE": 1.6633941, "volume": 66027, "regularMarketVolume": 66027, "averageVolume": 114036, "averageVolume10days": 22818, "averageDailyVolume10Day": 22818, "bid": 11.64, "ask": 11.9, "bidSize": 0, "askSize": 0, "marketCap": 694050752, "fiftyTwoWeekLow": 4.95, "fiftyTwoWeekHigh": 21.98, "fiftyDayAverage": 17.48394, "twoHundredDayAverage": 12.096471, "currency": "INR", "fromCurrency": null, "lastMarket": null, "algorithm": null, "tradeable": false}, "sectorTrend": {"maxAge": 1, "symbol": null, "estimates": []}, "incomeStatementHistoryQuarterly": {"incomeStatementHistory": [{"maxAge": 1, "endDate": "2020-06-30", "totalRevenue": 1369800000, "costOfRevenue": 1160500000, "grossProfit": 209300000, "researchDevelopment": {}, "sellingGeneralAdministrative": {}, "nonRecurring": {}, "otherOperatingExpenses": 126700000, "totalOperatingExpenses": 1496400000, "operatingIncome": -126600000, "totalOtherIncomeExpenseNet": -141600000, "ebit": -126600000, "interestExpense": -118200000, "incomeBeforeTax": -268200000, "incomeTaxExpense": 0, "minorityInterest": {}, "netIncomeFromContinuingOps": -268200000, "discontinuedOperations": {}, "extraordinaryItems": {}, "effectOfAccountingCharges": {}, "otherItems": {}, "netIncome": -259000000, "netIncomeApplicableToCommonShares": -259000000}, {"maxAge": 1, "endDate": "2020-03-31", "totalRevenue": 1585200000, "costOfRevenue": 1549500000, "grossProfit": 35700000, "researchDevelopment": {}, "sellingGeneralAdministrative": {}, "nonRecurring": {}, "otherOperatingExpenses": 203800000, "totalOperatingExpenses": 1956600000, "operatingIncome": -371400000, "totalOtherIncomeExpenseNet": -5100000, "ebit": -371400000, "interestExpense": -123400000, "incomeBeforeTax": -376500000, "incomeTaxExpense": -227100000, "minorityInterest": 1762800000, "netIncomeFromContinuingOps": -149400000, "discontinuedOperations": {}, "extraordinaryItems": {}, "effectOfAccountingCharges": {}, "otherItems": {}, "netIncome": -82400000, "netIncomeApplicableToCommonShares": -82400000}, {"maxAge": 1, "endDate": "2019-12-31", "totalRevenue": 1875800000, "costOfRevenue": 2068100000, "grossProfit": -192300000, "researchDevelopment": {}, "sellingGeneralAdministrative": {}, "nonRecurring": {}, "otherOperatingExpenses": 126700000, "totalOperatingExpenses": 2411300000, "operatingIncome": -535500000, "totalOtherIncomeExpenseNet": -106500000, "ebit": -535500000, "interestExpense": -129100000, "incomeBeforeTax": -642000000, "incomeTaxExpense": -200000, "minorityInterest": 1762800000, "netIncomeFromContinuingOps": -641800000, "discontinuedOperations": {}, "extraordinaryItems": {}, "effectOfAccountingCharges": {}, "otherItems": {}, "netIncome": -602600000, "netIncomeApplicableToCommonShares": -602600000}, {"maxAge": 1, "endDate": "2019-09-30", "totalRevenue": 2977600000, "costOfRevenue": 2899400000, "grossProfit": 78200000, "researchDevelopment": {}, "sellingGeneralAdministrative": {}, "nonRecurring": {}, "otherOperatingExpenses": 194000000, "totalOperatingExpenses": 3309000000, "operatingIncome": -331400000, "totalOtherIncomeExpenseNet": -126600000, "ebit": -331400000, "interestExpense": -134800000, "incomeBeforeTax": -458000000, "incomeTaxExpense": -18700000, "minorityInterest": 1869600000, "netIncomeFromContinuingOps": -439300000, "discontinuedOperations": {}, "extraordinaryItems": {}, "effectOfAccountingCharges": {}, "otherItems": {}, "netIncome": -411500000, "netIncomeApplicableToCommonShares": -411500000}], "maxAge": 86400}, "cashflowStatementHistoryQuarterly": {"cashflowStatements": [{"maxAge": 1, "endDate": "2020-06-30", "netIncome": -259000000, "changeToLiabilities": 0}, {"maxAge": 1, "endDate": "2020-03-31", "netIncome": -82400000, "changeToLiabilities": 0}, {"maxAge": 1, "endDate": "2019-12-31", "netIncome": -602600000, "changeToLiabilities": 0}, {"maxAge": 1, "endDate": "2019-09-30", "netIncome": -411500000, "changeToLiabilities": 0}], "maxAge": 86400}, "insiderHolders": {"holders": [{"maxAge": 1, "name": "Darnolly Investments, Ltd.", "relation": "Promoter", "url": "", "transactionDescription": "Sale", "latestTransDate": "2017-02-10", "positionDirect": 413934, "positionDirectDate": "2017-02-10"}, {"maxAge": 1, "name": "Gagandeep Credit Capital Pvt. Ltd.", "relation": "Institution- Corporation", "url": "", "transactionDescription": "Sale", "latestTransDate": "2019-03-08", "positionDirect": 2055819, "positionDirectDate": "2019-03-08"}, {"maxAge": 1, "name": "Menon (Karthik)", "relation": "Vice Chairman", "url": "", "transactionDescription": "Sale", "latestTransDate": "2009-12-31", "positionDirect": 224000, "positionDirectDate": "2009-12-31"}, {"maxAge": 1, "name": "Ranford Investments, Ltd.", "relation": "Promoter", "url": "", "transactionDescription": "Sale", "latestTransDate": "2017-04-13", "positionDirect": 202491, "positionDirectDate": "2017-04-13"}, {"maxAge": 1, "name": "Royal Bank of Scotland PLC As Trustee of The Jupiter India F", "relation": "Investment Advisor", "url": "", "transactionDescription": "Sale", "latestTransDate": "2011-09-14", "positionDirect": 369774, "positionDirectDate": "2011-09-14"}, {"maxAge": 1, "name": "SPIC Group Companies Employees Welfare Fund", "relation": "Promoter", "url": "", "transactionDescription": "Sale", "latestTransDate": "2014-06-13", "positionDirect": 16250, "positionDirectDate": "2014-06-13"}, {"maxAge": 1, "name": "SPIC Officers & Staff Welfare Foundation", "relation": "Promoter", "url": "", "transactionDescription": "Sale", "latestTransDate": "2017-02-16", "positionDirect": 0, "positionDirectDate": "2017-02-16"}, {"maxAge": 1, "name": "Siddhartha (V G)", "relation": "UNREPORTED", "url": "", "transactionDescription": "Acquisition", "latestTransDate": "2017-12-01", "positionDirect": 400000, "positionDirectDate": "2017-12-01"}, {"maxAge": 1, "name": "Tanglin Retail Reality Developments Pvt Ltd", "relation": "Promoter", "url": "", "transactionDescription": "Sale", "latestTransDate": "2012-09-26", "positionDirect": 29372268, "positionDirectDate": "2012-09-26"}, {"maxAge": 1, "name": "Yes Bank Ltd", "relation": "Promoter", "url": "", "transactionDescription": "Sale", "latestTransDate": "2020-06-22", "positionDirect": 1552082, "positionDirectDate": "2020-06-22"}], "maxAge": 1}, "earnings": {"maxAge": 86400, "earningsChart": {"quarterly": [{"date": "1Q2017", "actual": 2.54, "estimate": 1.94}, {"date": "2Q2017", "actual": 2.01, "estimate": 2.34}], "currentQuarterEstimateDate": "3Q", "currentQuarterEstimateYear": 2017, "earningsDate": ["2020-02-14 05:30:S"]}, "financialsChart": {"yearly": [{"date": 2017, "revenue": 9219500000, "earnings": 383500000}, {"date": 2018, "revenue": 11942400000, "earnings": 300900000}, {"date": 2019, "revenue": 15249400000, "earnings": 206500000}, {"date": 2020, "revenue": 10059300000, "earnings": -1070400000}], "quarterly": [{"date": "3Q2019", "revenue": 2977600000, "earnings": -411500000}, {"date": "4Q2019", "revenue": 1875800000, "earnings": -602600000}, {"date": "1Q2020", "revenue": 1585200000, "earnings": -82400000}, {"date": "2Q2020", "revenue": 1369800000, "earnings": -259000000}]}, "financialCurrency": "INR"}, "calendarEvents": {"maxAge": 1, "earnings": {"earningsDate": ["2020-02-14 05:30:S"], "revenueAverage": 2520000000}}, "upgradeDowngradeHistory": {"history": [], "maxAge": 86400}, "price": {"maxAge": 1, "regularMarketChangePercent": -0.0050335918, "regularMarketChange": -0.06000042, "regularMarketTime": "2021-04-30 15:29:00", "priceHint": 2, "regularMarketPrice": 11.86, "regularMarketDayHigh": 12.25, "regularMarketDayLow": 11.55, "regularMarketVolume": 66027, "averageDailyVolume10Day": 22818, "averageDailyVolume3Month": 114036, "regularMarketPreviousClose": 11.92, "regularMarketSource": "FREE_REALTIME", "regularMarketOpen": 12.1, "exchange": "BSE", "exchangeName": "BSE", "exchangeDataDelayedBy": 0, "marketState": "CLOSED", "quoteType": "EQUITY", "symbol": "SICAL.BO", "underlyingSymbol": null, "shortName": "SICAL LOGISTICS LTD.", "longName": "Sical Logistics Limited", "currency": "INR", "quoteSourceName": "Delayed Quote", "currencySymbol": "\u20b9", "fromCurrency": null, "lastMarket": null, "marketCap": 694050752}, "balanceSheetHistory": {"balanceSheetStatements": [{"maxAge": 1, "endDate": "2020-03-31", "cash": 502600000, "shortTermInvestments": 138000000, "netReceivables": 2405300000, "inventory": 162700000, "otherCurrentAssets": 1743000000, "totalCurrentAssets": 4951600000, "longTermInvestments": 58600000, "propertyPlantEquipment": 22049100000, "goodWill": 70600000, "intangibleAssets": 124700000, "otherAssets": 413800000, "deferredLongTermAssetCharges": 93200000, "totalAssets": 27668400000, "accountsPayable": 1942100000, "shortLongTermDebt": 5923200000, "otherCurrentLiab": 4476100000, "longTermDebt": 4513000000, "otherLiab": 1198000000, "minorityInterest": 1762800000, "totalCurrentLiabilities": 15278600000, "totalLiab": 20989600000, "commonStock": 585400000, "treasuryStock": 4330600000, "otherStockholderEquity": 4330600000, "totalStockholderEquity": 4916000000, "netTangibleAssets": 4720700000}, {"maxAge": 1, "endDate": "2019-03-31", "cash": 605600000, "shortTermInvestments": 184000000, "netReceivables": 4060600000, "inventory": 750900000, "otherCurrentAssets": 937400000, "totalCurrentAssets": 7384500000, "longTermInvestments": 182700000, "propertyPlantEquipment": 19137000000, "goodWill": 70600000, "intangibleAssets": 144000000, "otherAssets": 562600000, "totalAssets": 27481400000, "accountsPayable": 1214700000, "shortLongTermDebt": 3166800000, "otherCurrentLiab": 2465800000, "longTermDebt": 8081800000, "otherLiab": 259200000, "minorityInterest": 1926000000, "totalCurrentLiabilities": 11189600000, "totalLiab": 19530600000, "commonStock": 585200000, "retainedEarnings": 3066500000, "treasuryStock": 532800000, "capitalSurplus": 1840300000, "otherStockholderEquity": 532800000, "totalStockholderEquity": 6024800000, "netTangibleAssets": 5810200000}, {"maxAge": 1, "endDate": "2018-03-31", "cash": 78300000, "netReceivables": 3210400000, "inventory": 561200000, "otherCurrentAssets": 355700000, "totalCurrentAssets": 5121300000, "longTermInvestments": 241500000, "propertyPlantEquipment": 17773100000, "goodWill": 70600000, "intangibleAssets": 157900000, "otherAssets": 1146300000, "totalAssets": 24510700000, "accountsPayable": 1079700000, "shortLongTermDebt": 2914500000, "otherCurrentLiab": 2183400000, "longTermDebt": 7693900000, "otherLiab": 173200000, "minorityInterest": 1966200000, "totalCurrentLiabilities": 9428200000, "totalLiab": 17295300000, "commonStock": 556000000, "retainedEarnings": 2910000000, "treasuryStock": 482800000, "capitalSurplus": 1300400000, "otherStockholderEquity": 482800000, "totalStockholderEquity": 5249200000, "netTangibleAssets": 5020700000}, {"maxAge": 1, "endDate": "2017-03-31", "cash": 406700000, "netReceivables": 2989800000, "inventory": 457500000, "otherCurrentAssets": 523700000, "totalCurrentAssets": 5219500000, "longTermInvestments": 170300000, "propertyPlantEquipment": 16487300000, "intangibleAssets": 171800000, "otherAssets": 880500000, "totalAssets": 22929400000, "accountsPayable": 916200000, "shortLongTermDebt": 2061900000, "otherCurrentLiab": 149600000, "longTermDebt": 8528900000, "otherLiab": 101800000, "minorityInterest": 1879300000, "totalCurrentLiabilities": 7478800000, "totalLiab": 16109500000, "commonStock": 556000000, "retainedEarnings": 2701400000, "treasuryStock": 382800000, "capitalSurplus": 1300400000, "otherStockholderEquity": 382800000, "totalStockholderEquity": 4940600000, "netTangibleAssets": 4768800000}], "maxAge": 86400}, "earningsTrend": {"trend": [{"maxAge": 1, "period": "0q", "endDate": "2017-09-30", "growth": {}, "earningsEstimate": {"avg": 0.0, "low": 0.0, "high": 0.0, "yearAgoEps": {}, "numberOfAnalysts": 0, "growth": {}}, "revenueEstimate": {"avg": 2520000000, "low": 0, "high": 0, "numberOfAnalysts": 0, "yearAgoRevenue": {}, "growth": {}}, "epsTrend": {"current": 0.0, "7daysAgo": 0.0, "30daysAgo": 0.0, "60daysAgo": 0.0, "90daysAgo": 0.0}, "epsRevisions": {"upLast7days": 0, "upLast30days": 0, "downLast30days": 0, "downLast90days": {}}}, {"maxAge": 1, "period": "+1q", "endDate": "2017-12-31", "growth": {}, "earningsEstimate": {"avg": 0.0, "low": 0.0, "high": 0.0, "yearAgoEps": {}, "numberOfAnalysts": 0, "growth": {}}, "revenueEstimate": {"avg": 3294700000, "low": 0, "high": 0, "numberOfAnalysts": 0, "yearAgoRevenue": {}, "growth": {}}, "epsTrend": {"current": 0.0, "7daysAgo": 0.0, "30daysAgo": 0.0, "60daysAgo": 0.0, "90daysAgo": 0.0}, "epsRevisions": {"upLast7days": 0, "upLast30days": 0, "downLast30days": 0, "downLast90days": {}}}, {"maxAge": 1, "period": "0y", "endDate": "2018-03-31", "growth": {}, "earningsEstimate": {"avg": 0.0, "low": 0.0, "high": 0.0, "yearAgoEps": {}, "numberOfAnalysts": 0, "growth": {}}, "revenueEstimate": {"avg": 11942400000, "low": 11713900000, "high": 11713900000, "numberOfAnalysts": 1, "yearAgoRevenue": 9219500000, "growth": 0.295}, "epsTrend": {"current": 0.0, "7daysAgo": 6.17, "30daysAgo": 6.17, "60daysAgo": 6.17, "90daysAgo": 6.17}, "epsRevisions": {"upLast7days": 0, "upLast30days": 0, "downLast30days": 0, "downLast90days": {}}}, {"maxAge": 1, "period": "+1y", "endDate": "2019-03-31", "growth": {}, "earningsEstimate": {"avg": 0.0, "low": 0.0, "high": 0.0, "yearAgoEps": {}, "numberOfAnalysts": 0, "growth": {}}, "revenueEstimate": {"avg": 13236700000, "low": 13236700000, "high": 13236700000, "numberOfAnalysts": 1, "yearAgoRevenue": 11942400000, "growth": 0.108}, "epsTrend": {"current": 0.0, "7daysAgo": 7.13, "30daysAgo": 7.13, "60daysAgo": 7.13, "90daysAgo": 7.13}, "epsRevisions": {"upLast7days": 0, "upLast30days": 0, "downLast30days": 0, "downLast90days": {}}}, {"maxAge": 1, "period": "+5y", "endDate": null, "growth": {}, "earningsEstimate": {"avg": {}, "low": {}, "high": {}, "yearAgoEps": {}, "numberOfAnalysts": {}, "growth": {}}, "revenueEstimate": {"avg": {}, "low": {}, "high": {}, "numberOfAnalysts": {}, "yearAgoRevenue": {}, "growth": {}}, "epsTrend": {"current": {}, "7daysAgo": {}, "30daysAgo": {}, "60daysAgo": {}, "90daysAgo": {}}, "epsRevisions": {"upLast7days": {}, "upLast30days": {}, "downLast30days": {}, "downLast90days": {}}}, {"maxAge": 1, "period": "-5y", "endDate": null, "growth": {}, "earningsEstimate": {"avg": {}, "low": {}, "high": {}, "yearAgoEps": {}, "numberOfAnalysts": {}, "growth": {}}, "revenueEstimate": {"avg": {}, "low": {}, "high": {}, "numberOfAnalysts": {}, "yearAgoRevenue": {}, "growth": {}}, "epsTrend": {"current": {}, "7daysAgo": {}, "30daysAgo": {}, "60daysAgo": {}, "90daysAgo": {}}, "epsRevisions": {"upLast7days": {}, "upLast30days": {}, "downLast30days": {}, "downLast90days": {}}}], "maxAge": 1}, "financialData": {"maxAge": 86400, "currentPrice": 11.86, "recommendationKey": "none", "grossProfits": 438300000, "financialCurrency": "INR"}}}