{"SICAGEN.NS": {"assetProfile": {"address1": "SPIC House", "address2": "4th Floor No. 88, Mount Road Guindy", "city": "Chennai", "zip": "600032", "country": "India", "phone": "91 44 4075 4075", "fax": "91 44 4075 4999", "website": "http://www.sicagen.com", "industry": "Building Materials", "sector": "Basic Materials", "longBusinessSummary": "Sicagen India Limited trades in and distributes building materials in India and internationally. It operates through Trading and Manufacturing segments. The company offers building materials, such as MS/GI pipes, precision tubes, structural tubes, seamless tubes, ERW tubes, rectangular/square hollow sections, steel fittings, PVC pipes, UPVC pipes, roofing sheets, electrical cables, switchgears, cement, etc., as well as construction steel, including TMT steel rebars. It also provides mechanical governor services, servicing for actuators, field services, and conversion of mechanical and electronic governing systems; and manufactures drums and barrels that are used for the transport of lubricant oil, hazardous and non-hazardous chemicals, bitumen, and fruit pulp. In addition, the company offers water treatment and process enhancement solutions for petrochemical, fertilizer, refinery, power, pharmaceutical, agro, and pesticide industries; builds boats, tugs, and barges; manufactures cables for industrial and other critical applications; and engages in the precision fabrication of steel, carbon steel, mild steel, and aluminum. It serves dealers, contractors, builders, and corporate buyers. The company was incorporated in 2004 and is based in Chennai, India.", "fullTimeEmployees": 333, "companyOfficers": [{"maxAge": 1, "name": "Mr. R.  Chandrasekar", "age": 56, "title": "Whole Time Director", "yearBorn": 1964, "fiscalYear": 2020, "totalPay": 17720593, "exercisedValue": 0, "unexercisedValue": 0}, {"maxAge": 1, "name": "Mr. Nandakumar  Varma", "age": 51, "title": "Gen. Mang. of Power & Control Systems", "yearBorn": 1969, "exercisedValue": 0, "unexercisedValue": 0}, {"maxAge": 1, "name": "Mr. Prasanna  Joshi", "age": 36, "title": "Deputy Gen. Mang. Building Materials", "yearBorn": 1984, "exercisedValue": 0, "unexercisedValue": 0}, {"maxAge": 1, "name": "Mr. S.  Santhanakrishnan", "age": 56, "title": "Gen. Mang. of Specialty", "yearBorn": 1964, "exercisedValue": 0, "unexercisedValue": 0}, {"maxAge": 1, "name": "Mr. Rajesh  Lakshmanan", "age": 43, "title": "Deputy Gen. Mang.", "yearBorn": 1977, "exercisedValue": 0, "unexercisedValue": 0}, {"maxAge": 1, "name": "D. Aditya Kiran", "age": 45, "title": "Regional Sales Mang. of Building Materials", "yearBorn": 1975, "exercisedValue": 0, "unexercisedValue": 0}, {"maxAge": 1, "name": "M. O. Ayyappan", "age": 52, "title": "Chief Financial Officer", "yearBorn": 1968, "exercisedValue": 0, "unexercisedValue": 0}, {"maxAge": 1, "name": "Mr. R.  Srikrishna", "title": "Company Sec. & Compliance Officer", "exercisedValue": 0, "unexercisedValue": 0}, {"maxAge": 1, "name": "Mr. P.  Raja", "age": 39, "title": "Chief Mang.", "yearBorn": 1981, "fiscalYear": 2018, "exercisedValue": 0, "unexercisedValue": 0}, {"maxAge": 1, "name": "Mr. R. M. Muthuraman", "age": 57, "title": "Chief Mang.", "yearBorn": 1963, "exercisedValue": 0, "unexercisedValue": 0}], "compensationAsOfEpochDate": "2020-12-31 05:30:00", "maxAge": 86400}, "recommendationTrend": {"trend": [{"period": "0m", "strongBuy": 0, "buy": 0, "hold": 0, "sell": 0, "strongSell": 0}, {"period": "-1m", "strongBuy": 0, "buy": 0, "hold": 0, "sell": 0, "strongSell": 0}, {"period": "-2m", "strongBuy": 0, "buy": 0, "hold": 0, "sell": 0, "strongSell": 0}, {"period": "-3m", "strongBuy": 0, "buy": 0, "hold": 0, "sell": 0, "strongSell": 0}], "maxAge": 86400}, "cashflowStatementHistory": {"cashflowStatements": [{"maxAge": 1, "endDate": "2020-03-31", "netIncome": 3600000, "depreciation": 97800000, "changeToNetincome": 95400000, "changeToAccountReceivables": 601300000, "changeToLiabilities": -869600000, "changeToInventory": -169500000, "changeToOperatingActivities": -131900000, "totalCashFromOperatingActivities": -369300000, "capitalExpenditures": -52300000, "investments": 467300000, "otherCashflowsFromInvestingActivities": 26400000, "totalCashflowsFromInvestingActivities": 447200000, "dividendsPaid": -19100000, "netBorrowings": -79700000, "otherCashflowsFromFinancingActivities": -80700000, "totalCashFromFinancingActivities": -179500000, "changeInCash": -101600000}, {"maxAge": 1, "endDate": "2019-03-31", "netIncome": 1300000, "depreciation": 59700000, "changeToNetincome": 99200000, "changeToAccountReceivables": -842700000, "changeToLiabilities": 931500000, "changeToInventory": 66700000, "changeToOperatingActivities": -122300000, "totalCashFromOperatingActivities": 196100000, "capitalExpenditures": -38200000, "investments": -471700000, "otherCashflowsFromInvestingActivities": 40300000, "totalCashflowsFromInvestingActivities": -50100000, "dividendsPaid": -28500000, "netBorrowings": -6200000, "otherCashflowsFromFinancingActivities": -81300000, "totalCashFromFinancingActivities": -116000000, "changeInCash": 30000000}, {"maxAge": 1, "endDate": "2018-03-31", "netIncome": 11500000, "depreciation": 48600000, "changeToNetincome": -5100000, "changeToAccountReceivables": -376600000, "changeToLiabilities": 231300000, "changeToInventory": -19100000, "changeToOperatingActivities": -10400000, "totalCashFromOperatingActivities": -117400000, "capitalExpenditures": -133000000, "investments": 194400000, "otherCashflowsFromInvestingActivities": 46700000, "totalCashflowsFromInvestingActivities": 108800000, "dividendsPaid": -23700000, "netBorrowings": 93700000, "otherCashflowsFromFinancingActivities": -108800000, "totalCashFromFinancingActivities": -38800000, "changeInCash": -47400000}, {"maxAge": 1, "endDate": "2017-03-31", "netIncome": 74600000, "depreciation": 39800000, "changeToNetincome": -88600000, "changeToAccountReceivables": -450900000, "changeToLiabilities": 347400000, "changeToInventory": -332200000, "changeToOperatingActivities": -10400000, "totalCashFromOperatingActivities": -408400000, "capitalExpenditures": -229700000, "investments": 222600000, "otherCashflowsFromInvestingActivities": 58800000, "totalCashflowsFromInvestingActivities": 53400000, "dividendsPaid": -23700000, "netBorrowings": 290600000, "otherCashflowsFromFinancingActivities": -44200000, "totalCashFromFinancingActivities": 222700000, "changeInCash": -132300000}], "maxAge": 86400}, "indexTrend": {"maxAge": 1, "symbol": "SP5", "peRatio": 19.7411, "pegRatio": 1.34172, "estimates": [{"period": "0q", "growth": 0.549}, {"period": "+1q", "growth": 0.431}, {"period": "0y", "growth": 0.305}, {"period": "+1y", "growth": 0.109}, {"period": "+5y", "growth": 0.120865}, {"period": "-5y"}]}, "defaultKeyStatistics": {"maxAge": 1, "priceHint": 2, "enterpriseValue": 1420899968, "profitMargins": -0.01392, "floatShares": 15208000, "sharesOutstanding": 39571700, "heldPercentInsiders": 0.59699, "heldPercentInstitutions": 0.07344, "beta": 1.215166, "category": null, "bookValue": 99.41, "priceToBook": 0.21476713, "fundFamily": null, "legalType": null, "lastFiscalYearEnd": "2020-03-31 05:30:00", "nextFiscalYearEnd": "2022-03-31 05:30:00", "mostRecentQuarter": "2020-12-31 05:30:00", "netIncomeToCommon": -71300000, "trailingEps": -1.815, "forwardEps": 2.61, "lastSplitFactor": null, "enterpriseToRevenue": 0.277, "enterpriseToEbitda": -39.143}, "industryTrend": {"maxAge": 1, "symbol": null, "estimates": []}, "quoteType": {"exchange": "NSI", "quoteType": "EQUITY", "symbol": "SICAGEN.NS", "underlyingSymbol": "SICAGEN.NS", "shortName": "SICAGEN INDIA LTD", "longName": "Sicagen India Limited", "firstTradeDateEpochUtc": "2002-08-12 09:15:00", "timeZoneFullName": "Asia/Kolkata", "timeZoneShortName": "IST", "uuid": "ad8bdd57-2268-3cfa-8b57-2d7095d4a798", "gmtOffSetMilliseconds": 19800000, "maxAge": 1}, "incomeStatementHistory": {"incomeStatementHistory": [{"maxAge": 1, "endDate": "2020-03-31", "totalRevenue": 6988600000, "costOfRevenue": 6229000000, "grossProfit": 759600000, "researchDevelopment": {}, "sellingGeneralAdministrative": 369200000, "nonRecurring": {}, "otherOperatingExpenses": 266500000, "totalOperatingExpenses": 6967300000, "operatingIncome": 21300000, "totalOtherIncomeExpenseNet": 12800000, "ebit": 21300000, "interestExpense": -80700000, "incomeBeforeTax": 34100000, "incomeTaxExpense": 30500000, "minorityInterest": {}, "netIncomeFromContinuingOps": 3600000, "discontinuedOperations": {}, "extraordinaryItems": {}, "effectOfAccountingCharges": {}, "otherItems": {}, "netIncome": 3600000, "netIncomeApplicableToCommonShares": 3600000}, {"maxAge": 1, "endDate": "2019-03-31", "totalRevenue": 8203400000, "costOfRevenue": 7340400000, "grossProfit": 863000000, "researchDevelopment": {}, "sellingGeneralAdministrative": 516200000, "nonRecurring": {}, "otherOperatingExpenses": 308200000, "totalOperatingExpenses": 8235000000, "operatingIncome": -31600000, "totalOtherIncomeExpenseNet": 60000000, "ebit": -31600000, "interestExpense": -81300000, "incomeBeforeTax": 28400000, "incomeTaxExpense": 27100000, "minorityInterest": {}, "netIncomeFromContinuingOps": 1300000, "discontinuedOperations": {}, "extraordinaryItems": {}, "effectOfAccountingCharges": {}, "otherItems": {}, "netIncome": 1300000, "netIncomeApplicableToCommonShares": 1300000}, {"maxAge": 1, "endDate": "2018-03-31", "totalRevenue": 7379500000, "costOfRevenue": 6538600000, "grossProfit": 840900000, "researchDevelopment": {}, "sellingGeneralAdministrative": 456800000, "nonRecurring": {}, "otherOperatingExpenses": 371000000, "totalOperatingExpenses": 7420300000, "operatingIncome": -40800000, "totalOtherIncomeExpenseNet": 57300000, "ebit": -40800000, "interestExpense": -83400000, "incomeBeforeTax": 16500000, "incomeTaxExpense": 5000000, "minorityInterest": {}, "netIncomeFromContinuingOps": 11500000, "discontinuedOperations": {}, "extraordinaryItems": {}, "effectOfAccountingCharges": {}, "otherItems": {}, "netIncome": 11500000, "netIncomeApplicableToCommonShares": 11500000}, {"maxAge": 1, "endDate": "2017-03-31", "totalRevenue": 7108700000, "costOfRevenue": 6285000000, "grossProfit": 823700000, "researchDevelopment": {}, "sellingGeneralAdministrative": 404900000, "nonRecurring": {}, "otherOperatingExpenses": 381900000, "totalOperatingExpenses": 7115100000, "operatingIncome": -6400000, "totalOtherIncomeExpenseNet": 81500000, "ebit": -6400000, "interestExpense": -60000000, "incomeBeforeTax": 75100000, "incomeTaxExpense": 2000000, "minorityInterest": 83600000, "netIncomeFromContinuingOps": 73100000, "discontinuedOperations": {}, "extraordinaryItems": {}, "effectOfAccountingCharges": {}, "otherItems": {}, "netIncome": 74600000, "netIncomeApplicableToCommonShares": 74600000}], "maxAge": 86400}, "fundOwnership": {"ownershipList": [], "maxAge": 1}, "summaryDetail": {"maxAge": 1, "priceHint": 2, "previousClose": 22.1, "open": 21.85, "dayLow": 21.0, "dayHigh": 22.65, "regularMarketPreviousClose": 22.1, "regularMarketOpen": 21.85, "regularMarketDayLow": 21.0, "regularMarketDayHigh": 22.65, "dividendRate": 0.5, "dividendYield": 0.0226, "exDividendDate": "2020-09-10 05:30:00", "fiveYearAvgDividendYield": 2.51, "beta": 1.215166, "forwardPE": 8.180078, "volume": 142627, "regularMarketVolume": 142627, "averageVolume": 34061, "averageVolume10days": 12666, "averageDailyVolume10Day": 12666, "bid": 0.0, "ask": 0.0, "bidSize": 0, "askSize": 0, "marketCap": 844855808, "fiftyTwoWeekLow": 9.6, "fiftyTwoWeekHigh": 22.65, "priceToSalesTrailing12Months": 0.16492394, "fiftyDayAverage": 15.05, "twoHundredDayAverage": 14.009286, "trailingAnnualDividendRate": 0.5, "trailingAnnualDividendYield": 0.022624435, "currency": "INR", "fromCurrency": null, "lastMarket": null, "algorithm": null, "tradeable": false}, "insiderHolders": {"holders": [{"maxAge": 1, "name": "ACM Educational Foundation", "relation": "Promoter", "url": "", "transactionDescription": "Sale", "latestTransDate": "2021-02-17", "positionDirect": 0, "positionDirectDate": "2021-02-17"}, {"maxAge": 1, "name": "Muthiah (Ashwin C)", "relation": "UNREPORTED", "url": "", "transactionDescription": "Sale", "latestTransDate": "2021-03-30", "positionDirect": 0, "positionDirectDate": "2021-03-30"}, {"maxAge": 1, "name": "SIDD Life Sciences Pvt Ltd", "relation": "Promoter", "url": "", "transactionDescription": "Sale", "latestTransDate": "2012-05-31", "positionDirect": 0, "positionDirectDate": "2012-05-31"}, {"maxAge": 1, "name": "SPIC Group Companies Employees Welfare Fund", "relation": "Promoter", "url": "", "transactionDescription": "Sale", "latestTransDate": "2014-06-13", "positionDirect": 16250, "positionDirectDate": "2014-06-13"}, {"maxAge": 1, "name": "SPIC Officers & Staff Welfare Foundation", "relation": "Promoter", "url": "", "transactionDescription": "Sale", "latestTransDate": "2017-02-16", "positionDirect": 0, "positionDirectDate": "2017-02-16"}, {"maxAge": 1, "name": "Sical Logistics Ltd", "relation": "Promoter", "url": "", "transactionDescription": "Sale", "latestTransDate": "2018-05-18", "positionDirect": 0, "positionDirectDate": "2018-05-18"}], "maxAge": 1}, "calendarEvents": {"maxAge": 1, "earnings": {"earningsDate": ["2018-12-08 05:30:S", "2018-12-10 05:30:S"], "revenueAverage": 1966900000}, "exDividendDate": "2020-09-10 05:30:00"}, "upgradeDowngradeHistory": {"history": [], "maxAge": 86400}, "price": {"maxAge": 1, "regularMarketChangePercent": -0.03393665, "regularMarketChange": -0.75, "regularMarketTime": "2021-04-30 15:29:59", "priceHint": 2, "regularMarketPrice": 21.35, "regularMarketDayHigh": 22.65, "regularMarketDayLow": 21.0, "regularMarketVolume": 142627, "averageDailyVolume10Day": 12666, "averageDailyVolume3Month": 34061, "regularMarketPreviousClose": 22.1, "regularMarketSource": "FREE_REALTIME", "regularMarketOpen": 21.85, "exchange": "NSI", "exchangeName": "NSE", "exchangeDataDelayedBy": 15, "marketState": "CLOSED", "quoteType": "EQUITY", "symbol": "SICAGEN.NS", "underlyingSymbol": null, "shortName": "SICAGEN INDIA LTD", "longName": "Sicagen India Limited", "currency": "INR", "quoteSourceName": "Delayed Quote", "currencySymbol": "\u20b9", "fromCurrency": null, "lastMarket": null, "marketCap": 844855808}, "balanceSheetHistory": {"balanceSheetStatements": [{"maxAge": 1, "endDate": "2020-03-31", "cash": 54400000, "shortTermInvestments": 32600000, "netReceivables": 2085100000, "inventory": 1325900000, "otherCurrentAssets": 444700000, "totalCurrentAssets": 3957100000, "longTermInvestments": 199900000, "propertyPlantEquipment": 1642800000, "intangibleAssets": 9800000, "otherAssets": 240400000, "totalAssets": 6050000000, "accountsPayable": 1018700000, "shortLongTermDebt": 400300000, "otherCurrentLiab": 59200000, "longTermDebt": 69700000, "otherLiab": 190500000, "totalCurrentLiabilities": 1898700000, "totalLiab": 2297800000, "commonStock": 395700000, "retainedEarnings": -425000000, "treasuryStock": 837200000, "capitalSurplus": 2944300000, "otherStockholderEquity": 837200000, "totalStockholderEquity": 3752200000, "netTangibleAssets": 3742400000}, {"maxAge": 1, "endDate": "2019-03-31", "cash": 156000000, "shortTermInvestments": 560300000, "netReceivables": 2692100000, "inventory": 1156400000, "otherCurrentAssets": 257200000, "totalCurrentAssets": 4834900000, "longTermInvestments": 261400000, "propertyPlantEquipment": 1472300000, "intangibleAssets": 11600000, "otherAssets": 268100000, "totalAssets": 6848300000, "accountsPayable": 1502900000, "shortLongTermDebt": 434600000, "otherCurrentLiab": 76400000, "longTermDebt": 93500000, "otherLiab": 211000000, "totalCurrentLiabilities": 2719400000, "totalLiab": 3023900000, "commonStock": 395700000, "retainedEarnings": -416700000, "treasuryStock": 901100000, "capitalSurplus": 2944300000, "otherStockholderEquity": 901100000, "totalStockholderEquity": 3824400000, "netTangibleAssets": 3812800000}, {"maxAge": 1, "endDate": "2018-03-31", "cash": 126000000, "shortTermInvestments": 20000000, "netReceivables": 1875800000, "inventory": 1223100000, "otherCurrentAssets": 161000000, "totalCurrentAssets": 3418800000, "longTermInvestments": 341200000, "propertyPlantEquipment": 2017900000, "intangibleAssets": 10900000, "otherAssets": 247900000, "totalAssets": 6036700000, "accountsPayable": 756500000, "shortLongTermDebt": 324800000, "otherCurrentLiab": 121600000, "longTermDebt": 115700000, "otherLiab": 211900000, "totalCurrentLiabilities": 1778500000, "totalLiab": 2106100000, "commonStock": 395700000, "retainedEarnings": -329500000, "treasuryStock": 920100000, "capitalSurplus": 2944300000, "otherStockholderEquity": 920100000, "totalStockholderEquity": 3930600000, "netTangibleAssets": 3919700000}, {"maxAge": 1, "endDate": "2017-03-31", "cash": 173400000, "shortTermInvestments": 50000000, "netReceivables": 1479700000, "inventory": 1204000000, "otherCurrentAssets": 133900000, "totalCurrentAssets": 3056700000, "longTermInvestments": 535600000, "propertyPlantEquipment": 1831400000, "intangibleAssets": 124500000, "otherAssets": 235600000, "totalAssets": 5783800000, "accountsPayable": 555000000, "shortLongTermDebt": 102700000, "otherCurrentLiab": 154900000, "longTermDebt": 128100000, "otherLiab": 208900000, "minorityInterest": 83600000, "totalCurrentLiabilities": 1518400000, "totalLiab": 1855400000, "commonStock": 395700000, "retainedEarnings": -322500000, "treasuryStock": 827300000, "capitalSurplus": 2944300000, "otherStockholderEquity": 827300000, "totalStockholderEquity": 3844800000, "netTangibleAssets": 3720300000}], "maxAge": 86400}, "earningsTrend": {"trend": [{"maxAge": 1, "period": "0q", "endDate": "2018-03-31", "growth": {}, "earningsEstimate": {"avg": 0.0, "low": 0.0, "high": 0.0, "yearAgoEps": {}, "numberOfAnalysts": 0, "growth": {}}, "revenueEstimate": {"avg": 1966900000, "low": 0, "high": 0, "numberOfAnalysts": 0, "yearAgoRevenue": {}, "growth": {}}, "epsTrend": {"current": 0.0, "7daysAgo": 0.0, "30daysAgo": 0.0, "60daysAgo": 0.0, "90daysAgo": 0.0}, "epsRevisions": {"upLast7days": 0, "upLast30days": 0, "downLast30days": 0, "downLast90days": {}}}, {"maxAge": 1, "period": "+1q", "endDate": "2018-06-30", "growth": {}, "earningsEstimate": {"avg": 0.0, "low": 0.0, "high": 0.0, "yearAgoEps": {}, "numberOfAnalysts": 0, "growth": {}}, "revenueEstimate": {"avg": 0, "low": 0, "high": 0, "numberOfAnalysts": 0, "yearAgoRevenue": {}, "growth": {}}, "epsTrend": {"current": 0.0, "7daysAgo": 0.0, "30daysAgo": 0.0, "60daysAgo": 0.0, "90daysAgo": 0.0}, "epsRevisions": {"upLast7days": 0, "upLast30days": 0, "downLast30days": 0, "downLast90days": {}}}, {"maxAge": 1, "period": "0y", "endDate": "2018-03-31", "growth": {}, "earningsEstimate": {"avg": 0.0, "low": 0.0, "high": 0.0, "yearAgoEps": {}, "numberOfAnalysts": 0, "growth": {}}, "revenueEstimate": {"avg": 7398800000, "low": 7847890000, "high": 7847890000, "numberOfAnalysts": 1, "yearAgoRevenue": {}, "growth": {}}, "epsTrend": {"current": 0.0, "7daysAgo": 2.09, "30daysAgo": 2.09, "60daysAgo": 2.09, "90daysAgo": 2.09}, "epsRevisions": {"upLast7days": 0, "upLast30days": 0, "downLast30days": 0, "downLast90days": {}}}, {"maxAge": 1, "period": "+1y", "endDate": "2019-03-31", "growth": {}, "earningsEstimate": {"avg": 0.0, "low": 0.0, "high": 0.0, "yearAgoEps": {}, "numberOfAnalysts": 0, "growth": {}}, "revenueEstimate": {"avg": 8946600000, "low": 8946600000, "high": 8946600000, "numberOfAnalysts": 1, "yearAgoRevenue": 7398800000, "growth": 0.20899999}, "epsTrend": {"current": 0.0, "7daysAgo": 2.61, "30daysAgo": 2.61, "60daysAgo": 2.61, "90daysAgo": 2.61}, "epsRevisions": {"upLast7days": 0, "upLast30days": 0, "downLast30days": 0, "downLast90days": {}}}, {"maxAge": 1, "period": "+5y", "endDate": null, "growth": {}, "earningsEstimate": {"avg": {}, "low": {}, "high": {}, "yearAgoEps": {}, "numberOfAnalysts": {}, "growth": {}}, "revenueEstimate": {"avg": {}, "low": {}, "high": {}, "numberOfAnalysts": {}, "yearAgoRevenue": {}, "growth": {}}, "epsTrend": {"current": {}, "7daysAgo": {}, "30daysAgo": {}, "60daysAgo": {}, "90daysAgo": {}}, "epsRevisions": {"upLast7days": {}, "upLast30days": {}, "downLast30days": {}, "downLast90days": {}}}, {"maxAge": 1, "period": "-5y", "endDate": null, "growth": {}, "earningsEstimate": {"avg": {}, "low": {}, "high": {}, "yearAgoEps": {}, "numberOfAnalysts": {}, "growth": {}}, "revenueEstimate": {"avg": {}, "low": {}, "high": {}, "numberOfAnalysts": {}, "yearAgoRevenue": {}, "growth": {}}, "epsTrend": {"current": {}, "7daysAgo": {}, "30daysAgo": {}, "60daysAgo": {}, "90daysAgo": {}}, "epsRevisions": {"upLast7days": {}, "upLast30days": {}, "downLast30days": {}, "downLast90days": {}}}], "maxAge": 1}, "institutionOwnership": {"ownershipList": [], "maxAge": 1}, "majorHoldersBreakdown": {"maxAge": 1, "insidersPercentHeld": 0.59699, "institutionsPercentHeld": 0.07344, "institutionsFloatPercentHeld": 0.18222, "institutionsCount": 1}, "balanceSheetHistoryQuarterly": {"balanceSheetStatements": [{"maxAge": 1, "endDate": "2020-12-31", "totalStockholderEquity": 3834400000, "netTangibleAssets": 3826400000}, {"maxAge": 1, "endDate": "2020-09-30", "cash": 136200000, "netReceivables": 1888600000, "inventory": 1075500000, "otherCurrentAssets": 493900000, "totalCurrentAssets": 3594200000, "longTermInvestments": 262200000, "propertyPlantEquipment": 1677600000, "intangibleAssets": 8000000, "otherAssets": 240400000, "deferredLongTermAssetCharges": 1800000, "totalAssets": 5782400000, "accountsPayable": 829300000, "shortLongTermDebt": 437900000, "otherCurrentLiab": 241300000, "longTermDebt": 64100000, "otherLiab": 195900000, "totalCurrentLiabilities": 1543200000, "totalLiab": 1948000000, "commonStock": 395700000, "treasuryStock": 3438700000, "otherStockholderEquity": 3438700000, "totalStockholderEquity": 3834400000, "netTangibleAssets": 3826400000}, {"maxAge": 1, "endDate": "2020-06-30", "totalStockholderEquity": 3752200000, "netTangibleAssets": 3742400000}, {"maxAge": 1, "endDate": "2020-03-31", "cash": 54400000, "shortTermInvestments": 32600000, "netReceivables": 2085100000, "inventory": 1325900000, "otherCurrentAssets": 444700000, "totalCurrentAssets": 3957100000, "longTermInvestments": 199900000, "propertyPlantEquipment": 1642800000, "intangibleAssets": 9800000, "otherAssets": 240400000, "totalAssets": 6050000000, "accountsPayable": 1018700000, "shortLongTermDebt": 400300000, "otherCurrentLiab": 59200000, "longTermDebt": 69700000, "otherLiab": 190500000, "totalCurrentLiabilities": 1898700000, "totalLiab": 2297800000, "commonStock": 395700000, "retainedEarnings": -425000000, "treasuryStock": 837200000, "capitalSurplus": 2944300000, "otherStockholderEquity": 837200000, "totalStockholderEquity": 3752200000, "netTangibleAssets": 3742400000}], "maxAge": 86400}, "earningsHistory": {"history": [{"maxAge": 1, "epsActual": {}, "epsEstimate": {}, "epsDifference": {}, "surprisePercent": {}, "quarter": {}, "period": "-4q"}, {"maxAge": 1, "epsActual": {}, "epsEstimate": {}, "epsDifference": {}, "surprisePercent": {}, "quarter": {}, "period": "-3q"}, {"maxAge": 1, "epsActual": 0.04, "epsEstimate": 0.36, "epsDifference": -0.32, "surprisePercent": -0.889, "quarter": "2017-06-30", "period": "-2q"}, {"maxAge": 1, "epsActual": -0.74, "epsEstimate": 0.66, "epsDifference": -1.4, "surprisePercent": -2.121, "quarter": "2017-12-31", "period": "-1q"}], "maxAge": 86400}, "summaryProfile": {"address1": "SPIC House", "address2": "4th Floor No. 88, Mount Road Guindy", "city": "Chennai", "zip": "600032", "country": "India", "phone": "91 44 4075 4075", "fax": "91 44 4075 4999", "website": "http://www.sicagen.com", "industry": "Building Materials", "sector": "Basic Materials", "longBusinessSummary": "Sicagen India Limited trades in and distributes building materials in India and internationally. It operates through Trading and Manufacturing segments. The company offers building materials, such as MS/GI pipes, precision tubes, structural tubes, seamless tubes, ERW tubes, rectangular/square hollow sections, steel fittings, PVC pipes, UPVC pipes, roofing sheets, electrical cables, switchgears, cement, etc., as well as construction steel, including TMT steel rebars. It also provides mechanical governor services, servicing for actuators, field services, and conversion of mechanical and electronic governing systems; and manufactures drums and barrels that are used for the transport of lubricant oil, hazardous and non-hazardous chemicals, bitumen, and fruit pulp. In addition, the company offers water treatment and process enhancement solutions for petrochemical, fertilizer, refinery, power, pharmaceutical, agro, and pesticide industries; builds boats, tugs, and barges; manufactures cables for industrial and other critical applications; and engages in the precision fabrication of steel, carbon steel, mild steel, and aluminum. It serves dealers, contractors, builders, and corporate buyers. The company was incorporated in 2004 and is based in Chennai, India.", "fullTimeEmployees": 333, "companyOfficers": [], "maxAge": 86400}, "netSharePurchaseActivity": {"maxAge": 1, "period": "6m", "buyInfoCount": 0, "buyInfoShares": 0, "sellInfoCount": 0, "netInfoCount": 0, "netInfoShares": 0, "netPercentInsiderShares": 0.0, "totalInsiderShares": 23879600}, "insiderTransactions": {"transactions": [{"maxAge": 1, "shares": 192957, "value": 38089, "filerUrl": "", "transactionText": "Sale at price 0.20 per share.", "filerName": "Muthiah (Ashwin C)", "filerRelation": "UNREPORTED", "moneyText": "", "startDate": "2021-03-30", "ownership": "D"}, {"maxAge": 1, "shares": 572043, "value": 121730, "filerUrl": "", "transactionText": "Sale at price 0.21 per share.", "filerName": "ACM Educational Foundation", "filerRelation": "Promoter", "moneyText": "", "startDate": "2021-02-17", "ownership": "D"}, {"maxAge": 1, "shares": 50000, "filerUrl": "", "transactionText": "", "filerName": "Sical Logistics Ltd", "filerRelation": "Promoter", "moneyText": "", "startDate": "2018-05-18", "ownership": "D"}, {"maxAge": 1, "shares": 16250, "filerUrl": "", "transactionText": "", "filerName": "SPIC Officers & Staff Welfare Foundation", "filerRelation": "Promoter", "moneyText": "", "startDate": "2017-02-16", "ownership": "D"}, {"maxAge": 1, "shares": 272788, "filerUrl": "", "transactionText": "", "filerName": "SPIC Group Companies Employees Welfare Fund", "filerRelation": "Promoter", "moneyText": "", "startDate": "2014-06-13", "ownership": "D"}, {"maxAge": 1, "shares": 192185, "filerUrl": "", "transactionText": "", "filerName": "SPIC Officers & Staff Welfare Foundation", "filerRelation": "Promoter", "moneyText": "", "startDate": "2014-06-13", "ownership": "D"}, {"maxAge": 1, "shares": 785000, "filerUrl": "", "transactionText": "", "filerName": "SIDD Life Sciences Pvt Ltd", "filerRelation": "Promoter", "moneyText": "", "startDate": "2012-05-31", "ownership": "D"}, {"maxAge": 1, "shares": 770000, "filerUrl": "", "transactionText": "", "filerName": "SIDD Life Sciences Pvt Ltd", "filerRelation": "Promoter", "moneyText": "", "startDate": "2012-05-30", "ownership": "D"}, {"maxAge": 1, "shares": 380000, "filerUrl": "", "transactionText": "", "filerName": "SIDD Life Sciences Pvt Ltd", "filerRelation": "Promoter", "moneyText": "", "startDate": "2012-03-20", "ownership": "D"}, {"maxAge": 1, "shares": 435000, "filerUrl": "", "transactionText": "", "filerName": "SIDD Life Sciences Pvt Ltd", "filerRelation": "Promoter", "moneyText": "", "startDate": "2011-09-09", "ownership": "D"}, {"maxAge": 1, "shares": 1500000, "filerUrl": "", "transactionText": "", "filerName": "SIDD Life Sciences Pvt Ltd", "filerRelation": "Promoter", "moneyText": "", "startDate": "2011-09-08", "ownership": "D"}], "maxAge": 1}, "sectorTrend": {"maxAge": 1, "symbol": null, "estimates": []}, "incomeStatementHistoryQuarterly": {"incomeStatementHistory": [{"maxAge": 1, "endDate": "2020-12-31", "totalRevenue": 1594900000, "costOfRevenue": 1390600000, "grossProfit": 204300000, "researchDevelopment": {}, "sellingGeneralAdministrative": 105200000, "nonRecurring": {}, "otherOperatingExpenses": 85300000, "totalOperatingExpenses": 1603600000, "operatingIncome": -8700000, "totalOtherIncomeExpenseNet": 5400000, "ebit": -8700000, "interestExpense": -12800000, "incomeBeforeTax": -3300000, "incomeTaxExpense": 10300000, "minorityInterest": {}, "netIncomeFromContinuingOps": -13600000, "discontinuedOperations": {}, "extraordinaryItems": {}, "effectOfAccountingCharges": {}, "otherItems": {}, "netIncome": -13600000, "netIncomeApplicableToCommonShares": -13600000}, {"maxAge": 1, "endDate": "2020-09-30", "totalRevenue": 1263100000, "costOfRevenue": 1125400000, "grossProfit": 137700000, "researchDevelopment": {}, "sellingGeneralAdministrative": 64100000, "nonRecurring": {}, "otherOperatingExpenses": 53600000, "totalOperatingExpenses": 1266700000, "operatingIncome": -3600000, "totalOtherIncomeExpenseNet": 8000000, "ebit": -3600000, "interestExpense": -11300000, "incomeBeforeTax": 4400000, "incomeTaxExpense": 1700000, "minorityInterest": {}, "netIncomeFromContinuingOps": 2700000, "discontinuedOperations": {}, "extraordinaryItems": {}, "effectOfAccountingCharges": {}, "otherItems": {}, "netIncome": 2700000, "netIncomeApplicableToCommonShares": 2700000}, {"maxAge": 1, "endDate": "2020-06-30", "totalRevenue": 562900000, "costOfRevenue": 480600000, "grossProfit": 82300000, "researchDevelopment": {}, "sellingGeneralAdministrative": 75200000, "nonRecurring": {}, "otherOperatingExpenses": 49300000, "totalOperatingExpenses": 629000000, "operatingIncome": -66100000, "totalOtherIncomeExpenseNet": 7100000, "ebit": -66100000, "interestExpense": -15600000, "incomeBeforeTax": -59000000, "incomeTaxExpense": 200000, "minorityInterest": {}, "netIncomeFromContinuingOps": -59200000, "discontinuedOperations": {}, "extraordinaryItems": {}, "effectOfAccountingCharges": {}, "otherItems": {}, "netIncome": -59200000, "netIncomeApplicableToCommonShares": -59200000}, {"maxAge": 1, "endDate": "2020-03-31", "totalRevenue": 1701800000, "costOfRevenue": 1555700000, "grossProfit": 146100000, "researchDevelopment": {}, "sellingGeneralAdministrative": 110500000, "nonRecurring": {}, "otherOperatingExpenses": -6000000, "totalOperatingExpenses": 1713100000, "operatingIncome": -11300000, "totalOtherIncomeExpenseNet": 27200000, "ebit": -11300000, "interestExpense": -19400000, "incomeBeforeTax": 15900000, "incomeTaxExpense": 17100000, "minorityInterest": {}, "netIncomeFromContinuingOps": -1200000, "discontinuedOperations": {}, "extraordinaryItems": {}, "effectOfAccountingCharges": {}, "otherItems": {}, "netIncome": -1200000, "netIncomeApplicableToCommonShares": -1200000}], "maxAge": 86400}, "cashflowStatementHistoryQuarterly": {"cashflowStatements": [{"maxAge": 1, "endDate": "2020-12-31", "netIncome": -13600000, "changeToLiabilities": 0}, {"maxAge": 1, "endDate": "2020-09-30", "netIncome": 2700000, "changeToLiabilities": 0}, {"maxAge": 1, "endDate": "2020-06-30", "netIncome": -59200000, "changeToLiabilities": 0}, {"maxAge": 1, "endDate": "2020-03-31", "netIncome": -1200000, "changeToLiabilities": 0}], "maxAge": 86400}, "earnings": {"maxAge": 86400, "earningsChart": {"quarterly": [{"date": "2Q2017", "actual": 0.04, "estimate": 0.36}, {"date": "4Q2017", "actual": -0.74, "estimate": 0.66}], "currentQuarterEstimateDate": "1Q", "currentQuarterEstimateYear": 2018, "earningsDate": ["2018-12-08 05:30:S", "2018-12-10 05:30:S"]}, "financialsChart": {"yearly": [{"date": 2017, "revenue": 7108700000, "earnings": 74600000}, {"date": 2018, "revenue": 7379500000, "earnings": 11500000}, {"date": 2019, "revenue": 8203400000, "earnings": 1300000}, {"date": 2020, "revenue": 6988600000, "earnings": 3600000}], "quarterly": [{"date": "1Q2020", "revenue": 1701800000, "earnings": -1200000}, {"date": "2Q2020", "revenue": 562900000, "earnings": -59200000}, {"date": "3Q2020", "revenue": 1263100000, "earnings": 2700000}, {"date": "4Q2020", "revenue": 1594900000, "earnings": -13600000}]}, "financialCurrency": "INR"}, "financialData": {"maxAge": 86400, "currentPrice": 21.35, "recommendationMean": 2.0, "recommendationKey": "buy", "totalCash": 136200000, "totalCashPerShare": 3.405, "ebitda": -36300000, "totalDebt": 673100032, "totalRevenue": 5122699776, "debtToEquity": 17.554, "revenuePerShare": 130.431, "grossProfits": 759600000, "revenueGrowth": -0.173, "grossMargins": 0.11135, "ebitdaMargins": -0.00709, "operatingMargins": -0.01751, "profitMargins": -0.01392, "financialCurrency": "INR"}}}