{"SIELFNS.BO": {"cashflowStatementHistory": {"cashflowStatements": [{"maxAge": 1, "endDate": "2020-03-31", "netIncome": -1583100, "changeToNetincome": -163530, "changeToLiabilities": 60, "changeToOperatingActivities": 108040, "totalCashFromOperatingActivities": -1638530, "investments": 857670, "otherCashflowsFromInvestingActivities": 419710, "totalCashflowsFromInvestingActivities": 1277380, "changeInCash": -361150}, {"maxAge": 1, "endDate": "2019-03-31", "netIncome": -581980, "changeToNetincome": 333690, "changeToLiabilities": 10910, "changeToOperatingActivities": 102340, "totalCashFromOperatingActivities": -135040, "investments": -666730, "otherCashflowsFromInvestingActivities": 704620, "totalCashflowsFromInvestingActivities": 37890, "changeInCash": -97150}, {"maxAge": 1, "endDate": "2018-03-31", "netIncome": 1283780, "changeToNetincome": -458120, "changeToLiabilities": 7060, "changeToOperatingActivities": 102340, "totalCashFromOperatingActivities": 832720, "investments": -666730, "otherCashflowsFromInvestingActivities": 37060, "totalCashflowsFromInvestingActivities": 37060, "changeInCash": 869780}, {"maxAge": 1, "endDate": "2017-03-31", "netIncome": 3227909, "changeToNetincome": -7231745, "changeToAccountReceivables": -202295, "changeToLiabilities": -15987, "changeToOperatingActivities": 102340, "totalCashFromOperatingActivities": -4222118, "investments": -666730, "otherCashflowsFromInvestingActivities": -3718255, "totalCashflowsFromInvestingActivities": 9588624, "changeInCash": 5366506}], "maxAge": 86400}, "institutionOwnership": {"maxAge": 1, "ownershipList": []}, "balanceSheetHistoryQuarterly": {"balanceSheetStatements": [{"maxAge": 1, "endDate": "2020-06-30", "totalStockholderEquity": -46206550, "netTangibleAssets": -46206550}, {"maxAge": 1, "endDate": "2020-03-31", "cash": 1267110, "shortTermInvestments": 4809060, "netReceivables": 179910, "otherCurrentAssets": 48680, "totalCurrentAssets": 6374300, "otherAssets": 38960, "totalAssets": 6413260, "otherCurrentLiab": 315210, "longTermDebt": 36587610, "totalCurrentLiabilities": 16032200, "totalLiab": 52619810, "commonStock": 113229890, "retainedEarnings": -221486440, "treasuryStock": 62050000, "otherStockholderEquity": 62050000, "totalStockholderEquity": -46206550, "netTangibleAssets": -46206550}, {"maxAge": 1, "endDate": "2019-12-31", "totalStockholderEquity": -45388460, "netTangibleAssets": -45388460}, {"maxAge": 1, "endDate": "2019-09-30", "cash": 6420020, "netReceivables": 69040, "inventory": 92180, "otherCurrentAssets": 239690, "totalCurrentAssets": 6820930, "otherAssets": 212880, "totalAssets": 7033810, "otherCurrentLiab": 133880, "longTermDebt": 36587610, "totalCurrentLiabilities": 15834660, "totalLiab": 52422270, "commonStock": 113229890, "treasuryStock": -158618350, "otherStockholderEquity": -158618350, "totalStockholderEquity": -45388460, "netTangibleAssets": -45388460}], "maxAge": 86400}, "indexTrend": {"maxAge": 1, "symbol": "SP5", "peRatio": 19.7411, "pegRatio": 1.34172, "estimates": [{"period": "0q", "growth": 0.549}, {"period": "+1q", "growth": 0.431}, {"period": "0y", "growth": 0.305}, {"period": "+1y", "growth": 0.109}, {"period": "+5y", "growth": 0.120859005}, {"period": "-5y"}]}, "insiderTransactions": {"transactions": [{"maxAge": 1, "shares": 132500, "filerUrl": "", "transactionText": "", "filerName": "HAL Offshore Ltd", "filerRelation": "Institution- Corporation", "moneyText": "", "startDate": "2012-09-29", "ownership": "D"}, {"maxAge": 1, "shares": 1601400, "filerUrl": "", "transactionText": "", "filerName": "Mawana Sugars Ltd", "filerRelation": "Institution- Corporation", "moneyText": "", "startDate": "2011-02-02", "ownership": "D"}, {"maxAge": 1, "shares": 1601400, "filerUrl": "", "transactionText": "", "filerName": "SFSL Investments Ltd", "filerRelation": "Institution- Corporation", "moneyText": "", "startDate": "2011-02-02", "ownership": "D"}], "maxAge": 1}, "quoteType": {"exchange": "BSE", "quoteType": "EQUITY", "symbol": "SIELFNS.BO", "underlyingSymbol": "SIELFNS.BO", "shortName": "SIEL FINANCIAL SERVICES LTD.", "longName": "Siel Financial Services Limited", "firstTradeDateEpochUtc": "2005-05-04 09:15:00", "timeZoneFullName": "Asia/Kolkata", "timeZoneShortName": "IST", "uuid": "912de0cd-200e-3cbd-876d-26123bf40151", "messageBoardId": null, "gmtOffSetMilliseconds": 19800000, "maxAge": 1}, "incomeStatementHistory": {"incomeStatementHistory": [{"maxAge": 1, "endDate": "2020-03-31", "totalRevenue": 389610, "costOfRevenue": 0, "grossProfit": 389610, "researchDevelopment": {}, "sellingGeneralAdministrative": 126500, "nonRecurring": {}, "otherOperatingExpenses": 1650760, "totalOperatingExpenses": 1777260, "operatingIncome": -1387650, "totalOtherIncomeExpenseNet": -38070, "ebit": -1387650, "interestExpense": {}, "incomeBeforeTax": -1425720, "incomeTaxExpense": 157380, "minorityInterest": {}, "netIncomeFromContinuingOps": -1583100, "discontinuedOperations": {}, "extraordinaryItems": {}, "effectOfAccountingCharges": {}, "otherItems": {}, "netIncome": -1583100, "netIncomeApplicableToCommonShares": -1583100}, {"maxAge": 1, "endDate": "2019-03-31", "totalRevenue": 378880, "costOfRevenue": 0, "grossProfit": 378880, "researchDevelopment": {}, "sellingGeneralAdministrative": 71880, "nonRecurring": {}, "otherOperatingExpenses": 928970, "totalOperatingExpenses": 1000850, "operatingIncome": -621970, "totalOtherIncomeExpenseNet": 39990, "ebit": -621970, "interestExpense": {}, "incomeBeforeTax": -581980, "incomeTaxExpense": 0, "minorityInterest": {}, "netIncomeFromContinuingOps": -581980, "discontinuedOperations": {}, "extraordinaryItems": {}, "effectOfAccountingCharges": {}, "otherItems": {}, "netIncome": -581980, "netIncomeApplicableToCommonShares": -581980}, {"maxAge": 1, "endDate": "2018-03-31", "totalRevenue": 409940, "costOfRevenue": 0, "grossProfit": 409940, "researchDevelopment": {}, "sellingGeneralAdministrative": 886040, "nonRecurring": {}, "otherOperatingExpenses": -16340, "totalOperatingExpenses": 869700, "operatingIncome": -459760, "totalOtherIncomeExpenseNet": 2188760, "ebit": -459760, "interestExpense": {}, "incomeBeforeTax": 1729000, "incomeTaxExpense": 445220, "minorityInterest": {}, "netIncomeFromContinuingOps": 1283780, "discontinuedOperations": {}, "extraordinaryItems": {}, "effectOfAccountingCharges": {}, "otherItems": {}, "netIncome": 1283780, "netIncomeApplicableToCommonShares": 1283780}, {"maxAge": 1, "endDate": "2017-03-31", "totalRevenue": 279963, "costOfRevenue": 0, "grossProfit": 279963, "researchDevelopment": {}, "sellingGeneralAdministrative": 57958, "nonRecurring": {}, "otherOperatingExpenses": 2549091, "totalOperatingExpenses": 2607049, "operatingIncome": -2327086, "totalOtherIncomeExpenseNet": 6951782, "ebit": -2327086, "interestExpense": {}, "incomeBeforeTax": 4624696, "incomeTaxExpense": 1396787, "minorityInterest": {}, "netIncomeFromContinuingOps": 3227909, "discontinuedOperations": {}, "extraordinaryItems": {}, "effectOfAccountingCharges": {}, "otherItems": {}, "netIncome": 3227909, "netIncomeApplicableToCommonShares": 3227909}], "maxAge": 86400}, "fundOwnership": {"maxAge": 1, "ownershipList": []}, "summaryDetail": {"maxAge": 1, "priceHint": 2, "previousClose": 5.96, "open": 6.07, "dayLow": 6.07, "dayHigh": 6.07, "regularMarketPreviousClose": 5.96, "regularMarketOpen": 6.07, "regularMarketDayLow": 6.07, "regularMarketDayHigh": 6.07, "volume": 4161, "regularMarketVolume": 4161, "averageVolume": 30940, "averageVolume10days": 530, "averageDailyVolume10Day": 530, "bid": 5.85, "ask": 0.0, "marketCap": 68856864, "fiftyTwoWeekLow": 1.35, "fiftyTwoWeekHigh": 6.07, "fiftyDayAverage": 2.4437144, "twoHundredDayAverage": 2.0163503, "currency": "INR", "fromCurrency": null, "toCurrency": null, "lastMarket": null, "algorithm": null, "tradeable": false}, "incomeStatementHistoryQuarterly": {"incomeStatementHistory": [{"maxAge": 1, "endDate": "2020-06-30", "totalRevenue": 80930, "costOfRevenue": 0, "grossProfit": 80930, "researchDevelopment": {}, "sellingGeneralAdministrative": 60000, "nonRecurring": {}, "otherOperatingExpenses": 147190, "totalOperatingExpenses": 207190, "operatingIncome": -126260, "totalOtherIncomeExpenseNet": 0, "ebit": -126260, "interestExpense": {}, "incomeBeforeTax": -126260, "incomeTaxExpense": 0, "minorityInterest": {}, "netIncomeFromContinuingOps": -126260, "discontinuedOperations": {}, "extraordinaryItems": {}, "effectOfAccountingCharges": {}, "otherItems": {}, "netIncome": -126260, "netIncomeApplicableToCommonShares": -126260}, {"maxAge": 1, "endDate": "2020-03-31", "totalRevenue": 62570, "costOfRevenue": 0, "grossProfit": 62570, "researchDevelopment": {}, "sellingGeneralAdministrative": 126500, "nonRecurring": {}, "otherOperatingExpenses": 366210, "totalOperatingExpenses": 492710, "operatingIncome": -430140, "totalOtherIncomeExpenseNet": -38070, "ebit": -430140, "interestExpense": {}, "incomeBeforeTax": -468210, "incomeTaxExpense": 157380, "minorityInterest": {}, "netIncomeFromContinuingOps": -625590, "discontinuedOperations": {}, "extraordinaryItems": {}, "effectOfAccountingCharges": {}, "otherItems": {}, "netIncome": -625590, "netIncomeApplicableToCommonShares": -625590}, {"maxAge": 1, "endDate": "2019-12-31", "totalRevenue": 103980, "costOfRevenue": 0, "grossProfit": 103980, "researchDevelopment": {}, "sellingGeneralAdministrative": 126500, "nonRecurring": {}, "otherOperatingExpenses": 296480, "totalOperatingExpenses": 296480, "operatingIncome": -192500, "totalOtherIncomeExpenseNet": 0, "ebit": -192500, "interestExpense": {}, "incomeBeforeTax": -192500, "incomeTaxExpense": 0, "minorityInterest": {}, "netIncomeFromContinuingOps": -192500, "discontinuedOperations": {}, "extraordinaryItems": {}, "effectOfAccountingCharges": {}, "otherItems": {}, "netIncome": -192500, "netIncomeApplicableToCommonShares": -192500}, {"maxAge": 1, "endDate": "2019-09-30", "totalRevenue": 129810, "costOfRevenue": 0, "grossProfit": 129810, "researchDevelopment": {}, "sellingGeneralAdministrative": 126500, "nonRecurring": {}, "otherOperatingExpenses": 787490, "totalOperatingExpenses": 787490, "operatingIncome": -657680, "totalOtherIncomeExpenseNet": 0, "ebit": -657680, "interestExpense": {}, "incomeBeforeTax": -657680, "incomeTaxExpense": 0, "minorityInterest": {}, "netIncomeFromContinuingOps": -657680, "discontinuedOperations": {}, "extraordinaryItems": {}, "effectOfAccountingCharges": {}, "otherItems": {}, "netIncome": -657680, "netIncomeApplicableToCommonShares": -657680}], "maxAge": 86400}, "cashflowStatementHistoryQuarterly": {"cashflowStatements": [{"maxAge": 1, "endDate": "2020-06-30", "netIncome": -126260, "changeToLiabilities": 0}, {"maxAge": 1, "endDate": "2020-03-31", "netIncome": -625590, "changeToLiabilities": 0}, {"maxAge": 1, "endDate": "2019-12-31", "netIncome": -192500, "changeToLiabilities": 0}, {"maxAge": 1, "endDate": "2019-09-30", "netIncome": -657680, "changeToLiabilities": 0}], "maxAge": 86400}, "insiderHolders": {"holders": [{"maxAge": 1, "name": "HAL Offshore Ltd", "relation": "Institution- Corporation", "url": "", "transactionDescription": "Acquisition", "latestTransDate": "2012-09-29", "positionDirect": 132500, "positionDirectDate": "2012-09-29"}, {"maxAge": 1, "name": "Mawana Sugars Ltd", "relation": "Institution- Corporation", "url": "", "transactionDescription": "Acquisition", "latestTransDate": "2011-02-02", "positionDirect": 10613382, "positionDirectDate": "2011-02-02"}, {"maxAge": 1, "name": "SFSL Investments Ltd", "relation": "Institution- Corporation", "url": "", "transactionDescription": "Sale", "latestTransDate": "2011-02-02", "positionDirect": 0, "positionDirectDate": "2011-02-02"}], "maxAge": 1}, "calendarEvents": {"maxAge": 1, "earnings": {"earningsDate": []}}, "price": {"maxAge": 1, "regularMarketChangePercent": 0.018456398, "regularMarketChange": 0.11000013, "regularMarketTime": "2021-04-30 15:14:04", "priceHint": 2, "regularMarketPrice": 6.07, "regularMarketDayHigh": 6.07, "regularMarketDayLow": 6.07, "regularMarketVolume": 4161, "averageDailyVolume10Day": 530, "averageDailyVolume3Month": 30940, "regularMarketPreviousClose": 5.96, "regularMarketSource": "FREE_REALTIME", "regularMarketOpen": 6.07, "exchange": "BSE", "exchangeName": "BSE", "exchangeDataDelayedBy": 0, "marketState": "CLOSED", "quoteType": "EQUITY", "symbol": "SIELFNS.BO", "underlyingSymbol": null, "shortName": "SIEL FINANCIAL SERVICES LTD.", "longName": "Siel Financial Services Limited", "currency": "INR", "quoteSourceName": "Delayed Quote", "currencySymbol": "\u20b9", "fromCurrency": null, "toCurrency": null, "lastMarket": null, "marketCap": 68856864}, "balanceSheetHistory": {"balanceSheetStatements": [{"maxAge": 1, "endDate": "2020-03-31", "cash": 1267110, "shortTermInvestments": 4809060, "netReceivables": 179910, "otherCurrentAssets": 48680, "totalCurrentAssets": 6374300, "otherAssets": 38960, "totalAssets": 6413260, "otherCurrentLiab": 315210, "longTermDebt": 36587610, "totalCurrentLiabilities": 16032200, "totalLiab": 52619810, "commonStock": 113229890, "retainedEarnings": -221486440, "treasuryStock": 62050000, "otherStockholderEquity": 62050000, "totalStockholderEquity": -46206550, "netTangibleAssets": -46206550}, {"maxAge": 1, "endDate": "2019-03-31", "cash": 1628260, "shortTermInvestments": 5666730, "netReceivables": 210020, "totalCurrentAssets": 7614320, "otherAssets": 225270, "totalAssets": 7839590, "otherCurrentLiab": 158500, "longTermDebt": 36587610, "totalCurrentLiabilities": 15875430, "totalLiab": 52463040, "commonStock": 113229890, "retainedEarnings": -259923500, "treasuryStock": 102070160, "otherStockholderEquity": 102070160, "totalStockholderEquity": -44623450, "netTangibleAssets": -44623450}, {"maxAge": 1, "endDate": "2018-03-31", "cash": 1725410, "shortTermInvestments": 5000000, "netReceivables": 535760, "totalCurrentAssets": 7391490, "otherAssets": 916830, "totalAssets": 8308320, "otherCurrentLiab": 56160, "longTermDebt": 36587610, "totalCurrentLiabilities": 15762180, "totalLiab": 52349790, "commonStock": 113229890, "retainedEarnings": -259341520, "treasuryStock": 102070160, "otherStockholderEquity": 102070160, "totalStockholderEquity": -44041470, "netTangibleAssets": -44041470}, {"maxAge": 1, "endDate": "2017-03-31", "cash": 5855629, "netReceivables": 202295, "totalCurrentAssets": 6076272, "otherAssets": 884994, "totalAssets": 6961266, "otherCurrentLiab": 69544, "longTermDebt": 36587613, "totalCurrentLiabilities": 15771460, "totalLiab": 52359073, "commonStock": 113229895, "retainedEarnings": -220677702, "treasuryStock": 62050000, "otherStockholderEquity": 62050000, "totalStockholderEquity": -45397807, "netTangibleAssets": -45397807}], "maxAge": 86400}, "financialData": {"maxAge": 86400, "currentPrice": 6.07, "recommendationKey": "none", "grossProfits": 389610, "financialCurrency": "INR"}}}