{"SIEL.BO": {"cashflowStatementHistory": {"cashflowStatements": [{"maxAge": 1, "endDate": "2020-03-31", "netIncome": -4587703, "depreciation": 8152249, "changeToNetincome": 8915528, "changeToAccountReceivables": -23922900, "changeToLiabilities": 0, "changeToInventory": -18078000, "changeToOperatingActivities": 2125758, "totalCashFromOperatingActivities": -27395068, "capitalExpenditures": -13129086, "investments": -1027523, "otherCashflowsFromInvestingActivities": 12724700, "totalCashflowsFromInvestingActivities": -1431909, "netBorrowings": 28064696, "otherCashflowsFromFinancingActivities": -8947916, "totalCashFromFinancingActivities": 19116780, "changeInCash": -9710197}, {"maxAge": 1, "endDate": "2019-03-31", "netIncome": -6930794, "depreciation": 7123547, "changeToNetincome": 5305768, "changeToAccountReceivables": 15730457, "changeToLiabilities": 0, "changeToInventory": -5451437, "changeToOperatingActivities": -7008507, "totalCashFromOperatingActivities": 8769034, "capitalExpenditures": -15088193, "investments": 240789, "otherCashflowsFromInvestingActivities": 843443, "totalCashflowsFromInvestingActivities": -14003961, "netBorrowings": 7897394, "otherCashflowsFromFinancingActivities": -8396257, "totalCashFromFinancingActivities": -498863, "changeInCash": -5733790}, {"maxAge": 1, "endDate": "2018-03-31", "netIncome": -4960136, "depreciation": 7951739, "changeToNetincome": -5734351, "changeToAccountReceivables": -26761355, "changeToLiabilities": 0, "changeToInventory": 2896238, "changeToOperatingActivities": -7449502, "totalCashFromOperatingActivities": -33997997, "capitalExpenditures": -15088193, "investments": 16349675, "otherCashflowsFromInvestingActivities": 1318668, "totalCashflowsFromInvestingActivities": 18075505, "netBorrowings": 28242101, "otherCashflowsFromFinancingActivities": -6781633, "totalCashFromFinancingActivities": 21460468, "changeInCash": 5537975}, {"maxAge": 1, "endDate": "2017-03-31", "netIncome": -12579049, "depreciation": 9051595, "changeToNetincome": 3719037, "changeToAccountReceivables": -15037071, "changeToLiabilities": 3957654, "changeToInventory": -8954980, "changeToOperatingActivities": 11792526, "totalCashFromOperatingActivities": -12523952, "capitalExpenditures": -15088193, "investments": 16349675, "otherCashflowsFromInvestingActivities": 861875, "totalCashflowsFromInvestingActivities": 34055261, "netBorrowings": 58604264, "otherCashflowsFromFinancingActivities": -8400377, "totalCashFromFinancingActivities": 50203887, "changeInCash": 71735197}], "maxAge": 86400}, "institutionOwnership": {"ownershipList": [], "maxAge": 1}, "balanceSheetHistoryQuarterly": {"balanceSheetStatements": [{"maxAge": 1, "endDate": "2020-06-30", "totalStockholderEquity": 598190000, "netTangibleAssets": 598190000}, {"maxAge": 1, "endDate": "2020-03-31", "cash": 2858175, "shortTermInvestments": 13841004, "netReceivables": 45199412, "inventory": 36693453, "otherCurrentAssets": 4415227, "totalCurrentAssets": 103013853, "longTermInvestments": 569762412, "propertyPlantEquipment": 65912801, "otherAssets": 2102535, "deferredLongTermAssetCharges": 475863, "totalAssets": 740791601, "accountsPayable": 23603018, "longTermDebt": 56160059, "otherLiab": 1694458, "minorityInterest": -862303, "totalCurrentLiabilities": 85609420, "totalLiab": 143463937, "commonStock": 138500000, "retainedEarnings": 180187528, "treasuryStock": 80002439, "capitalSurplus": 199500000, "otherStockholderEquity": 80002439, "totalStockholderEquity": 598189967, "netTangibleAssets": 598189967}, {"maxAge": 1, "endDate": "2019-12-31", "totalStockholderEquity": 564567000, "netTangibleAssets": 564567000}, {"maxAge": 1, "endDate": "2019-09-30", "cash": 15907000, "netReceivables": 30174000, "inventory": 27990000, "otherCurrentAssets": 6652000, "totalCurrentAssets": 80723000, "longTermInvestments": 532682000, "propertyPlantEquipment": 69198000, "totalAssets": 682603000, "accountsPayable": 17376000, "longTermDebt": 54350000, "minorityInterest": -135000, "totalCurrentLiabilities": 63821000, "totalLiab": 118171000, "commonStock": 138500000, "treasuryStock": 426067000, "otherStockholderEquity": 426067000, "totalStockholderEquity": 564567000, "netTangibleAssets": 564567000}], "maxAge": 86400}, "indexTrend": {"maxAge": 1, "symbol": "SP5", "peRatio": 19.7411, "pegRatio": 1.34172, "estimates": [{"period": "0q", "growth": 0.549}, {"period": "+1q", "growth": 0.431}, {"period": "0y", "growth": 0.305}, {"period": "+1y", "growth": 0.109}, {"period": "+5y", "growth": 0.120859005}, {"period": "-5y"}]}, "insiderTransactions": {"transactions": [{"maxAge": 1, "shares": 21000, "filerUrl": "", "transactionText": "", "filerName": "Agrawal (Sanjeev)", "filerRelation": "Promoter", "moneyText": "", "startDate": "2014-08-25", "ownership": "D"}, {"maxAge": 1, "shares": 20612, "filerUrl": "", "transactionText": "", "filerName": "Agarwal (Deepti)", "filerRelation": "Promoter", "moneyText": "", "startDate": "2014-08-25", "ownership": "D"}, {"maxAge": 1, "shares": 27000, "filerUrl": "", "transactionText": "", "filerName": "Agarwal (Deepti)", "filerRelation": "Promoter", "moneyText": "", "startDate": "2014-08-22", "ownership": "D"}, {"maxAge": 1, "shares": 30000, "filerUrl": "", "transactionText": "", "filerName": "Agrawal (Sanjeev)", "filerRelation": "Promoter", "moneyText": "", "startDate": "2014-08-22", "ownership": "D"}, {"maxAge": 1, "shares": 19625, "filerUrl": "", "transactionText": "", "filerName": "Agarwal (Deepti)", "filerRelation": "Promoter", "moneyText": "", "startDate": "2014-07-11", "ownership": "D"}, {"maxAge": 1, "shares": 20950, "filerUrl": "", "transactionText": "", "filerName": "Agrawal (Sanjeev)", "filerRelation": "Promoter", "moneyText": "", "startDate": "2014-07-11", "ownership": "D"}, {"maxAge": 1, "shares": 12200, "filerUrl": "", "transactionText": "", "filerName": "Agarwal (Deepti)", "filerRelation": "Promoter", "moneyText": "", "startDate": "2014-07-08", "ownership": "D"}, {"maxAge": 1, "shares": 16907, "filerUrl": "", "transactionText": "", "filerName": "Agrawal (Sanjeev)", "filerRelation": "Promoter", "moneyText": "", "startDate": "2014-07-08", "ownership": "D"}, {"maxAge": 1, "shares": 17107, "filerUrl": "", "transactionText": "", "filerName": "Agrawal (Sanjeev)", "filerRelation": "Promoter", "moneyText": "", "startDate": "2014-07-03", "ownership": "D"}, {"maxAge": 1, "shares": 15000, "filerUrl": "", "transactionText": "", "filerName": "Agrawal (Sanjeev)", "filerRelation": "Promoter", "moneyText": "", "startDate": "2014-06-17", "ownership": "D"}, {"maxAge": 1, "shares": 0, "filerUrl": "", "transactionText": "", "filerName": "Agrawal (Sanjeev)", "filerRelation": "Promoter", "moneyText": "", "startDate": "2014-06-17", "ownership": "I"}, {"maxAge": 1, "shares": 24035, "filerUrl": "", "transactionText": "", "filerName": "Agarwal (Deepti)", "filerRelation": "Promoter", "moneyText": "", "startDate": "2014-06-04", "ownership": "D"}, {"maxAge": 1, "shares": 29220, "filerUrl": "", "transactionText": "", "filerName": "Agarwal (Deepti)", "filerRelation": "Promoter", "moneyText": "", "startDate": "2014-06-03", "ownership": "D"}, {"maxAge": 1, "shares": 45866, "filerUrl": "", "transactionText": "", "filerName": "Agarwal (Deepti)", "filerRelation": "Promoter", "moneyText": "", "startDate": "2014-06-02", "ownership": "D"}, {"maxAge": 1, "shares": 45500, "filerUrl": "", "transactionText": "", "filerName": "Agarwal (Deepti)", "filerRelation": "Promoter", "moneyText": "", "startDate": "2012-03-28", "ownership": "D"}, {"maxAge": 1, "shares": 13000, "filerUrl": "", "transactionText": "", "filerName": "Agarwal (Prabha Rani)", "filerRelation": "UNREPORTED", "moneyText": "", "startDate": "2012-03-28", "ownership": "D"}, {"maxAge": 1, "shares": 20000, "filerUrl": "", "transactionText": "", "filerName": "Agarwal (Deepti)", "filerRelation": "Promoter", "moneyText": "", "startDate": "2012-03-26", "ownership": "D"}, {"maxAge": 1, "shares": 19500, "filerUrl": "", "transactionText": "", "filerName": "Agarwal (Prabha Rani)", "filerRelation": "UNREPORTED", "moneyText": "", "startDate": "2012-03-26", "ownership": "D"}, {"maxAge": 1, "shares": 12000, "filerUrl": "", "transactionText": "", "filerName": "Agarwal (Deepti)", "filerRelation": "Promoter", "moneyText": "", "startDate": "2012-03-23", "ownership": "D"}, {"maxAge": 1, "shares": 12500, "filerUrl": "", "transactionText": "", "filerName": "Agarwal (Prabha Rani)", "filerRelation": "UNREPORTED", "moneyText": "", "startDate": "2012-03-23", "ownership": "D"}, {"maxAge": 1, "shares": 10000, "filerUrl": "", "transactionText": "", "filerName": "Agarwal (Prabha Rani)", "filerRelation": "UNREPORTED", "moneyText": "", "startDate": "2012-03-22", "ownership": "D"}, {"maxAge": 1, "shares": 10000, "filerUrl": "", "transactionText": "", "filerName": "Agarwal (Deepti)", "filerRelation": "Promoter", "moneyText": "", "startDate": "2012-03-22", "ownership": "D"}], "maxAge": 1}, "quoteType": {"exchange": "BSE", "quoteType": "EQUITY", "symbol": "SIEL.BO", "underlyingSymbol": "SIEL.BO", "shortName": "SUPERIOR INDUSTRIAL ENTERPRISE", "longName": "Superior Industrial Enterprises Limited", "firstTradeDateEpochUtc": "1998-12-30 09:15:00", "timeZoneFullName": "Asia/Kolkata", "timeZoneShortName": "IST", "uuid": "cfc5aa83-bd93-3593-afc1-9ebc19c2d3b2", "gmtOffSetMilliseconds": 19800000, "maxAge": 1}, "incomeStatementHistory": {"incomeStatementHistory": [{"maxAge": 1, "endDate": "2020-03-31", "totalRevenue": 238838588, "costOfRevenue": 198536459, "grossProfit": 40302129, "researchDevelopment": {}, "sellingGeneralAdministrative": 17856608, "nonRecurring": {}, "otherOperatingExpenses": 10150461, "totalOperatingExpenses": 234695777, "operatingIncome": 4142811, "totalOtherIncomeExpenseNet": -7837581, "ebit": 4142811, "interestExpense": -8521122, "incomeBeforeTax": -3694770, "incomeTaxExpense": 0, "minorityInterest": -862303, "netIncomeFromContinuingOps": -3694770, "discontinuedOperations": {}, "extraordinaryItems": {}, "effectOfAccountingCharges": {}, "otherItems": {}, "netIncome": -4587703, "netIncomeApplicableToCommonShares": -4587703}, {"maxAge": 1, "endDate": "2019-03-31", "totalRevenue": 185166790, "costOfRevenue": 160234782, "grossProfit": 24932008, "researchDevelopment": {}, "sellingGeneralAdministrative": 12361087, "nonRecurring": {}, "otherOperatingExpenses": 7437208, "totalOperatingExpenses": 187156624, "operatingIncome": -1989834, "totalOtherIncomeExpenseNet": -7184640, "ebit": -1989834, "interestExpense": -8268407, "incomeBeforeTax": -9174474, "incomeTaxExpense": 3368, "minorityInterest": -1755237, "netIncomeFromContinuingOps": -9177842, "discontinuedOperations": {}, "extraordinaryItems": {}, "effectOfAccountingCharges": {}, "otherItems": {}, "netIncome": -6930794, "netIncomeApplicableToCommonShares": -6930794}, {"maxAge": 1, "endDate": "2018-03-31", "totalRevenue": 133164604, "costOfRevenue": 104011482, "grossProfit": 29153122, "researchDevelopment": {}, "sellingGeneralAdministrative": 12111368, "nonRecurring": {}, "otherOperatingExpenses": 17239337, "totalOperatingExpenses": 141313926, "operatingIncome": -8149322, "totalOtherIncomeExpenseNet": -606809, "ebit": -8149322, "interestExpense": -6781633, "incomeBeforeTax": -8756131, "incomeTaxExpense": 4382, "minorityInterest": 491811, "netIncomeFromContinuingOps": -8760513, "discontinuedOperations": {}, "extraordinaryItems": {}, "effectOfAccountingCharges": {}, "otherItems": {}, "netIncome": -4960136, "netIncomeApplicableToCommonShares": -4960136}, {"maxAge": 1, "endDate": "2017-03-31", "totalRevenue": 81513652, "costOfRevenue": 57699963, "grossProfit": 23813689, "researchDevelopment": {}, "sellingGeneralAdministrative": 13016649, "nonRecurring": {}, "otherOperatingExpenses": 15481867, "totalOperatingExpenses": 95250074, "operatingIncome": -13736422, "totalOtherIncomeExpenseNet": -7009242, "ebit": -13736422, "interestExpense": -7799720, "incomeBeforeTax": -20745664, "incomeTaxExpense": -301738, "minorityInterest": 4541668, "netIncomeFromContinuingOps": -20443926, "discontinuedOperations": {}, "extraordinaryItems": {}, "effectOfAccountingCharges": {}, "otherItems": {}, "netIncome": -12579049, "netIncomeApplicableToCommonShares": -12579049}], "maxAge": 86400}, "fundOwnership": {"ownershipList": [], "maxAge": 1}, "summaryDetail": {"maxAge": 1, "priceHint": 2, "previousClose": 18.3, "open": 19.0, "dayLow": 19.0, "dayHigh": 19.0, "regularMarketPreviousClose": 18.3, "regularMarketOpen": 19.0, "regularMarketDayLow": 19.0, "regularMarketDayHigh": 19.0, "volume": 12, "regularMarketVolume": 12, "averageVolume": 307, "averageVolume10days": 70, "averageDailyVolume10Day": 70, "bid": 0.0, "ask": 19.0, "marketCap": 263150000, "fiftyTwoWeekLow": 5.6, "fiftyTwoWeekHigh": 19.0, "fiftyDayAverage": 9.180303, "twoHundredDayAverage": 7.492117, "currency": "INR", "fromCurrency": null, "lastMarket": null, "algorithm": null, "tradeable": false}, "incomeStatementHistoryQuarterly": {"incomeStatementHistory": [{"maxAge": 1, "endDate": "2020-06-30", "totalRevenue": 47060000, "costOfRevenue": 35056000, "grossProfit": 12004000, "researchDevelopment": {}, "sellingGeneralAdministrative": 3732000, "nonRecurring": {}, "otherOperatingExpenses": 3162000, "totalOperatingExpenses": 43859000, "operatingIncome": 3201000, "totalOtherIncomeExpenseNet": 5119000, "ebit": 3201000, "interestExpense": -1796000, "incomeBeforeTax": 8320000, "incomeTaxExpense": 0, "minorityInterest": {}, "netIncomeFromContinuingOps": 8320000, "discontinuedOperations": {}, "extraordinaryItems": {}, "effectOfAccountingCharges": {}, "otherItems": {}, "netIncome": 6545000, "netIncomeApplicableToCommonShares": 6545000}, {"maxAge": 1, "endDate": "2020-03-31", "totalRevenue": 71075588, "costOfRevenue": 72704459, "grossProfit": -1628871, "researchDevelopment": {}, "sellingGeneralAdministrative": 7536608, "nonRecurring": {}, "otherOperatingExpenses": -10636539, "totalOperatingExpenses": 71429777, "operatingIncome": -354189, "totalOtherIncomeExpenseNet": -1239581, "ebit": -354189, "interestExpense": -1923122, "incomeBeforeTax": -1593770, "incomeTaxExpense": 0, "minorityInterest": -862303, "netIncomeFromContinuingOps": -1593770, "discontinuedOperations": {}, "extraordinaryItems": {}, "effectOfAccountingCharges": {}, "otherItems": {}, "netIncome": -2486703, "netIncomeApplicableToCommonShares": -2486703}, {"maxAge": 1, "endDate": "2019-12-31", "totalRevenue": 17379000, "costOfRevenue": 8626000, "grossProfit": 8753000, "researchDevelopment": {}, "sellingGeneralAdministrative": 3416000, "nonRecurring": {}, "otherOperatingExpenses": 5068000, "totalOperatingExpenses": 19219000, "operatingIncome": -1840000, "totalOtherIncomeExpenseNet": -2002000, "ebit": -1840000, "interestExpense": -2002000, "incomeBeforeTax": -3842000, "incomeTaxExpense": 0, "minorityInterest": -862303, "netIncomeFromContinuingOps": -3842000, "discontinuedOperations": {}, "extraordinaryItems": {}, "effectOfAccountingCharges": {}, "otherItems": {}, "netIncome": -3842000, "netIncomeApplicableToCommonShares": -3842000}, {"maxAge": 1, "endDate": "2019-09-30", "totalRevenue": 53514000, "costOfRevenue": 40565000, "grossProfit": 12949000, "researchDevelopment": {}, "sellingGeneralAdministrative": 4329000, "nonRecurring": {}, "otherOperatingExpenses": 6421000, "totalOperatingExpenses": 53424000, "operatingIncome": 90000, "totalOtherIncomeExpenseNet": -2152000, "ebit": 90000, "interestExpense": -2153000, "incomeBeforeTax": -2062000, "incomeTaxExpense": 0, "minorityInterest": -135000, "netIncomeFromContinuingOps": -2062000, "discontinuedOperations": {}, "extraordinaryItems": {}, "effectOfAccountingCharges": {}, "otherItems": {}, "netIncome": -2062000, "netIncomeApplicableToCommonShares": -2062000}], "maxAge": 86400}, "cashflowStatementHistoryQuarterly": {"cashflowStatements": [{"maxAge": 1, "endDate": "2020-06-30", "netIncome": 6545000, "changeToLiabilities": 0}, {"maxAge": 1, "endDate": "2020-03-31", "netIncome": -2486703, "changeToLiabilities": 0}, {"maxAge": 1, "endDate": "2019-12-31", "netIncome": -3842000, "changeToLiabilities": 0}, {"maxAge": 1, "endDate": "2019-09-30", "netIncome": -2062000, "changeToLiabilities": 0}], "maxAge": 86400}, "insiderHolders": {"holders": [{"maxAge": 1, "name": "Agarwal (Deepti)", "relation": "Promoter", "url": "", "transactionDescription": "Sale", "latestTransDate": "2014-08-25", "positionDirect": 518942, "positionDirectDate": "2014-08-25"}, {"maxAge": 1, "name": "Agarwal (Prabha Rani)", "relation": "UNREPORTED", "url": "", "transactionDescription": "Sale", "latestTransDate": "2012-03-28", "positionDirect": 0, "positionDirectDate": "2012-03-28"}, {"maxAge": 1, "name": "Agrawal (Sanjeev)", "relation": "Promoter", "url": "", "transactionDescription": "Sale", "latestTransDate": "2014-08-25", "positionDirect": 669036, "positionDirectDate": "2014-08-25"}], "maxAge": 1}, "calendarEvents": {"maxAge": 1, "earnings": {"earningsDate": []}}, "upgradeDowngradeHistory": {"history": [], "maxAge": 86400}, "price": {"maxAge": 1, "regularMarketChangePercent": 0.03825141, "regularMarketChange": 0.70000076, "regularMarketTime": "2021-04-30 12:18:15", "priceHint": 2, "regularMarketPrice": 19.0, "regularMarketDayHigh": 19.0, "regularMarketDayLow": 19.0, "regularMarketVolume": 12, "averageDailyVolume10Day": 70, "averageDailyVolume3Month": 307, "regularMarketPreviousClose": 18.3, "regularMarketSource": "FREE_REALTIME", "regularMarketOpen": 19.0, "exchange": "BSE", "exchangeName": "BSE", "exchangeDataDelayedBy": 0, "marketState": "CLOSED", "quoteType": "EQUITY", "symbol": "SIEL.BO", "underlyingSymbol": null, "shortName": "SUPERIOR INDUSTRIAL ENTERPRISE", "longName": "Superior Industrial Enterprises Limited", "currency": "INR", "quoteSourceName": "Delayed Quote", "currencySymbol": "\u20b9", "fromCurrency": null, "lastMarket": null, "marketCap": 263150000}, "balanceSheetHistory": {"balanceSheetStatements": [{"maxAge": 1, "endDate": "2020-03-31", "cash": 2858175, "shortTermInvestments": 13841004, "netReceivables": 45199412, "inventory": 36693453, "otherCurrentAssets": 4415227, "totalCurrentAssets": 103013853, "longTermInvestments": 569762412, "propertyPlantEquipment": 65912801, "otherAssets": 2102535, "deferredLongTermAssetCharges": 475863, "totalAssets": 740791601, "accountsPayable": 23603018, "longTermDebt": 56160059, "otherLiab": 1694458, "minorityInterest": -862303, "totalCurrentLiabilities": 85609420, "totalLiab": 143463937, "commonStock": 138500000, "retainedEarnings": 180187528, "treasuryStock": 80002439, "capitalSurplus": 199500000, "otherStockholderEquity": 80002439, "totalStockholderEquity": 598189967, "netTangibleAssets": 598189967}, {"maxAge": 1, "endDate": "2019-03-31", "cash": 12568372, "shortTermInvestments": 13050685, "netReceivables": 23563622, "inventory": 18615453, "otherCurrentAssets": 5199887, "totalCurrentAssets": 73005489, "longTermInvestments": 484768977, "propertyPlantEquipment": 72735345, "otherAssets": 1614343, "deferredLongTermAssetCharges": 190877, "totalAssets": 632124154, "accountsPayable": 13365415, "otherCurrentLiab": 1, "longTermDebt": 68263068, "otherLiab": 1292930, "minorityInterest": -1755237, "totalCurrentLiabilities": 46406929, "totalLiab": 115962927, "commonStock": 138500000, "retainedEarnings": 113592063, "treasuryStock": 66324401, "capitalSurplus": 199500000, "otherStockholderEquity": 66324401, "totalStockholderEquity": 517916464, "netTangibleAssets": 517916464}, {"maxAge": 1, "endDate": "2018-03-31", "cash": 18302161, "netReceivables": 39188823, "inventory": 13164016, "otherCurrentAssets": 3426038, "totalCurrentAssets": 74100713, "longTermInvestments": 374218281, "propertyPlantEquipment": 64770699, "goodWill": 125, "otherAssets": 1165949, "totalAssets": 514255767, "accountsPayable": 7947300, "otherCurrentLiab": 2158558, "longTermDebt": 59165257, "otherLiab": -1, "minorityInterest": 491811, "totalCurrentLiabilities": 40542803, "totalLiab": 99708059, "commonStock": 138500000, "retainedEarnings": 22671206, "treasuryStock": 53384691, "capitalSurplus": 199500000, "otherStockholderEquity": 53384691, "totalStockholderEquity": 414055897, "netTangibleAssets": 414055772}, {"maxAge": 1, "endDate": "2017-03-31", "cash": 1017747, "netReceivables": 24489919, "inventory": 21307499, "totalCurrentAssets": 46931226, "longTermInvestments": 375493698, "propertyPlantEquipment": 114444467, "goodWill": 60254, "otherAssets": 1830037, "deferredLongTermAssetCharges": 390104, "totalAssets": 538759682, "accountsPayable": 11433568, "shortLongTermDebt": 212563, "otherCurrentLiab": 15347949, "longTermDebt": 100074914, "deferredLongTermLiab": 59370, "minorityInterest": 4541668, "totalCurrentLiabilities": 34291095, "totalLiab": 134366009, "commonStock": 138500000, "retainedEarnings": 6058198, "treasuryStock": 55793807, "capitalSurplus": 199500000, "otherStockholderEquity": 55793807, "totalStockholderEquity": 399852005, "netTangibleAssets": 399791751}], "maxAge": 86400}, "financialData": {"maxAge": 86400, "currentPrice": 19.0, "recommendationKey": "none", "grossProfits": 40302129, "financialCurrency": "INR"}}}