{"SIEMENS.NS": {"assetProfile": {"address1": "Birla Aurora", "address2": "Level 21 Plot No. 1080 Dr. Annie Besant Road, Worli", "city": "Mumbai", "zip": "400030", "country": "India", "phone": "91 22 3967 7000", "fax": "91 22 2436 2403", "website": "http://www.siemens.co.in", "industry": "Specialty Industrial Machinery", "sector": "Industrials", "longBusinessSummary": "Siemens Limited manufactures and sells electric motors, generators, transformers, electricity distribution and control apparatus, electric signaling, safety or traffic-control equipment, and general purpose machinery in India and internationally. The company's Energy segment provides integrated products, solutions, and services for oil and gas production, and power generation and transmission. It serves oil and gas, utilities, independent power producers, and engineering, procurement, and construction companies. Its Smart Infrastructure segment supplies products, systems, solutions, and services for transmission and distribution of electrical energy for power utilities, industrial companies, and infrastructure segments. This segment offers systems for low and medium voltage distribution; solutions for smart grids and energy automation; and low voltage power supply systems, as well as intelligent and connected infrastructure for grids and buildings. The company's Mobility segment provides solutions for passenger and freight transportation, including rail vehicles, rail automation systems, rail electrification systems, road traffic technology, and IT solutions. Its Portfolio Companies segment provides products, process solutions, and services across life cycles for wind and industry sectors. The company's Digital Industries segment offers automation, drives, and software technologies covering the complete life cycle from product design and production execution to services for discrete and process industries. The company also engages in the lease rental business. Siemens Limited has a strategic partnership with Salesforce to develop a new workplace technology suite; and Allied Electronics & Automation, Inc. The company was formerly known as Siemens India Limited and changed its name to Siemens Limited in March 1987. Siemens Limited was founded in 1867 and is based in Mumbai, India. Siemens Limited is a subsidiary of Siemens Aktiengesellschaft.", "fullTimeEmployees": 9258, "companyOfficers": [{"maxAge": 1, "name": "Mr. Sunil Dass Mathur", "age": 57, "title": "CEO, MD & Whole-Time Director", "yearBorn": 1963, "fiscalYear": 2020, "totalPay": 163650000, "exercisedValue": 0, "unexercisedValue": 0}, {"maxAge": 1, "name": "Dr. Daniel Gerold Spindler", "age": 46, "title": "CFO & Exec. Director", "yearBorn": 1974, "fiscalYear": 2020, "totalPay": 52120000, "exercisedValue": 0, "unexercisedValue": 0}, {"maxAge": 1, "name": "Mr. Ketan Nandkishor Thaker", "title": "Compliance Officer & Company Sec.", "fiscalYear": 2020, "totalPay": 10000000, "exercisedValue": 0, "unexercisedValue": 0}, {"maxAge": 1, "name": "K.  Alleraun", "title": "Head of Accounting & Controlling", "exercisedValue": 0, "unexercisedValue": 0}, {"maxAge": 1, "name": "Mr. Naveen  Mohan", "title": "Exec. VP of Investor Relations & Supply Chain Management", "exercisedValue": 0, "unexercisedValue": 0}, {"maxAge": 1, "name": "Mr. G.  D'Silva", "title": "Head of Industrial Relations and Head of Kalwa Works", "exercisedValue": 0, "unexercisedValue": 0}, {"maxAge": 1, "name": "Mr. M. K. Vig", "title": "Head of Transportation Systems & Kharghar Office", "exercisedValue": 0, "unexercisedValue": 0}, {"maxAge": 1, "name": "Mr. K.  Prabhu", "title": "Co-Head of Medical Solutions", "exercisedValue": 0, "unexercisedValue": 0}, {"maxAge": 1, "name": "Mr. J.  Rao", "title": "Head of Occupational Safety & Environment", "exercisedValue": 0, "unexercisedValue": 0}, {"maxAge": 1, "name": "Ms. S.  Ray", "title": "Head of Internal Audit", "exercisedValue": 0, "unexercisedValue": 0}], "auditRisk": 5, "boardRisk": 6, "compensationRisk": 8, "shareHolderRightsRisk": 8, "overallRisk": 9, "governanceEpochDate": "2021-04-01 05:30:00", "compensationAsOfEpochDate": "2020-12-31 05:30:00", "maxAge": 86400}, "recommendationTrend": {"trend": [{"period": "0m", "strongBuy": 0, "buy": 0, "hold": 0, "sell": 0, "strongSell": 0}, {"period": "-1m", "strongBuy": 4, "buy": 4, "hold": 4, "sell": 10, "strongSell": 2}, {"period": "-2m", "strongBuy": 4, "buy": 3, "hold": 4, "sell": 10, "strongSell": 2}, {"period": "-3m", "strongBuy": 4, "buy": 4, "hold": 4, "sell": 9, "strongSell": 3}], "maxAge": 86400}, "cashflowStatementHistory": {"cashflowStatements": [{"maxAge": 1, "endDate": "2020-09-30", "netIncome": 7686000000, "depreciation": 1912000000, "changeToNetincome": -1306000000, "changeToAccountReceivables": 846000000, "changeToLiabilities": -1843000000, "changeToInventory": 44000000, "changeToOperatingActivities": -142000000, "totalCashFromOperatingActivities": 7197000000, "capitalExpenditures": -180000000, "investments": 4967000000, "otherCashflowsFromInvestingActivities": 3844000000, "totalCashflowsFromInvestingActivities": 8709000000, "dividendsPaid": -2493000000, "netBorrowings": -550000000, "otherCashflowsFromFinancingActivities": -817000000, "totalCashFromFinancingActivities": -3860000000, "effectOfExchangeRate": 3000000, "changeInCash": 12049000000}, {"maxAge": 1, "endDate": "2019-09-30", "netIncome": 10994000000, "depreciation": 1989000000, "changeToNetincome": -5217000000, "changeToAccountReceivables": -536000000, "changeToLiabilities": 5110000000, "changeToInventory": 307000000, "changeToOperatingActivities": 82000000, "totalCashFromOperatingActivities": 12729000000, "capitalExpenditures": -1003000000, "investments": -14805000000, "otherCashflowsFromInvestingActivities": 3606000000, "totalCashflowsFromInvestingActivities": -11341000000, "dividendsPaid": -2493000000, "netBorrowings": -550000000, "otherCashflowsFromFinancingActivities": -622000000, "totalCashFromFinancingActivities": -3115000000, "effectOfExchangeRate": -11000000, "changeInCash": -1738000000}, {"maxAge": 1, "endDate": "2018-09-30", "netIncome": 9012000000, "depreciation": 1969000000, "changeToNetincome": -2106000000, "changeToAccountReceivables": -11127000000, "changeToLiabilities": 3673000000, "changeToInventory": -1289000000, "changeToOperatingActivities": 858000000, "totalCashFromOperatingActivities": 998000000, "capitalExpenditures": -1906000000, "investments": 40000000, "otherCashflowsFromInvestingActivities": 5000000, "totalCashflowsFromInvestingActivities": -1746000000, "dividendsPaid": -2493000000, "netBorrowings": -550000000, "otherCashflowsFromFinancingActivities": -560000000, "totalCashFromFinancingActivities": -3053000000, "effectOfExchangeRate": 8000000, "changeInCash": -3793000000}, {"maxAge": 1, "endDate": "2017-09-30", "netIncome": 11367000000, "depreciation": 1971000000, "changeToNetincome": -9528000000, "changeToAccountReceivables": -3905000000, "changeToLiabilities": 6714000000, "changeToInventory": -107000000, "changeToOperatingActivities": -785000000, "totalCashFromOperatingActivities": 5734000000, "capitalExpenditures": -2864000000, "investments": 10466000000, "otherCashflowsFromInvestingActivities": -589000000, "totalCashflowsFromInvestingActivities": 13224000000, "dividendsPaid": -2137000000, "netBorrowings": -252000000, "otherCashflowsFromFinancingActivities": -463000000, "totalCashFromFinancingActivities": -2852000000, "effectOfExchangeRate": -10000000, "changeInCash": 16096000000}], "maxAge": 86400}, "indexTrend": {"maxAge": 1, "symbol": "SP5", "peRatio": 19.7411, "pegRatio": 1.34172, "estimates": [{"period": "0q", "growth": 0.549}, {"period": "+1q", "growth": 0.431}, {"period": "0y", "growth": 0.305}, {"period": "+1y", "growth": 0.109}, {"period": "+5y", "growth": 0.120865}, {"period": "-5y"}]}, "defaultKeyStatistics": {"maxAge": 1, "priceHint": 2, "enterpriseValue": 613053956096, "profitMargins": 0.07724, "floatShares": 86241642, "sharesOutstanding": 356120000, "heldPercentInsiders": 0.75183, "heldPercentInstitutions": 0.11797, "beta": 0.669255, "category": null, "bookValue": 266.539, "priceToBook": 7.058817, "fundFamily": null, "legalType": null, "lastFiscalYearEnd": "2020-09-30 05:30:00", "nextFiscalYearEnd": "2022-09-30 05:30:00", "mostRecentQuarter": "2020-12-31 05:30:00", "earningsQuarterlyGrowth": 0.112, "netIncomeToCommon": 7792000000, "trailingEps": 22.421, "forwardEps": 24.96, "lastSplitFactor": "2:1", "lastSplitDate": "2008-02-29 05:30:00", "enterpriseToRevenue": 5.932, "enterpriseToEbitda": 47.646}, "industryTrend": {"maxAge": 1, "symbol": null, "estimates": []}, "quoteType": {"exchange": "NSI", "quoteType": "EQUITY", "symbol": "SIEMENS.NS", "underlyingSymbol": "SIEMENS.NS", "shortName": "SIEMENS INDIA LTD", "longName": "Siemens Limited", "firstTradeDateEpochUtc": "1999-01-04 09:15:00", "timeZoneFullName": "Asia/Kolkata", "timeZoneShortName": "IST", "uuid": "dd6372df-dda2-3035-b2ff-716e217058b6", "gmtOffSetMilliseconds": 19800000, "maxAge": 1}, "incomeStatementHistory": {"incomeStatementHistory": [{"maxAge": 1, "endDate": "2020-09-30", "totalRevenue": 99465000000, "costOfRevenue": 64495000000, "grossProfit": 34970000000, "researchDevelopment": {}, "sellingGeneralAdministrative": 14200000000, "nonRecurring": {}, "otherOperatingExpenses": 8264000000, "totalOperatingExpenses": 88871000000, "operatingIncome": 10594000000, "totalOtherIncomeExpenseNet": -225000000, "ebit": 10594000000, "interestExpense": -295000000, "incomeBeforeTax": 10369000000, "incomeTaxExpense": 2674000000, "minorityInterest": {}, "netIncomeFromContinuingOps": 7695000000, "discontinuedOperations": -9000000, "extraordinaryItems": {}, "effectOfAccountingCharges": {}, "otherItems": {}, "netIncome": 7686000000, "netIncomeApplicableToCommonShares": 7686000000}, {"maxAge": 1, "endDate": "2019-09-30", "totalRevenue": 130839000000, "costOfRevenue": 89337000000, "grossProfit": 41502000000, "researchDevelopment": {}, "sellingGeneralAdministrative": 16053000000, "nonRecurring": {}, "otherOperatingExpenses": 10264000000, "totalOperatingExpenses": 117643000000, "operatingIncome": 13196000000, "totalOtherIncomeExpenseNet": 3945000000, "ebit": 13196000000, "interestExpense": -116000000, "incomeBeforeTax": 17141000000, "incomeTaxExpense": 5785000000, "minorityInterest": {}, "netIncomeFromContinuingOps": 11356000000, "discontinuedOperations": -362000000, "extraordinaryItems": {}, "effectOfAccountingCharges": {}, "otherItems": {}, "netIncome": 10994000000, "netIncomeApplicableToCommonShares": 10994000000}, {"maxAge": 1, "endDate": "2018-09-30", "totalRevenue": 127953000000, "costOfRevenue": 87460000000, "grossProfit": 40493000000, "researchDevelopment": {}, "sellingGeneralAdministrative": 15588000000, "nonRecurring": {}, "otherOperatingExpenses": 10441000000, "totalOperatingExpenses": 115466000000, "operatingIncome": 12487000000, "totalOtherIncomeExpenseNet": 1528000000, "ebit": 12487000000, "interestExpense": -82000000, "incomeBeforeTax": 14015000000, "incomeTaxExpense": 5003000000, "minorityInterest": {}, "netIncomeFromContinuingOps": 9012000000, "discontinuedOperations": -362000000, "extraordinaryItems": {}, "effectOfAccountingCharges": {}, "otherItems": {}, "netIncome": 9012000000, "netIncomeApplicableToCommonShares": 9012000000}, {"maxAge": 1, "endDate": "2017-09-30", "totalRevenue": 110647000000, "costOfRevenue": 75326000000, "grossProfit": 35321000000, "researchDevelopment": {}, "sellingGeneralAdministrative": 14850000000, "nonRecurring": {}, "otherOperatingExpenses": 10310000000, "totalOperatingExpenses": 102464000000, "operatingIncome": 8183000000, "totalOtherIncomeExpenseNet": 8507000000, "ebit": 8183000000, "interestExpense": -79000000, "incomeBeforeTax": 16690000000, "incomeTaxExpense": 5323000000, "minorityInterest": {}, "netIncomeFromContinuingOps": 11367000000, "discontinuedOperations": -362000000, "extraordinaryItems": {}, "effectOfAccountingCharges": {}, "otherItems": {}, "netIncome": 11367000000, "netIncomeApplicableToCommonShares": 11367000000}], "maxAge": 86400}, "fundOwnership": {"ownershipList": [{"maxAge": 1, "reportDate": "2021-01-31", "organization": "Vanguard International Stock Index-Total Intl Stock Indx", "pctHeld": 0.0034999999, "position": 1230005, "value": 1951341432}, {"maxAge": 1, "reportDate": "2021-01-31", "organization": "Vanguard International Stock Index-Emerging Markets Stk", "pctHeld": 0.0033000002, "position": 1169516, "value": 1855378658}, {"maxAge": 1, "reportDate": "2021-03-31", "organization": "iShares Core MSCI Emerging Markets ETF", "pctHeld": 0.0018000001, "position": 638038, "value": 1176542072}, {"maxAge": 1, "reportDate": "2021-03-31", "organization": "iShares MSCI India ETF", "pctHeld": 0.0014, "position": 498873, "value": 919921812}, {"maxAge": 1, "reportDate": "2021-03-31", "organization": "SPDR Portfolio Emerging Markets ETF", "pctHeld": 0.00090000004, "position": 305219, "value": 562823836}, {"maxAge": 1, "reportDate": "2021-03-31", "organization": "iShares MSCI Emerging Markets ETF", "pctHeld": 0.0008, "position": 268160, "value": 494487040}, {"maxAge": 1, "reportDate": "2021-01-31", "organization": "DFA Emerging Markets Core Equity Portfolio", "pctHeld": 0.0004, "position": 159092, "value": 252391503}, {"maxAge": 1, "reportDate": "2021-01-31", "organization": "Vanguard Intl Equity Index Fds-FTSE All World ex U.S. Index Fund", "pctHeld": 0.0004, "position": 156017, "value": 247513169}, {"maxAge": 1, "reportDate": "2021-02-28", "organization": "Schwab Strategic Tr-Schwab Emerging Markets Equity ETF", "pctHeld": 0.00029999999, "position": 112621, "value": 208348850}, {"maxAge": 1, "reportDate": "2021-03-31", "organization": "iShares Core MSCI Total International Stock ETF", "pctHeld": 0.0002, "position": 84144, "value": 155161536}], "maxAge": 1}, "summaryDetail": {"maxAge": 1, "priceHint": 2, "previousClose": 1877.45, "open": 1880.0, "dayLow": 1868.0, "dayHigh": 1912.35, "regularMarketPreviousClose": 1877.45, "regularMarketOpen": 1880.0, "regularMarketDayLow": 1868.0, "regularMarketDayHigh": 1912.35, "dividendRate": 7.0, "dividendYield": 0.0037, "exDividendDate": "2021-01-27 05:30:00", "payoutRatio": 0.3196, "fiveYearAvgDividendYield": 0.55, "beta": 0.669255, "trailingPE": 83.914635, "forwardPE": 75.37861, "volume": 212250, "regularMarketVolume": 212250, "averageVolume": 421302, "averageVolume10days": 174163, "averageDailyVolume10Day": 174163, "bid": 0.0, "ask": 0.0, "bidSize": 0, "askSize": 0, "marketCap": 670040719360, "fiftyTwoWeekLow": 990.0, "fiftyTwoWeekHigh": 1967.75, "priceToSalesTrailing12Months": 6.4834075, "fiftyDayAverage": 1863.9955, "twoHundredDayAverage": 1566.4382, "trailingAnnualDividendRate": 7.0, "trailingAnnualDividendYield": 0.0037284617, "currency": "INR", "fromCurrency": null, "lastMarket": null, "algorithm": null, "tradeable": false}, "insiderHolders": {"holders": [{"maxAge": 1, "name": "Bhambani (Pramod Kumar)", "relation": "UNREPORTED", "url": "", "transactionDescription": "Sale", "latestTransDate": "2017-09-15", "positionDirect": 4, "positionDirectDate": "2017-09-15"}, {"maxAge": 1, "name": "Dalal (Meena)", "relation": "UNREPORTED", "url": "", "transactionDescription": "Sale", "latestTransDate": "2018-03-09", "positionDirect": 0, "positionDirectDate": "2018-03-09"}, {"maxAge": 1, "name": "Dalal (Nawal)", "relation": "UNREPORTED", "url": "", "transactionDescription": "Sale", "latestTransDate": "2018-03-09", "positionDirect": 0, "positionDirectDate": "2018-03-09"}, {"maxAge": 1, "name": "Gupta (Ajay)", "relation": "UNREPORTED", "url": "", "transactionDescription": "Sale", "latestTransDate": "2020-09-23", "positionDirect": 0, "positionDirectDate": "2020-09-23"}, {"maxAge": 1, "name": "Life Insurance Corporation of India", "relation": "Promoter", "url": "", "transactionDescription": "Acquisition", "latestTransDate": "2020-10-14", "positionDirect": 25623599, "positionDirectDate": "2020-10-14"}, {"maxAge": 1, "name": "Malegam (Yezdi)", "relation": "Director (Non-Executive)", "url": "", "transactionDescription": "Acquisition", "latestTransDate": "2013-03-14", "positionDirect": 8000, "positionDirectDate": "2013-03-14"}, {"maxAge": 1, "name": "Paranjape (Vijay V)", "relation": "Director", "url": "", "transactionDescription": "Acquisition", "latestTransDate": "2010-06-02", "positionDirect": 7348, "positionDirectDate": "2010-06-02"}, {"maxAge": 1, "name": "Siemens Ltd Share Matching Plan Trust", "relation": "Institution- Corporation", "url": "", "transactionDescription": "Sale", "latestTransDate": "2016-12-12", "positionDirect": 0, "positionDirectDate": "2016-12-12"}], "maxAge": 1}, "calendarEvents": {"maxAge": 1, "earnings": {"earningsDate": ["2021-05-10 05:30:S", "2021-05-14 05:30:S"], "revenueAverage": 5051000000, "revenueLow": 5051000000, "revenueHigh": 5051000000}, "exDividendDate": "2021-01-27 05:30:00"}, "upgradeDowngradeHistory": {"history": [], "maxAge": 86400}, "price": {"maxAge": 1, "regularMarketChangePercent": 0.0021305494, "regularMarketChange": 4.0, "regularMarketTime": "2021-04-30 15:29:55", "priceHint": 2, "regularMarketPrice": 1881.45, "regularMarketDayHigh": 1912.35, "regularMarketDayLow": 1868.0, "regularMarketVolume": 212250, "averageDailyVolume10Day": 174163, "averageDailyVolume3Month": 421302, "regularMarketPreviousClose": 1877.45, "regularMarketSource": "FREE_REALTIME", "regularMarketOpen": 1880.0, "exchange": "NSI", "exchangeName": "NSE", "exchangeDataDelayedBy": 15, "marketState": "CLOSED", "quoteType": "EQUITY", "symbol": "SIEMENS.NS", "underlyingSymbol": null, "shortName": "SIEMENS INDIA LTD", "longName": "Siemens Limited", "currency": "INR", "quoteSourceName": "Delayed Quote", "currencySymbol": "\u20b9", "fromCurrency": null, "lastMarket": null, "marketCap": 670040719360}, "balanceSheetHistory": {"balanceSheetStatements": [{"maxAge": 1, "endDate": "2020-09-30", "cash": 19174000000, "shortTermInvestments": 38454000000, "netReceivables": 48679000000, "inventory": 11152000000, "otherCurrentAssets": 9648000000, "totalCurrentAssets": 127160000000, "propertyPlantEquipment": 12551000000, "goodWill": 282000000, "intangibleAssets": 7000000, "otherAssets": 18602000000, "deferredLongTermAssetCharges": 2524000000, "totalAssets": 158602000000, "accountsPayable": 27871000000, "otherCurrentLiab": 28557000000, "otherLiab": 3881000000, "totalCurrentLiabilities": 58588000000, "totalLiab": 63682000000, "commonStock": 712000000, "retainedEarnings": 91923000000, "treasuryStock": 718000000, "capitalSurplus": 1567000000, "otherStockholderEquity": 718000000, "totalStockholderEquity": 94920000000, "netTangibleAssets": 94631000000}, {"maxAge": 1, "endDate": "2019-09-30", "cash": 7125000000, "shortTermInvestments": 43325000000, "netReceivables": 60577000000, "inventory": 11197000000, "otherCurrentAssets": 3340000000, "totalCurrentAssets": 125676000000, "propertyPlantEquipment": 12477000000, "goodWill": 282000000, "intangibleAssets": 15000000, "otherAssets": 15133000000, "deferredLongTermAssetCharges": 2442000000, "totalAssets": 153583000000, "accountsPayable": 33052000000, "otherCurrentLiab": 25234000000, "otherLiab": 3118000000, "totalCurrentLiabilities": 59971000000, "totalLiab": 63089000000, "commonStock": 712000000, "retainedEarnings": 87591000000, "treasuryStock": 624000000, "capitalSurplus": 1567000000, "otherStockholderEquity": 624000000, "totalStockholderEquity": 90494000000, "netTangibleAssets": 90197000000}, {"maxAge": 1, "endDate": "2018-09-30", "cash": 8863000000, "shortTermInvestments": 28436000000, "netReceivables": 58204000000, "inventory": 11504000000, "otherCurrentAssets": 4628000000, "totalCurrentAssets": 111719000000, "propertyPlantEquipment": 13079000000, "goodWill": 282000000, "intangibleAssets": 34000000, "otherAssets": 18249000000, "deferredLongTermAssetCharges": 2697000000, "totalAssets": 143363000000, "accountsPayable": 30582000000, "otherCurrentLiab": 25577000000, "otherLiab": 2759000000, "totalCurrentLiabilities": 57615000000, "totalLiab": 60374000000, "commonStock": 712000000, "retainedEarnings": 80103000000, "treasuryStock": 607000000, "capitalSurplus": 1567000000, "otherStockholderEquity": 607000000, "totalStockholderEquity": 82989000000, "netTangibleAssets": 82673000000}, {"maxAge": 1, "endDate": "2017-09-30", "cash": 28377000000, "shortTermInvestments": 12882000000, "netReceivables": 38295000000, "inventory": 10214000000, "otherCurrentAssets": 13018000000, "totalCurrentAssets": 102837000000, "propertyPlantEquipment": 13664000000, "goodWill": 282000000, "intangibleAssets": 55000000, "otherAssets": 14544000000, "deferredLongTermAssetCharges": 2482000000, "totalAssets": 131382000000, "accountsPayable": 26640000000, "otherCurrentLiab": 23606000000, "otherLiab": 2623000000, "totalCurrentLiabilities": 51853000000, "totalLiab": 54476000000, "commonStock": 712000000, "retainedEarnings": 74028000000, "treasuryStock": 599000000, "capitalSurplus": 1567000000, "otherStockholderEquity": 599000000, "totalStockholderEquity": 76906000000, "netTangibleAssets": 76569000000}], "maxAge": 86400}, "earningsTrend": {"trend": [{"maxAge": 1, "period": "0q", "endDate": "2018-12-31", "growth": {}, "earningsEstimate": {"avg": 0.0, "low": 0.0, "high": 0.0, "yearAgoEps": 5.35, "numberOfAnalysts": 0, "growth": {}}, "revenueEstimate": {"avg": 5051000000, "low": 5051000000, "high": 5051000000, "numberOfAnalysts": 1, "yearAgoRevenue": 25000000000, "growth": -0.79800004}, "epsTrend": {"current": 0.0, "7daysAgo": 0.0, "30daysAgo": 0.0, "60daysAgo": 0.0, "90daysAgo": 0.0}, "epsRevisions": {"upLast7days": 0, "upLast30days": 0, "downLast30days": 0, "downLast90days": {}}}, {"maxAge": 1, "period": "+1q", "endDate": "2019-03-31", "growth": {}, "earningsEstimate": {"avg": 0.0, "low": 0.0, "high": 0.0, "yearAgoEps": 6.17, "numberOfAnalysts": 0, "growth": {}}, "revenueEstimate": {"avg": 5215000000, "low": 5215000000, "high": 5215000000, "numberOfAnalysts": 1, "yearAgoRevenue": 33473000000, "growth": -0.84400004}, "epsTrend": {"current": 0.0, "7daysAgo": 0.0, "30daysAgo": 0.0, "60daysAgo": 0.0, "90daysAgo": 0.0}, "epsRevisions": {"upLast7days": 0, "upLast30days": 0, "downLast30days": 0, "downLast90days": {}}}, {"maxAge": 1, "period": "0y", "endDate": "2019-09-30", "growth": {}, "earningsEstimate": {"avg": 0.0, "low": 0.0, "high": 0.0, "yearAgoEps": {}, "numberOfAnalysts": 0, "growth": {}}, "revenueEstimate": {"avg": 136352000000, "low": 126099000000, "high": 146933000000, "numberOfAnalysts": 13, "yearAgoRevenue": 122927000000, "growth": 0.109}, "epsTrend": {"current": 0.0, "7daysAgo": 28.37, "30daysAgo": 28.37, "60daysAgo": 28.37, "90daysAgo": 28.37}, "epsRevisions": {"upLast7days": 0, "upLast30days": 1, "downLast30days": 0, "downLast90days": {}}}, {"maxAge": 1, "period": "+1y", "endDate": "2020-09-30", "growth": {}, "earningsEstimate": {"avg": 0.0, "low": 0.0, "high": 0.0, "yearAgoEps": {}, "numberOfAnalysts": 0, "growth": {}}, "revenueEstimate": {"avg": 150375000000, "low": 139491000000, "high": 166849000000, "numberOfAnalysts": 11, "yearAgoRevenue": 136352000000, "growth": 0.103}, "epsTrend": {"current": 0.0, "7daysAgo": 31.57, "30daysAgo": 31.57, "60daysAgo": 31.57, "90daysAgo": 31.57}, "epsRevisions": {"upLast7days": 0, "upLast30days": 0, "downLast30days": 0, "downLast90days": {}}}, {"maxAge": 1, "period": "+5y", "endDate": null, "growth": 0.2318, "earningsEstimate": {"avg": {}, "low": {}, "high": {}, "yearAgoEps": {}, "numberOfAnalysts": {}, "growth": {}}, "revenueEstimate": {"avg": {}, "low": {}, "high": {}, "numberOfAnalysts": {}, "yearAgoRevenue": {}, "growth": {}}, "epsTrend": {"current": {}, "7daysAgo": {}, "30daysAgo": {}, "60daysAgo": {}, "90daysAgo": {}}, "epsRevisions": {"upLast7days": {}, "upLast30days": {}, "downLast30days": {}, "downLast90days": {}}}, {"maxAge": 1, "period": "-5y", "endDate": null, "growth": {}, "earningsEstimate": {"avg": {}, "low": {}, "high": {}, "yearAgoEps": {}, "numberOfAnalysts": {}, "growth": {}}, "revenueEstimate": {"avg": {}, "low": {}, "high": {}, "numberOfAnalysts": {}, "yearAgoRevenue": {}, "growth": {}}, "epsTrend": {"current": {}, "7daysAgo": {}, "30daysAgo": {}, "60daysAgo": {}, "90daysAgo": {}}, "epsRevisions": {"upLast7days": {}, "upLast30days": {}, "downLast30days": {}, "downLast90days": {}}}], "maxAge": 1}, "institutionOwnership": {"ownershipList": [], "maxAge": 1}, "majorHoldersBreakdown": {"maxAge": 1, "insidersPercentHeld": 0.75183, "institutionsPercentHeld": 0.11797, "institutionsFloatPercentHeld": 0.47536, "institutionsCount": 105}, "balanceSheetHistoryQuarterly": {"balanceSheetStatements": [{"maxAge": 1, "endDate": "2020-12-31", "totalStockholderEquity": 94920000000, "netTangibleAssets": 94631000000}, {"maxAge": 1, "endDate": "2020-09-30", "cash": 19174000000, "shortTermInvestments": 38454000000, "netReceivables": 48679000000, "inventory": 11152000000, "otherCurrentAssets": 9648000000, "totalCurrentAssets": 127160000000, "propertyPlantEquipment": 12551000000, "goodWill": 282000000, "intangibleAssets": 7000000, "otherAssets": 18602000000, "deferredLongTermAssetCharges": 2524000000, "totalAssets": 158602000000, "accountsPayable": 27871000000, "otherCurrentLiab": 28557000000, "otherLiab": 3881000000, "totalCurrentLiabilities": 58588000000, "totalLiab": 63682000000, "commonStock": 712000000, "retainedEarnings": 91923000000, "treasuryStock": 718000000, "capitalSurplus": 1567000000, "otherStockholderEquity": 718000000, "totalStockholderEquity": 94920000000, "netTangibleAssets": 94631000000}, {"maxAge": 1, "endDate": "2020-06-30", "totalStockholderEquity": 91387000000, "netTangibleAssets": 91095000000}, {"maxAge": 1, "endDate": "2020-03-31", "cash": 45767000000, "shortTermInvestments": 2861000000, "netReceivables": 53886000000, "inventory": 15905000000, "otherCurrentAssets": 3759000000, "totalCurrentAssets": 122178000000, "longTermInvestments": 659000000, "propertyPlantEquipment": 14955000000, "goodWill": 282000000, "intangibleAssets": 10000000, "otherAssets": 15749000000, "deferredLongTermAssetCharges": 2563000000, "totalAssets": 153833000000, "accountsPayable": 27695000000, "otherCurrentLiab": 28366000000, "otherLiab": 3693000000, "totalCurrentLiabilities": 56701000000, "totalLiab": 62446000000, "commonStock": 712000000, "treasuryStock": 90675000000, "otherStockholderEquity": 90675000000, "totalStockholderEquity": 91387000000, "netTangibleAssets": 91095000000}], "maxAge": 86400}, "earningsHistory": {"history": [{"maxAge": 1, "epsActual": 5.35, "epsEstimate": 4.95, "epsDifference": 0.4, "surprisePercent": 0.081, "quarter": "2017-12-31", "period": "-4q"}, {"maxAge": 1, "epsActual": 6.17, "epsEstimate": 6.0, "epsDifference": 0.17, "surprisePercent": 0.027999999, "quarter": "2018-03-31", "period": "-3q"}, {"maxAge": 1, "epsActual": 5.74, "epsEstimate": 5.57, "epsDifference": 0.17, "surprisePercent": 0.031, "quarter": "2018-06-30", "period": "-2q"}, {"maxAge": 1, "epsActual": 7.84, "epsEstimate": 6.95, "epsDifference": 0.89, "surprisePercent": 0.128, "quarter": "2018-09-30", "period": "-1q"}], "maxAge": 86400}, "esgScores": {"maxAge": 86400, "totalEsg": 40.81, "environmentScore": 15.34, "socialScore": 15.53, "governanceScore": 9.94, "ratingYear": 2021, "ratingMonth": 3, "highestControversy": 2.0, "esgPerformance": null, "peerCount": 35, "peerGroup": "Industrial Conglomerates", "relatedControversy": ["Customer Incidents"], "peerEsgScorePerformance": {"min": 28.04, "avg": 42.49885714285715, "max": 54.52}, "peerGovernancePerformance": {"min": 5.53, "avg": 11.109428571428571, "max": 17.67}, "peerSocialPerformance": {"min": 6.28, "avg": 15.253428571428572, "max": 20.01}, "peerEnvironmentPerformance": {"min": 8.97, "avg": 16.136857142857146, "max": 21.41}, "peerHighestControversyPerformance": {"min": 0.0, "avg": 2.2, "max": 5.0}, "percentile": 86.12, "environmentPercentile": 0.0, "socialPercentile": 0.0, "governancePercentile": 0.0, "adult": false, "alcoholic": false, "animalTesting": true, "catholic": false, "controversialWeapons": false, "smallArms": false, "furLeather": false, "gambling": false, "gmo": false, "militaryContract": false, "nuclear": false, "pesticides": false, "palmOil": false, "coal": false, "tobacco": false}, "summaryProfile": {"address1": "Birla Aurora", "address2": "Level 21 Plot No. 1080 Dr. Annie Besant Road, Worli", "city": "Mumbai", "zip": "400030", "country": "India", "phone": "91 22 3967 7000", "fax": "91 22 2436 2403", "website": "http://www.siemens.co.in", "industry": "Specialty Industrial Machinery", "sector": "Industrials", "longBusinessSummary": "Siemens Limited manufactures and sells electric motors, generators, transformers, electricity distribution and control apparatus, electric signaling, safety or traffic-control equipment, and general purpose machinery in India and internationally. The company's Energy segment provides integrated products, solutions, and services for oil and gas production, and power generation and transmission. It serves oil and gas, utilities, independent power producers, and engineering, procurement, and construction companies. Its Smart Infrastructure segment supplies products, systems, solutions, and services for transmission and distribution of electrical energy for power utilities, industrial companies, and infrastructure segments. This segment offers systems for low and medium voltage distribution; solutions for smart grids and energy automation; and low voltage power supply systems, as well as intelligent and connected infrastructure for grids and buildings. The company's Mobility segment provides solutions for passenger and freight transportation, including rail vehicles, rail automation systems, rail electrification systems, road traffic technology, and IT solutions. Its Portfolio Companies segment provides products, process solutions, and services across life cycles for wind and industry sectors. The company's Digital Industries segment offers automation, drives, and software technologies covering the complete life cycle from product design and production execution to services for discrete and process industries. The company also engages in the lease rental business. Siemens Limited has a strategic partnership with Salesforce to develop a new workplace technology suite; and Allied Electronics & Automation, Inc. The company was formerly known as Siemens India Limited and changed its name to Siemens Limited in March 1987. Siemens Limited was founded in 1867 and is based in Mumbai, India. Siemens Limited is a subsidiary of Siemens Aktiengesellschaft.", "fullTimeEmployees": 9258, "companyOfficers": [], "maxAge": 86400}, "netSharePurchaseActivity": {"maxAge": 1, "period": "6m", "buyInfoCount": 0, "buyInfoShares": 0, "sellInfoCount": 0, "netInfoCount": 0, "netInfoShares": 0, "netPercentInsiderShares": 0.0, "totalInsiderShares": 267741888}, "insiderTransactions": {"transactions": [{"maxAge": 1, "shares": 7127028, "filerUrl": "", "transactionText": "", "filerName": "Life Insurance Corporation of India", "filerRelation": "Promoter", "moneyText": "", "startDate": "2020-10-14", "ownership": "D"}, {"maxAge": 1, "shares": 1220, "value": 20496, "filerUrl": "", "transactionText": "Sale at price 16.80 per share.", "filerName": "Gupta (Ajay)", "filerRelation": "UNREPORTED", "moneyText": "", "startDate": "2020-09-23", "ownership": "D"}, {"maxAge": 1, "shares": 1369142, "filerUrl": "", "transactionText": "", "filerName": "Life Insurance Corporation of India", "filerRelation": "Promoter", "moneyText": "", "startDate": "2020-01-18", "ownership": "D"}, {"maxAge": 1, "shares": 55, "filerUrl": "", "transactionText": "", "filerName": "Dalal (Nawal)", "filerRelation": "UNREPORTED", "moneyText": "", "startDate": "2018-03-09", "ownership": "D"}, {"maxAge": 1, "shares": 1000, "filerUrl": "", "transactionText": "", "filerName": "Dalal (Meena)", "filerRelation": "UNREPORTED", "moneyText": "", "startDate": "2018-03-09", "ownership": "D"}, {"maxAge": 1, "shares": 3650, "filerUrl": "", "transactionText": "", "filerName": "Bhambani (Pramod Kumar)", "filerRelation": "UNREPORTED", "moneyText": "", "startDate": "2017-09-15", "ownership": "D"}, {"maxAge": 1, "shares": 954, "filerUrl": "", "transactionText": "", "filerName": "Siemens Ltd Share Matching Plan Trust", "filerRelation": "Institution- Corporation", "moneyText": "", "startDate": "2016-12-12", "ownership": "D"}, {"maxAge": 1, "shares": 1750, "filerUrl": "", "transactionText": "", "filerName": "Malegam (Yezdi)", "filerRelation": "Director (Non-Executive)", "moneyText": "", "startDate": "2013-03-14", "ownership": "D"}, {"maxAge": 1, "shares": 2465761, "filerUrl": "", "transactionText": "", "filerName": "Life Insurance Corporation of India", "filerRelation": "Institution- Corporation", "moneyText": "", "startDate": "2012-08-21", "ownership": "D"}, {"maxAge": 1, "shares": 32543858, "filerUrl": "", "transactionText": "", "filerName": "Life Insurance Corporation of India", "filerRelation": "Institution- Corporation", "moneyText": "", "startDate": "2011-04-26", "ownership": "D"}, {"maxAge": 1, "shares": 3148, "filerUrl": "", "transactionText": "", "filerName": "Paranjape (Vijay V)", "filerRelation": "Director", "moneyText": "", "startDate": "2010-06-02", "ownership": "D"}, {"maxAge": 1, "shares": 68811, "filerUrl": "", "transactionText": "", "filerName": "Life Insurance Corporation of India", "filerRelation": "Institution- Corporation", "moneyText": "", "startDate": "2010-01-13", "ownership": "D"}], "maxAge": 1}, "sectorTrend": {"maxAge": 1, "symbol": null, "estimates": []}, "incomeStatementHistoryQuarterly": {"incomeStatementHistory": [{"maxAge": 1, "endDate": "2020-12-31", "totalRevenue": 29252000000, "costOfRevenue": 19926000000, "grossProfit": 9326000000, "researchDevelopment": {}, "sellingGeneralAdministrative": 3982000000, "nonRecurring": {}, "otherOperatingExpenses": 1668000000, "totalOperatingExpenses": 26195000000, "operatingIncome": 3057000000, "totalOtherIncomeExpenseNet": 546000000, "ebit": 3057000000, "interestExpense": -35000000, "incomeBeforeTax": 3603000000, "incomeTaxExpense": 926000000, "minorityInterest": {}, "netIncomeFromContinuingOps": 2677000000, "discontinuedOperations": 278000000, "extraordinaryItems": {}, "effectOfAccountingCharges": {}, "otherItems": {}, "netIncome": 2955000000, "netIncomeApplicableToCommonShares": 2955000000}, {"maxAge": 1, "endDate": "2020-09-30", "totalRevenue": 35468000000, "costOfRevenue": 24035000000, "grossProfit": 11433000000, "researchDevelopment": {}, "sellingGeneralAdministrative": 3928000000, "nonRecurring": {}, "otherOperatingExpenses": 2945000000, "totalOperatingExpenses": 31543000000, "operatingIncome": 3925000000, "totalOtherIncomeExpenseNet": 566000000, "ebit": 3925000000, "interestExpense": -59000000, "incomeBeforeTax": 4491000000, "incomeTaxExpense": 1134000000, "minorityInterest": {}, "netIncomeFromContinuingOps": 3357000000, "discontinuedOperations": -55000000, "extraordinaryItems": {}, "effectOfAccountingCharges": {}, "otherItems": {}, "netIncome": 3302000000, "netIncomeApplicableToCommonShares": 3302000000}, {"maxAge": 1, "endDate": "2020-06-30", "totalRevenue": 13346000000, "costOfRevenue": 8291000000, "grossProfit": 5055000000, "researchDevelopment": {}, "sellingGeneralAdministrative": 3691000000, "nonRecurring": {}, "otherOperatingExpenses": 1429000000, "totalOperatingExpenses": 14137000000, "operatingIncome": -791000000, "totalOtherIncomeExpenseNet": 783000000, "ebit": -791000000, "interestExpense": -50000000, "incomeBeforeTax": -8000000, "incomeTaxExpense": 11000000, "minorityInterest": {}, "netIncomeFromContinuingOps": -19000000, "discontinuedOperations": -55000000, "extraordinaryItems": {}, "effectOfAccountingCharges": {}, "otherItems": {}, "netIncome": -19000000, "netIncomeApplicableToCommonShares": -19000000}, {"maxAge": 1, "endDate": "2020-03-31", "totalRevenue": 28379000000, "costOfRevenue": 17740000000, "grossProfit": 10639000000, "researchDevelopment": {}, "sellingGeneralAdministrative": 4234000000, "nonRecurring": {}, "otherOperatingExpenses": 3862000000, "totalOperatingExpenses": 26517000000, "operatingIncome": 1862000000, "totalOtherIncomeExpenseNet": 508000000, "ebit": 1862000000, "interestExpense": -112000000, "incomeBeforeTax": 2370000000, "incomeTaxExpense": 613000000, "minorityInterest": {}, "netIncomeFromContinuingOps": 1757000000, "discontinuedOperations": -55000000, "extraordinaryItems": {}, "effectOfAccountingCharges": {}, "otherItems": {}, "netIncome": 1757000000, "netIncomeApplicableToCommonShares": 1757000000}], "maxAge": 86400}, "cashflowStatementHistoryQuarterly": {"cashflowStatements": [{"maxAge": 1, "endDate": "2020-12-31", "netIncome": 2955000000, "changeToLiabilities": 0}, {"maxAge": 1, "endDate": "2020-09-30", "netIncome": 3302000000, "changeToLiabilities": 0}, {"maxAge": 1, "endDate": "2020-06-30", "netIncome": -19000000, "changeToLiabilities": 0}, {"maxAge": 1, "endDate": "2020-03-31", "netIncome": 1757000000, "changeToLiabilities": 0}], "maxAge": 86400}, "earnings": {"maxAge": 86400, "earningsChart": {"quarterly": [{"date": "4Q2017", "actual": 5.35, "estimate": 4.95}, {"date": "1Q2018", "actual": 6.17, "estimate": 6.0}, {"date": "2Q2018", "actual": 5.74, "estimate": 5.57}, {"date": "3Q2018", "actual": 7.84, "estimate": 6.95}], "currentQuarterEstimateDate": "4Q", "currentQuarterEstimateYear": 2018, "earningsDate": ["2021-05-10 05:30:S", "2021-05-14 05:30:S"]}, "financialsChart": {"yearly": [{"date": 2017, "revenue": 110647000000, "earnings": 11367000000}, {"date": 2018, "revenue": 127953000000, "earnings": 9012000000}, {"date": 2019, "revenue": 130839000000, "earnings": 10994000000}, {"date": 2020, "revenue": 99465000000, "earnings": 7686000000}], "quarterly": [{"date": "1Q2020", "revenue": 28379000000, "earnings": 1757000000}, {"date": "2Q2020", "revenue": 13346000000, "earnings": -19000000}, {"date": "3Q2020", "revenue": 35468000000, "earnings": 3302000000}, {"date": "4Q2020", "revenue": 29252000000, "earnings": 2955000000}]}, "financialCurrency": "INR"}, "financialData": {"maxAge": 86400, "currentPrice": 1881.45, "targetHighPrice": 1370.0, "targetLowPrice": 800.0, "targetMeanPrice": 1031.47, "targetMedianPrice": 981.0, "recommendationKey": "none", "numberOfAnalystOpinions": 19, "totalCash": 57628000256, "totalCashPerShare": 161.822, "ebitda": 12866750464, "totalDebt": 2084000000, "totalRevenue": 103347003392, "debtToEquity": 2.196, "revenuePerShare": 290.259, "grossProfits": 34970000000, "earningsGrowth": 0.113, "revenueGrowth": 0.089, "grossMargins": 0.33667, "ebitdaMargins": 0.1245, "operatingMargins": 0.10619, "profitMargins": 0.07724, "financialCurrency": "INR"}}}