{"SIL.BO": {"cashflowStatementHistory": {"cashflowStatements": [{"maxAge": 1, "endDate": "2020-03-31", "netIncome": -401196000, "depreciation": 29937000, "changeToNetincome": 278513000, "changeToAccountReceivables": -3516000, "changeToLiabilities": 849592000, "changeToInventory": 1922000, "totalCashFromOperatingActivities": 755340000, "capitalExpenditures": -264711000, "investments": -397156000, "otherCashflowsFromInvestingActivities": 13958000, "totalCashflowsFromInvestingActivities": -647983000, "dividendsPaid": -691000, "netBorrowings": -328398000, "otherCashflowsFromFinancingActivities": -132586000, "totalCashFromFinancingActivities": -461675000, "changeInCash": -354318000}, {"maxAge": 1, "endDate": "2019-03-31", "netIncome": -234186000, "depreciation": 12685000, "changeToNetincome": 77449000, "changeToAccountReceivables": 90646000, "changeToLiabilities": 1151296000, "changeToInventory": -1835000, "totalCashFromOperatingActivities": 1096155000, "capitalExpenditures": -479733000, "investments": -371229000, "otherCashflowsFromInvestingActivities": 7423000, "totalCashflowsFromInvestingActivities": -843432000, "dividendsPaid": -76549000, "netBorrowings": 347023000, "otherCashflowsFromFinancingActivities": -178627000, "totalCashFromFinancingActivities": 91847000, "changeInCash": 344570000}, {"maxAge": 1, "endDate": "2018-03-31", "netIncome": 112435000, "depreciation": 8734000, "changeToNetincome": 77274000, "changeToAccountReceivables": -317759000, "changeToLiabilities": 132524000, "changeToInventory": 9744000, "totalCashFromOperatingActivities": 23016000, "capitalExpenditures": -80395000, "investments": -707226000, "otherCashflowsFromInvestingActivities": 11394000, "totalCashflowsFromInvestingActivities": -771160000, "dividendsPaid": -57795000, "netBorrowings": 905381000, "otherCashflowsFromFinancingActivities": -63432000, "totalCashFromFinancingActivities": 784154000, "changeInCash": 36010000}, {"maxAge": 1, "endDate": "2017-03-31", "netIncome": -226473000, "depreciation": 8860000, "changeToNetincome": 37625000, "changeToAccountReceivables": 23033000, "changeToLiabilities": 382153000, "changeToInventory": -2152000, "totalCashFromOperatingActivities": 223213000, "capitalExpenditures": -60287000, "investments": -12337000, "otherCashflowsFromInvestingActivities": 9210000, "totalCashflowsFromInvestingActivities": -63404000, "dividendsPaid": -57692000, "netBorrowings": -62500000, "otherCashflowsFromFinancingActivities": -40000000, "totalCashFromFinancingActivities": -160192000, "changeInCash": -383000}], "maxAge": 86400}, "institutionOwnership": {"ownershipList": [], "maxAge": 1}, "balanceSheetHistoryQuarterly": {"balanceSheetStatements": [{"maxAge": 1, "endDate": "2020-06-30", "totalStockholderEquity": -452089000, "netTangibleAssets": -457577000}, {"maxAge": 1, "endDate": "2020-03-31", "cash": 74527000, "shortTermInvestments": 24137000, "netReceivables": 134268000, "inventory": 903658000, "otherCurrentAssets": 107087000, "totalCurrentAssets": 2587405000, "longTermInvestments": 248965000, "propertyPlantEquipment": 325076000, "goodWill": 5077000, "intangibleAssets": 411000, "otherAssets": 446728000, "totalAssets": 3613662000, "accountsPayable": 48134000, "otherCurrentLiab": 2700888000, "longTermDebt": 1115020000, "otherLiab": 58366000, "totalCurrentLiabilities": 2879732000, "totalLiab": 4065751000, "commonStock": 321645000, "retainedEarnings": -1028038000, "treasuryStock": 1614000, "capitalSurplus": 252690000, "otherStockholderEquity": 1614000, "totalStockholderEquity": -452089000, "netTangibleAssets": -457577000}, {"maxAge": 1, "endDate": "2019-12-31", "totalStockholderEquity": -186195000, "netTangibleAssets": -191718000}, {"maxAge": 1, "endDate": "2019-09-30", "cash": 61094000, "shortTermInvestments": 927967000, "netReceivables": 142521000, "inventory": 771203000, "otherCurrentAssets": 10486000, "totalCurrentAssets": 1913271000, "longTermInvestments": 274625000, "propertyPlantEquipment": 373658000, "goodWill": 5077000, "intangibleAssets": 446000, "otherAssets": 480672000, "totalAssets": 3047749000, "accountsPayable": 39833000, "otherCurrentLiab": 2609325000, "longTermDebt": 496972000, "otherLiab": 58366000, "totalCurrentLiabilities": 2664070000, "totalLiab": 3233944000, "commonStock": 321645000, "treasuryStock": -507840000, "otherStockholderEquity": -507840000, "totalStockholderEquity": -186195000, "netTangibleAssets": -191718000}], "maxAge": 86400}, "indexTrend": {"maxAge": 1, "symbol": "SP5", "peRatio": 19.7411, "pegRatio": 1.34172, "estimates": [{"period": "0q", "growth": 0.549}, {"period": "+1q", "growth": 0.431}, {"period": "0y", "growth": 0.305}, {"period": "+1y", "growth": 0.109}, {"period": "+5y", "growth": 0.120859005}, {"period": "-5y"}]}, "insiderTransactions": {"transactions": [{"maxAge": 1, "shares": 45729, "filerUrl": "", "transactionText": "", "filerName": "Stanrose Mafatlal Investments & Finance Ltd", "filerRelation": "Promoter", "moneyText": "", "startDate": "2011-10-04", "ownership": "D"}, {"maxAge": 1, "shares": 19349, "filerUrl": "", "transactionText": "", "filerName": "Shanudeep Pvt Ltd", "filerRelation": "Promoter", "moneyText": "", "startDate": "2011-08-17", "ownership": "D"}, {"maxAge": 1, "shares": 975002, "filerUrl": "", "transactionText": "", "filerName": "Stanrose Mafatlal Investments & Finance Ltd", "filerRelation": "Promoter", "moneyText": "", "startDate": "2011-08-16", "ownership": "D"}, {"maxAge": 1, "shares": 1311256, "filerUrl": "", "transactionText": "", "filerName": "Stanrose Mafatlal Investments & Finance Ltd", "filerRelation": "Promoter", "moneyText": "", "startDate": "2010-11-08", "ownership": "D"}], "maxAge": 1}, "quoteType": {"exchange": "BSE", "quoteType": "EQUITY", "symbol": "SIL.BO", "underlyingSymbol": "SIL.BO", "shortName": "STANDARD INDUSTRIES LTD.", "longName": "Standard Industries Limited", "firstTradeDateEpochUtc": "2002-07-01 09:15:00", "timeZoneFullName": "Asia/Kolkata", "timeZoneShortName": "IST", "uuid": "6fe9e12a-4762-3164-9b91-93069eaf33de", "gmtOffSetMilliseconds": 19800000, "maxAge": 1}, "incomeStatementHistory": {"incomeStatementHistory": [{"maxAge": 1, "endDate": "2020-03-31", "totalRevenue": 212226000, "costOfRevenue": 168847000, "grossProfit": 43379000, "researchDevelopment": {}, "sellingGeneralAdministrative": 22574000, "nonRecurring": {}, "otherOperatingExpenses": 132081000, "totalOperatingExpenses": 353527000, "operatingIncome": -141301000, "totalOtherIncomeExpenseNet": -279928000, "ebit": -141301000, "interestExpense": -145982000, "incomeBeforeTax": -421229000, "incomeTaxExpense": -20033000, "minorityInterest": {}, "netIncomeFromContinuingOps": -401196000, "discontinuedOperations": {}, "extraordinaryItems": {}, "effectOfAccountingCharges": {}, "otherItems": {}, "netIncome": -401196000, "netIncomeApplicableToCommonShares": -401196000}, {"maxAge": 1, "endDate": "2019-03-31", "totalRevenue": 162355000, "costOfRevenue": 129913000, "grossProfit": 32442000, "researchDevelopment": {}, "sellingGeneralAdministrative": 20991000, "nonRecurring": {}, "otherOperatingExpenses": 144082000, "totalOperatingExpenses": 307771000, "operatingIncome": -145416000, "totalOtherIncomeExpenseNet": -88770000, "ebit": -145416000, "interestExpense": -149906000, "incomeBeforeTax": -234186000, "incomeTaxExpense": 0, "minorityInterest": {}, "netIncomeFromContinuingOps": -234186000, "discontinuedOperations": {}, "extraordinaryItems": {}, "effectOfAccountingCharges": {}, "otherItems": {}, "netIncome": -234186000, "netIncomeApplicableToCommonShares": -234186000}, {"maxAge": 1, "endDate": "2018-03-31", "totalRevenue": 136813000, "costOfRevenue": 114798000, "grossProfit": 22015000, "researchDevelopment": {}, "sellingGeneralAdministrative": 22236000, "nonRecurring": {}, "otherOperatingExpenses": 150933000, "totalOperatingExpenses": 296765000, "operatingIncome": -159952000, "totalOtherIncomeExpenseNet": 306208000, "ebit": -159952000, "interestExpense": -64182000, "incomeBeforeTax": 146256000, "incomeTaxExpense": 33821000, "minorityInterest": {}, "netIncomeFromContinuingOps": 112435000, "discontinuedOperations": {}, "extraordinaryItems": {}, "effectOfAccountingCharges": {}, "otherItems": {}, "netIncome": 112435000, "netIncomeApplicableToCommonShares": 112435000}, {"maxAge": 1, "endDate": "2017-03-31", "totalRevenue": 97549000, "costOfRevenue": 71780000, "grossProfit": 25769000, "researchDevelopment": {}, "sellingGeneralAdministrative": 22981000, "nonRecurring": {}, "otherOperatingExpenses": 202168000, "totalOperatingExpenses": 305957000, "operatingIncome": -208408000, "totalOtherIncomeExpenseNet": -19491000, "ebit": -208408000, "interestExpense": -41880000, "incomeBeforeTax": -227899000, "incomeTaxExpense": -1426000, "minorityInterest": {}, "netIncomeFromContinuingOps": -226473000, "discontinuedOperations": {}, "extraordinaryItems": {}, "effectOfAccountingCharges": {}, "otherItems": {}, "netIncome": -226473000, "netIncomeApplicableToCommonShares": -226473000}], "maxAge": 86400}, "fundOwnership": {"ownershipList": [], "maxAge": 1}, "summaryDetail": {"maxAge": 1, "priceHint": 2, "previousClose": 17.95, "open": 17.2, "dayLow": 17.2, "dayHigh": 17.9, "regularMarketPreviousClose": 17.95, "regularMarketOpen": 17.2, "regularMarketDayLow": 17.2, "regularMarketDayHigh": 17.9, "volume": 5312, "regularMarketVolume": 5312, "averageVolume": 13569, "averageVolume10days": 7369, "averageDailyVolume10Day": 7369, "bid": 17.6, "ask": 17.9, "bidSize": 0, "askSize": 0, "marketCap": 1141837952, "fiftyTwoWeekLow": 7.72, "fiftyTwoWeekHigh": 17.9, "fiftyDayAverage": 10.789091, "twoHundredDayAverage": 9.943529, "trailingAnnualDividendRate": 1.0, "trailingAnnualDividendYield": 0.055710305, "currency": "INR", "fromCurrency": null, "lastMarket": null, "algorithm": null, "tradeable": false}, "incomeStatementHistoryQuarterly": {"incomeStatementHistory": [{"maxAge": 1, "endDate": "2020-06-30", "totalRevenue": 18957000, "costOfRevenue": -4040000, "grossProfit": 22997000, "researchDevelopment": {}, "sellingGeneralAdministrative": 4230000, "nonRecurring": {}, "otherOperatingExpenses": 37972000, "totalOperatingExpenses": 46497000, "operatingIncome": -27540000, "totalOtherIncomeExpenseNet": 1799000, "ebit": -27540000, "interestExpense": -34472000, "incomeBeforeTax": -25741000, "incomeTaxExpense": 0, "minorityInterest": {}, "netIncomeFromContinuingOps": -25741000, "discontinuedOperations": {}, "extraordinaryItems": {}, "effectOfAccountingCharges": {}, "otherItems": {}, "netIncome": -25741000, "netIncomeApplicableToCommonShares": -25741000}, {"maxAge": 1, "endDate": "2020-03-31", "totalRevenue": 49882000, "costOfRevenue": 44330000, "grossProfit": 5552000, "researchDevelopment": {}, "sellingGeneralAdministrative": 7915000, "nonRecurring": {}, "otherOperatingExpenses": 20474000, "totalOperatingExpenses": 81094000, "operatingIncome": -31212000, "totalOtherIncomeExpenseNet": -225527000, "ebit": -31212000, "interestExpense": -31253000, "incomeBeforeTax": -256739000, "incomeTaxExpense": -20033000, "minorityInterest": {}, "netIncomeFromContinuingOps": -236706000, "discontinuedOperations": {}, "extraordinaryItems": {}, "effectOfAccountingCharges": {}, "otherItems": {}, "netIncome": -236706000, "netIncomeApplicableToCommonShares": -236706000}, {"maxAge": 1, "endDate": "2019-12-31", "totalRevenue": 39878000, "costOfRevenue": 35492000, "grossProfit": 4386000, "researchDevelopment": {}, "sellingGeneralAdministrative": 4951000, "nonRecurring": {}, "otherOperatingExpenses": 33559000, "totalOperatingExpenses": 82645000, "operatingIncome": -42767000, "totalOtherIncomeExpenseNet": 13556000, "ebit": -42767000, "interestExpense": -35363000, "incomeBeforeTax": -29211000, "incomeTaxExpense": 0, "minorityInterest": {}, "netIncomeFromContinuingOps": -29211000, "discontinuedOperations": {}, "extraordinaryItems": {}, "effectOfAccountingCharges": {}, "otherItems": {}, "netIncome": -29211000, "netIncomeApplicableToCommonShares": -29211000}, {"maxAge": 1, "endDate": "2019-09-30", "totalRevenue": 39018000, "costOfRevenue": 27037000, "grossProfit": 11981000, "researchDevelopment": {}, "sellingGeneralAdministrative": 4705000, "nonRecurring": {}, "otherOperatingExpenses": 33806000, "totalOperatingExpenses": 72555000, "operatingIncome": -33537000, "totalOtherIncomeExpenseNet": -29767000, "ebit": -33537000, "interestExpense": -36630000, "incomeBeforeTax": -63304000, "incomeTaxExpense": 0, "minorityInterest": {}, "netIncomeFromContinuingOps": -63304000, "discontinuedOperations": {}, "extraordinaryItems": {}, "effectOfAccountingCharges": {}, "otherItems": {}, "netIncome": -63304000, "netIncomeApplicableToCommonShares": -63304000}], "maxAge": 86400}, "cashflowStatementHistoryQuarterly": {"cashflowStatements": [{"maxAge": 1, "endDate": "2020-06-30", "netIncome": -25741000, "changeToLiabilities": 0}, {"maxAge": 1, "endDate": "2020-03-31", "netIncome": -236706000, "changeToLiabilities": 0}, {"maxAge": 1, "endDate": "2019-12-31", "netIncome": -29211000, "changeToLiabilities": 0}, {"maxAge": 1, "endDate": "2019-09-30", "netIncome": -63304000, "changeToLiabilities": 0}], "maxAge": 86400}, "insiderHolders": {"holders": [{"maxAge": 1, "name": "Shanudeep Pvt Ltd", "relation": "Promoter", "url": "", "transactionDescription": "Acquisition", "latestTransDate": "2011-08-17", "positionDirect": 500000, "positionDirectDate": "2011-08-17"}, {"maxAge": 1, "name": "Stanrose Mafatlal Investments & Finance Ltd", "relation": "Promoter", "url": "", "transactionDescription": "Acquisition", "latestTransDate": "2011-10-04", "positionDirect": 12404487, "positionDirectDate": "2011-10-04"}], "maxAge": 1}, "calendarEvents": {"maxAge": 1, "earnings": {"earningsDate": ["2020-08-13 05:30:S"]}}, "upgradeDowngradeHistory": {"history": [], "maxAge": 86400}, "price": {"maxAge": 1, "regularMarketChangePercent": -0.011142102, "regularMarketChange": -0.20000076, "regularMarketTime": "2021-04-30 15:16:07", "priceHint": 2, "regularMarketPrice": 17.75, "regularMarketDayHigh": 17.9, "regularMarketDayLow": 17.2, "regularMarketVolume": 5312, "averageDailyVolume10Day": 7369, "averageDailyVolume3Month": 13569, "regularMarketPreviousClose": 17.95, "regularMarketSource": "FREE_REALTIME", "regularMarketOpen": 17.2, "exchange": "BSE", "exchangeName": "BSE", "exchangeDataDelayedBy": 0, "marketState": "CLOSED", "quoteType": "EQUITY", "symbol": "SIL.BO", "underlyingSymbol": null, "shortName": "STANDARD INDUSTRIES LTD.", "longName": "Standard Industries Limited", "currency": "INR", "quoteSourceName": "Delayed Quote", "currencySymbol": "\u20b9", "fromCurrency": null, "lastMarket": null, "marketCap": 1141837952}, "balanceSheetHistory": {"balanceSheetStatements": [{"maxAge": 1, "endDate": "2020-03-31", "cash": 74527000, "shortTermInvestments": 24137000, "netReceivables": 134268000, "inventory": 903658000, "otherCurrentAssets": 107087000, "totalCurrentAssets": 2587405000, "longTermInvestments": 248965000, "propertyPlantEquipment": 325076000, "goodWill": 5077000, "intangibleAssets": 411000, "otherAssets": 446728000, "totalAssets": 3613662000, "accountsPayable": 48134000, "otherCurrentLiab": 2700888000, "longTermDebt": 1115020000, "otherLiab": 58366000, "totalCurrentLiabilities": 2879732000, "totalLiab": 4065751000, "commonStock": 321645000, "retainedEarnings": -1028038000, "treasuryStock": 1614000, "capitalSurplus": 252690000, "otherStockholderEquity": 1614000, "totalStockholderEquity": -452089000, "netTangibleAssets": -457577000}, {"maxAge": 1, "endDate": "2019-03-31", "cash": 428845000, "shortTermInvestments": 6000000, "netReceivables": 138061000, "inventory": 772347000, "otherCurrentAssets": 8116000, "totalCurrentAssets": 2519415000, "longTermInvestments": 201459000, "propertyPlantEquipment": 316009000, "goodWill": 5077000, "intangibleAssets": 425000, "otherAssets": 462648000, "totalAssets": 3505033000, "accountsPayable": 40136000, "shortLongTermDebt": 937603000, "otherCurrentLiab": 1898723000, "longTermDebt": 496470000, "otherLiab": 58366000, "totalCurrentLiabilities": 3000792000, "totalLiab": 3555628000, "commonStock": 321645000, "retainedEarnings": -626544000, "treasuryStock": 1614000, "capitalSurplus": 252690000, "otherStockholderEquity": 1614000, "totalStockholderEquity": -50595000, "netTangibleAssets": -56097000}, {"maxAge": 1, "endDate": "2018-03-31", "cash": 84275000, "shortTermInvestments": 1401000, "netReceivables": 311553000, "inventory": 451461000, "otherCurrentAssets": 18314000, "totalCurrentAssets": 1774591000, "longTermInvestments": 5406000, "propertyPlantEquipment": 147075000, "goodWill": 5077000, "intangibleAssets": 404000, "otherAssets": 345195000, "totalAssets": 2277748000, "accountsPayable": 23969000, "otherCurrentLiab": 729222000, "longTermDebt": 1082301000, "otherLiab": 58366000, "totalCurrentLiabilities": 875138000, "totalLiab": 2015805000, "commonStock": 321645000, "retainedEarnings": -313877000, "treasuryStock": 1485000, "capitalSurplus": 252690000, "otherStockholderEquity": 1485000, "totalStockholderEquity": 261943000, "netTangibleAssets": 256462000}, {"maxAge": 1, "endDate": "2017-03-31", "cash": 48264000, "shortTermInvestments": 1427000, "netReceivables": 15158000, "inventory": 347289000, "otherCurrentAssets": 8815000, "totalCurrentAssets": 596501000, "longTermInvestments": 5891000, "propertyPlantEquipment": 105360000, "goodWill": 5077000, "intangibleAssets": 180000, "otherAssets": 356167000, "totalAssets": 1069176000, "accountsPayable": 17003000, "shortLongTermDebt": 186791000, "otherCurrentLiab": 571317000, "otherLiab": 58366000, "totalCurrentLiabilities": 803174000, "totalLiab": 861540000, "commonStock": 321645000, "retainedEarnings": -368239000, "treasuryStock": 1540000, "capitalSurplus": 252690000, "otherStockholderEquity": 1540000, "totalStockholderEquity": 207636000, "netTangibleAssets": 202379000}], "maxAge": 86400}, "financialData": {"maxAge": 86400, "currentPrice": 17.75, "recommendationKey": "none", "grossProfits": 43379000, "financialCurrency": "INR"}}}