{"SILGO.NS": {"assetProfile": {"address1": "B-11, Mahalaxmi Nagar", "address2": "Jawaharlal Nehru Marg", "city": "Jaipur", "zip": "302017", "country": "India", "phone": "91 14 1491 9655", "website": "http://www.silgo.in", "industry": "Luxury Goods", "sector": "Consumer Cyclical", "longBusinessSummary": "Silgo Retail Limited engages in the design, manufacture, retail, and wholesale of silver jewelry in India. Its product portfolio includes rings, earrings, pendants, necklaces, bracelets, and bangles. The company was founded in 2016 and is based in Jaipur, India.", "fullTimeEmployees": 42, "companyOfficers": [{"maxAge": 1, "name": "Mrs. Bela  Agrawal", "age": 45, "title": "Chairperson", "yearBorn": 1975, "fiscalYear": 2020, "totalPay": 950000, "exercisedValue": 0, "unexercisedValue": 0}, {"maxAge": 1, "name": "Mr. Nitin  Jain", "age": 44, "title": "MD & Director", "yearBorn": 1976, "fiscalYear": 2020, "totalPay": 2400000, "exercisedValue": 0, "unexercisedValue": 0}, {"maxAge": 1, "name": "Mr. Vaibhav  Khandelwal", "title": "Chief Financial Officer", "exercisedValue": 0, "unexercisedValue": 0}, {"maxAge": 1, "name": "Ms. Tripti  Sharma", "title": "Company Sec. & Compliance Officer", "exercisedValue": 0, "unexercisedValue": 0}], "compensationAsOfEpochDate": "2020-12-31 05:30:00", "maxAge": 86400}, "cashflowStatementHistory": {"cashflowStatements": [{"maxAge": 1, "endDate": "2020-03-31", "netIncome": 20271480, "depreciation": 1210350, "changeToNetincome": -195110, "changeToAccountReceivables": -72742580, "changeToLiabilities": -3616260, "changeToInventory": -82164250, "changeToOperatingActivities": -3819170, "totalCashFromOperatingActivities": -140999860, "capitalExpenditures": -2133520, "totalCashflowsFromInvestingActivities": -1343520, "netBorrowings": 79988670, "totalCashFromFinancingActivities": 143924670, "changeInCash": 1581290, "issuanceOfStock": 63936000}, {"maxAge": 1, "endDate": "2019-03-31", "netIncome": 12308630, "depreciation": 959620, "changeToNetincome": -65320, "changeToAccountReceivables": 9384380, "changeToLiabilities": -40545710, "changeToInventory": -26519830, "changeToOperatingActivities": -498600, "totalCashFromOperatingActivities": -44976830, "capitalExpenditures": -155500, "totalCashflowsFromInvestingActivities": -155500, "netBorrowings": 79988670, "totalCashFromFinancingActivities": 43458910, "changeInCash": -1673430, "issuanceOfStock": 43458910}, {"maxAge": 1, "endDate": "2018-03-31", "netIncome": 9474970, "depreciation": 645850, "changeToNetincome": -15940, "changeToAccountReceivables": -27225150, "changeToLiabilities": 35401300, "changeToInventory": -31381740, "changeToOperatingActivities": 4853210, "totalCashFromOperatingActivities": -8247500, "capitalExpenditures": -4909490, "totalCashflowsFromInvestingActivities": -4909490, "netBorrowings": 15069230, "totalCashFromFinancingActivities": 15069230, "changeInCash": 1912240, "issuanceOfStock": 43458910}, {"maxAge": 1, "endDate": "2017-03-31", "netIncome": 1814859, "depreciation": 54781, "changeToNetincome": 827064, "changeToAccountReceivables": -3006405, "changeToLiabilities": 10417947, "changeToInventory": -19815005, "changeToOperatingActivities": -268183, "totalCashFromOperatingActivities": -9969671, "capitalExpenditures": -262500, "totalCashflowsFromInvestingActivities": -262500, "netBorrowings": 10930769, "totalCashFromFinancingActivities": 10930769, "changeInCash": 698599, "issuanceOfStock": 43458910}], "maxAge": 86400}, "institutionOwnership": {"ownershipList": [], "maxAge": 1}, "majorHoldersBreakdown": {"maxAge": 1}, "balanceSheetHistoryQuarterly": {"balanceSheetStatements": [{"maxAge": 1, "endDate": "2020-03-31", "cash": 2607910, "netReceivables": 93597740, "inventory": 159880830, "otherCurrentAssets": 8991500, "totalCurrentAssets": 265382180, "propertyPlantEquipment": 3888640, "intangibleAssets": 57670, "otherAssets": 84830, "deferredLongTermAssetCharges": 84820, "totalAssets": 269413320, "accountsPayable": 407700, "otherCurrentLiab": 9082180, "totalCurrentLiabilities": 92048470, "totalLiab": 92048470, "commonStock": 66660000, "retainedEarnings": 32869940, "capitalSurplus": 77834910, "totalStockholderEquity": 177364850, "netTangibleAssets": 177307180}, {"maxAge": 1, "endDate": "2019-12-31", "cash": 2607910, "netReceivables": 93597740, "inventory": 159880830, "otherCurrentAssets": 8991500, "totalCurrentAssets": 265382180, "propertyPlantEquipment": 3888640, "intangibleAssets": 57670, "otherAssets": 84830, "deferredLongTermAssetCharges": 84820, "totalAssets": 269413320, "accountsPayable": 407700, "otherCurrentLiab": 9082180, "totalCurrentLiabilities": 92048470, "totalLiab": 92048470, "commonStock": 66660000, "retainedEarnings": 32869940, "capitalSurplus": 77834910, "totalStockholderEquity": 177364850, "netTangibleAssets": 177307180}, {"maxAge": 1, "endDate": "2019-09-30", "cash": 921780, "netReceivables": 95936260, "inventory": 53531740, "otherCurrentAssets": 27444280, "totalCurrentAssets": 177834060, "propertyPlantEquipment": 3740420, "otherAssets": 59830, "deferredLongTermAssetCharges": 59830, "totalAssets": 181634310, "accountsPayable": 9138950, "otherCurrentLiab": 12165930, "totalCurrentLiabilities": 78744370, "totalLiab": 78744370, "commonStock": 50660000, "treasuryStock": 52229940, "otherStockholderEquity": 52229940, "totalStockholderEquity": 102889940, "netTangibleAssets": 102889940}, {"maxAge": 1, "endDate": "2019-06-30", "cash": 921780, "netReceivables": 95936260, "inventory": 53531740, "otherCurrentAssets": 27444280, "totalCurrentAssets": 177834060, "propertyPlantEquipment": 3740420, "otherAssets": 59830, "deferredLongTermAssetCharges": 59830, "totalAssets": 181634310, "accountsPayable": 9138950, "otherCurrentLiab": 12165930, "totalCurrentLiabilities": 78744370, "totalLiab": 78744370, "commonStock": 50660000, "treasuryStock": 52229940, "otherStockholderEquity": 52229940, "totalStockholderEquity": 102889940, "netTangibleAssets": 102889940}], "maxAge": 86400}, "indexTrend": {"maxAge": 1, "symbol": "SP5", "peRatio": 19.7411, "pegRatio": 1.34172, "estimates": [{"period": "0q", "growth": 0.549}, {"period": "+1q", "growth": 0.431}, {"period": "0y", "growth": 0.305}, {"period": "+1y", "growth": 0.109}, {"period": "+5y", "growth": 0.120865}, {"period": "-5y"}]}, "defaultKeyStatistics": {"maxAge": 1, "priceHint": 2, "enterpriseValue": 491922624, "profitMargins": 0.07137, "floatShares": 1334700, "sharesOutstanding": 8332500, "beta": -0.078431, "category": null, "bookValue": 21.286, "priceToBook": 2.337217, "fundFamily": null, "legalType": null, "lastFiscalYearEnd": "2020-03-31 05:30:00", "nextFiscalYearEnd": "2022-03-31 05:30:00", "mostRecentQuarter": "2020-03-31 05:30:00", "earningsQuarterlyGrowth": 0.324, "netIncomeToCommon": 20271480, "trailingEps": 2.876, "lastSplitFactor": "5:4", "lastSplitDate": "2021-01-07 05:30:00", "enterpriseToRevenue": 1.732, "enterpriseToEbitda": 14.69}, "summaryProfile": {"address1": "B-11, Mahalaxmi Nagar", "address2": "Jawaharlal Nehru Marg", "city": "Jaipur", "zip": "302017", "country": "India", "phone": "91 14 1491 9655", "website": "http://www.silgo.in", "industry": "Luxury Goods", "sector": "Consumer Cyclical", "longBusinessSummary": "Silgo Retail Limited engages in the design, manufacture, retail, and wholesale of silver jewelry in India. Its product portfolio includes rings, earrings, pendants, necklaces, bracelets, and bangles. The company was founded in 2016 and is based in Jaipur, India.", "fullTimeEmployees": 42, "companyOfficers": [], "maxAge": 86400}, "netSharePurchaseActivity": {"maxAge": 1, "period": "6m", "buyInfoCount": 0, "buyInfoShares": 0, "sellInfoCount": 0, "netInfoCount": 0, "netInfoShares": 0, "totalInsiderShares": 0}, "quoteType": {"exchange": "NSI", "quoteType": "EQUITY", "symbol": "SILGO.NS", "underlyingSymbol": "SILGO.NS", "shortName": "Silgo Retail Limited", "longName": "Silgo Retail Limited", "firstTradeDateEpochUtc": "2018-10-29 09:15:00", "timeZoneFullName": "Asia/Kolkata", "timeZoneShortName": "IST", "uuid": "29e17a4a-4aff-3428-ae0e-3a8c8a58442c", "gmtOffSetMilliseconds": 19800000, "maxAge": 1}, "incomeStatementHistory": {"incomeStatementHistory": [{"maxAge": 1, "endDate": "2020-03-31", "totalRevenue": 284034800, "costOfRevenue": 235207220, "grossProfit": 48827580, "researchDevelopment": {}, "sellingGeneralAdministrative": 10724750, "nonRecurring": {}, "otherOperatingExpenses": 4560130, "totalOperatingExpenses": 251758130, "operatingIncome": 32276670, "totalOtherIncomeExpenseNet": -3582880, "ebit": 32276670, "interestExpense": -3080110, "incomeBeforeTax": 28693790, "incomeTaxExpense": 8422310, "minorityInterest": {}, "netIncomeFromContinuingOps": 20271480, "discontinuedOperations": {}, "extraordinaryItems": {}, "effectOfAccountingCharges": {}, "otherItems": {}, "netIncome": 20271480, "netIncomeApplicableToCommonShares": 20271480}, {"maxAge": 1, "endDate": "2019-03-31", "totalRevenue": 216712570, "costOfRevenue": 181475700, "grossProfit": 35236870, "researchDevelopment": {}, "sellingGeneralAdministrative": 12070690, "nonRecurring": {}, "otherOperatingExpenses": 3376760, "totalOperatingExpenses": 197882770, "operatingIncome": 18829800, "totalOtherIncomeExpenseNet": -97330, "ebit": 18829800, "interestExpense": -64410, "incomeBeforeTax": 18732470, "incomeTaxExpense": 6423840, "minorityInterest": {}, "netIncomeFromContinuingOps": 12308630, "discontinuedOperations": {}, "extraordinaryItems": {}, "effectOfAccountingCharges": {}, "otherItems": {}, "netIncome": 12308630, "netIncomeApplicableToCommonShares": 12308630}, {"maxAge": 1, "endDate": "2018-03-31", "totalRevenue": 164651160, "costOfRevenue": 138082630, "grossProfit": 26568530, "researchDevelopment": {}, "sellingGeneralAdministrative": 7125280, "nonRecurring": {}, "otherOperatingExpenses": 994220, "totalOperatingExpenses": 146847980, "operatingIncome": 17803180, "totalOtherIncomeExpenseNet": -4596390, "ebit": 17803180, "interestExpense": -4591050, "incomeBeforeTax": 13206790, "incomeTaxExpense": 3731820, "minorityInterest": {}, "netIncomeFromContinuingOps": 9474970, "discontinuedOperations": {}, "extraordinaryItems": {}, "effectOfAccountingCharges": {}, "otherItems": {}, "netIncome": 9474970, "netIncomeApplicableToCommonShares": 9474970}, {"maxAge": 1, "endDate": "2017-03-31", "totalRevenue": 49762456, "costOfRevenue": 42829527, "grossProfit": 6932929, "researchDevelopment": {}, "sellingGeneralAdministrative": 3327125, "nonRecurring": {}, "otherOperatingExpenses": 574960, "totalOperatingExpenses": 46786393, "operatingIncome": 2976063, "totalOtherIncomeExpenseNet": -334140, "ebit": 2976063, "interestExpense": -332622, "incomeBeforeTax": 2641923, "incomeTaxExpense": 827064, "minorityInterest": {}, "netIncomeFromContinuingOps": 1814859, "discontinuedOperations": {}, "extraordinaryItems": {}, "effectOfAccountingCharges": {}, "otherItems": {}, "netIncome": 1814859, "netIncomeApplicableToCommonShares": 1814859}], "maxAge": 86400}, "fundOwnership": {"ownershipList": [], "maxAge": 1}, "summaryDetail": {"maxAge": 1, "priceHint": 2, "previousClose": 50.65, "open": 49.65, "dayLow": 49.1, "dayHigh": 50.95, "regularMarketPreviousClose": 50.65, "regularMarketOpen": 49.65, "regularMarketDayLow": 49.1, "regularMarketDayHigh": 50.95, "payoutRatio": 0.0, "beta": -0.078431, "trailingPE": 17.298332, "volume": 16480, "regularMarketVolume": 16480, "averageVolume": 1028, "averageVolume10days": 0, "averageDailyVolume10Day": 0, "bid": 0.0, "ask": 0.0, "marketCap": 414541888, "fiftyTwoWeekLow": 30.8, "fiftyTwoWeekHigh": 50.95, "priceToSalesTrailing12Months": 1.4594756, "fiftyDayAverage": 42.967648, "twoHundredDayAverage": 36.596428, "currency": "INR", "fromCurrency": null, "lastMarket": null, "algorithm": null, "tradeable": false}, "incomeStatementHistoryQuarterly": {"incomeStatementHistory": [{"maxAge": 1, "endDate": "2020-03-31", "totalRevenue": 71687320, "costOfRevenue": 58931625, "grossProfit": 12755695, "researchDevelopment": {}, "sellingGeneralAdministrative": 3029950, "nonRecurring": {}, "otherOperatingExpenses": 94070, "totalOperatingExpenses": 62409895, "operatingIncome": 9277425, "totalOtherIncomeExpenseNet": -1688775, "ebit": 9277425, "interestExpense": -1437390, "incomeBeforeTax": 7588650, "incomeTaxExpense": 2319200, "minorityInterest": {}, "netIncomeFromContinuingOps": 5269450, "discontinuedOperations": {}, "extraordinaryItems": {}, "effectOfAccountingCharges": {}, "otherItems": {}, "netIncome": 5269450, "netIncomeApplicableToCommonShares": 5269450}, {"maxAge": 1, "endDate": "2019-12-31", "totalRevenue": 71687320, "costOfRevenue": 58931625, "grossProfit": 12755695, "researchDevelopment": {}, "sellingGeneralAdministrative": 3029950, "nonRecurring": {}, "otherOperatingExpenses": 94070, "totalOperatingExpenses": 62409895, "operatingIncome": 9277425, "totalOtherIncomeExpenseNet": -1688775, "ebit": 9277425, "interestExpense": -1437390, "incomeBeforeTax": 7588650, "incomeTaxExpense": 2319200, "minorityInterest": {}, "netIncomeFromContinuingOps": 5269450, "discontinuedOperations": {}, "extraordinaryItems": {}, "effectOfAccountingCharges": {}, "otherItems": {}, "netIncome": 5269450, "netIncomeApplicableToCommonShares": 5269450}, {"maxAge": 1, "endDate": "2019-09-30", "totalRevenue": 70330080, "costOfRevenue": 58671985, "grossProfit": 11658095, "researchDevelopment": {}, "sellingGeneralAdministrative": 2332425, "nonRecurring": {}, "otherOperatingExpenses": 2185995, "totalOperatingExpenses": 63469170, "operatingIncome": 6860910, "totalOtherIncomeExpenseNet": -102665, "ebit": 6860910, "interestExpense": -102665, "incomeBeforeTax": 6758245, "incomeTaxExpense": 1891955, "minorityInterest": {}, "netIncomeFromContinuingOps": 4866290, "discontinuedOperations": {}, "extraordinaryItems": {}, "effectOfAccountingCharges": {}, "otherItems": {}, "netIncome": 4866290, "netIncomeApplicableToCommonShares": 4866290}, {"maxAge": 1, "endDate": "2019-06-30", "totalRevenue": 70330080, "costOfRevenue": 58671985, "grossProfit": 11658095, "researchDevelopment": {}, "sellingGeneralAdministrative": 2332425, "nonRecurring": {}, "otherOperatingExpenses": 2185995, "totalOperatingExpenses": 63469170, "operatingIncome": 6860910, "totalOtherIncomeExpenseNet": -102665, "ebit": 6860910, "interestExpense": -102665, "incomeBeforeTax": 6758245, "incomeTaxExpense": 1891955, "minorityInterest": {}, "netIncomeFromContinuingOps": 4866290, "discontinuedOperations": {}, "extraordinaryItems": {}, "effectOfAccountingCharges": {}, "otherItems": {}, "netIncome": 4866290, "netIncomeApplicableToCommonShares": 4866290}], "maxAge": 86400}, "cashflowStatementHistoryQuarterly": {"cashflowStatements": [{"maxAge": 1, "endDate": "2020-03-31", "netIncome": 5269450, "depreciation": 326410, "changeToNetincome": -113290, "changeToAccountReceivables": 1173255, "changeToLiabilities": -3735930, "changeToInventory": -53174545, "changeToOperatingActivities": 8183685, "totalCashFromOperatingActivities": -42043125, "capitalExpenditures": -457195, "totalCashflowsFromInvestingActivities": -356405, "netBorrowings": 11274590, "totalCashFromFinancingActivities": 43242590, "changeInCash": 843060, "issuanceOfStock": 31968000}, {"maxAge": 1, "endDate": "2019-12-31", "netIncome": 5269450, "depreciation": 326410, "changeToNetincome": -113290, "changeToAccountReceivables": 1173255, "changeToLiabilities": -3735930, "changeToInventory": -53174545, "changeToOperatingActivities": 8183685, "totalCashFromOperatingActivities": -42043125, "capitalExpenditures": -457195, "totalCashflowsFromInvestingActivities": -356405, "netBorrowings": 11274590, "totalCashFromFinancingActivities": 43242590, "changeInCash": 843060, "issuanceOfStock": 31968000}, {"maxAge": 1, "endDate": "2019-09-30", "netIncome": 4866290, "depreciation": 278765, "changeToNetincome": 15735, "changeToAccountReceivables": -37544545, "changeToLiabilities": 1927800, "changeToInventory": 12092420, "changeToOperatingActivities": -10093270, "totalCashFromOperatingActivities": -28456805, "capitalExpenditures": -609565, "totalCashflowsFromInvestingActivities": -315355, "netBorrowings": 28719745, "totalCashFromFinancingActivities": 28719745, "changeInCash": -52415, "issuanceOfStock": 31968000}, {"maxAge": 1, "endDate": "2019-06-30", "netIncome": 4866290, "depreciation": 278765, "changeToNetincome": 15735, "changeToAccountReceivables": -37544545, "changeToLiabilities": 1927800, "changeToInventory": 12092420, "changeToOperatingActivities": -10093270, "totalCashFromOperatingActivities": -28456805, "capitalExpenditures": -609565, "totalCashflowsFromInvestingActivities": -315355, "netBorrowings": 28719745, "totalCashFromFinancingActivities": 28719745, "changeInCash": -52415, "issuanceOfStock": 31968000}], "maxAge": 86400}, "insiderHolders": {"holders": [], "maxAge": 1}, "calendarEvents": {"maxAge": 1, "earnings": {"earningsDate": []}}, "upgradeDowngradeHistory": {"history": [], "maxAge": 86400}, "price": {"maxAge": 1, "regularMarketChangePercent": -0.017769033, "regularMarketChange": -0.9000015, "regularMarketTime": "2021-04-30 15:29:19", "priceHint": 2, "regularMarketPrice": 49.75, "regularMarketDayHigh": 50.95, "regularMarketDayLow": 49.1, "regularMarketVolume": 16480, "averageDailyVolume10Day": 0, "averageDailyVolume3Month": 1028, "regularMarketPreviousClose": 50.65, "regularMarketSource": "FREE_REALTIME", "regularMarketOpen": 49.65, "exchange": "NSI", "exchangeName": "NSE", "exchangeDataDelayedBy": 15, "marketState": "CLOSED", "quoteType": "EQUITY", "symbol": "SILGO.NS", "underlyingSymbol": null, "shortName": "Silgo Retail Limited", "longName": "Silgo Retail Limited", "currency": "INR", "quoteSourceName": "Delayed Quote", "currencySymbol": "\u20b9", "fromCurrency": null, "lastMarket": null, "marketCap": 414541888}, "balanceSheetHistory": {"balanceSheetStatements": [{"maxAge": 1, "endDate": "2020-03-31", "cash": 2607910, "netReceivables": 93597740, "inventory": 159880830, "otherCurrentAssets": 8991500, "totalCurrentAssets": 265382180, "propertyPlantEquipment": 3888640, "intangibleAssets": 57670, "otherAssets": 84830, "deferredLongTermAssetCharges": 84820, "totalAssets": 269413320, "accountsPayable": 407700, "otherCurrentLiab": 9082180, "totalCurrentLiabilities": 92048470, "totalLiab": 92048470, "commonStock": 66660000, "retainedEarnings": 32869940, "capitalSurplus": 77834910, "totalStockholderEquity": 177364850, "netTangibleAssets": 177307180}, {"maxAge": 1, "endDate": "2019-03-31", "cash": 1026610, "netReceivables": 20847170, "inventory": 77716580, "otherCurrentAssets": 2022360, "totalCurrentAssets": 101840520, "propertyPlantEquipment": 3622850, "intangibleAssets": 44390, "otherAssets": 606300, "deferredLongTermAssetCharges": 91300, "totalAssets": 106114060, "accountsPayable": 3647010, "otherCurrentLiab": 6996200, "totalCurrentLiabilities": 12956690, "totalLiab": 12956690, "commonStock": 50660000, "retainedEarnings": 12598460, "capitalSurplus": 29898910, "totalStockholderEquity": 93157370, "netTangibleAssets": 93112980}, {"maxAge": 1, "endDate": "2018-03-31", "cash": 2700040, "netReceivables": 30231550, "inventory": 51196750, "otherCurrentAssets": 1092040, "totalCurrentAssets": 85227610, "propertyPlantEquipment": 4425720, "intangibleAssets": 45640, "otherAssets": 556800, "deferredLongTermAssetCharges": 25980, "totalAssets": 90255770, "accountsPayable": 45217960, "otherCurrentLiab": 6648170, "otherLiab": 10, "deferredLongTermLiab": 15820, "totalCurrentLiabilities": 78865930, "totalLiab": 78865940, "commonStock": 100000, "retainedEarnings": 11289830, "totalStockholderEquity": 11389830, "netTangibleAssets": 11344190}, {"maxAge": 1, "endDate": "2017-03-31", "cash": 787799, "netReceivables": 3569480, "inventory": 19815005, "otherCurrentAssets": 11817, "totalCurrentAssets": 24184101, "propertyPlantEquipment": 207719, "otherAssets": 31572, "deferredLongTermAssetCharges": 10482, "totalAssets": 24423392, "accountsPayable": 10384093, "otherCurrentLiab": 975356, "deferredLongTermLiab": 21090, "totalCurrentLiabilities": 22508533, "totalLiab": 22508533, "commonStock": 100000, "retainedEarnings": 1814858, "totalStockholderEquity": 1914858, "netTangibleAssets": 1914858}], "maxAge": 86400}, "financialData": {"maxAge": 86400, "currentPrice": 49.75, "recommendationKey": "none", "totalCash": 2607910, "totalCashPerShare": 0.313, "ebitda": 33487020, "totalDebt": 79988672, "quickRatio": 1.045, "currentRatio": 2.883, "totalRevenue": 284034816, "debtToEquity": 45.098, "revenuePerShare": 40.298, "returnOnAssets": 0.10744, "returnOnEquity": 0.14987001, "grossProfits": 48827580, "freeCashflow": -145476896, "operatingCashflow": -140999856, "earningsGrowth": 0.064, "revenueGrowth": 0.104, "grossMargins": 0.17191, "ebitdaMargins": 0.1179, "operatingMargins": 0.11364, "profitMargins": 0.07137, "financialCurrency": "INR"}}}