{"SILINV.NS": {"assetProfile": {"address1": "Pachpahar Road", "city": "Bhawanimandi", "zip": "326502", "country": "India", "phone": "91 74 3322 2082", "fax": "91 74 3322 2916", "website": "http://www.silinvestments.in", "industry": "Asset Management", "sector": "Financial Services", "longBusinessSummary": "SIL Investments Limited, a non-banking financial company, engages in the commercial finance and investments activities in India. The company invests in shares, securities, and real estate. The company was formerly known as Sutlej Industries Limited and changed its name to SIL Investments Limited in March 2007. SIL Investments Limited was incorporated in 1934 and is based in Bhawanimandi, India.", "fullTimeEmployees": 4, "companyOfficers": [{"maxAge": 1, "name": "Ms. Shalini  Nopany", "age": 52, "title": "MD & Exec. Director", "yearBorn": 1968, "fiscalYear": 2020, "totalPay": 6140090, "exercisedValue": 0, "unexercisedValue": 0}, {"maxAge": 1, "name": "Mr. Vikas  Baheti", "title": "Chief Financial Officer", "fiscalYear": 2020, "totalPay": 987101, "exercisedValue": 0, "unexercisedValue": 0}, {"maxAge": 1, "name": "Mr. Lokesh  Gandhi", "title": "Company Sec. & Chief Compliance Officer", "fiscalYear": 2020, "totalPay": 1921293, "exercisedValue": 0, "unexercisedValue": 0}, {"maxAge": 1, "name": "Mr. Brij Mohan Agarwal", "age": 49, "title": "Director Incharge & Exec. Director", "yearBorn": 1971, "fiscalYear": 2020, "totalPay": 50000, "exercisedValue": 0, "unexercisedValue": 0}], "compensationAsOfEpochDate": "2020-12-31 05:30:00", "maxAge": 86400}, "recommendationTrend": {"trend": [{"period": "0m", "strongBuy": 0, "buy": 0, "hold": 0, "sell": 0, "strongSell": 0}, {"period": "-1m", "strongBuy": 0, "buy": 1, "hold": 0, "sell": 0, "strongSell": 0}, {"period": "-2m", "strongBuy": 0, "buy": 1, "hold": 0, "sell": 0, "strongSell": 0}, {"period": "-3m", "strongBuy": 0, "buy": 0, "hold": 0, "sell": 0, "strongSell": 0}], "maxAge": 86400}, "cashflowStatementHistory": {"cashflowStatements": [{"maxAge": 1, "endDate": "2020-03-31", "netIncome": 351978000, "depreciation": 4875000, "changeToNetincome": -89549000, "changeToLiabilities": 0, "changeToOperatingActivities": -31247000, "totalCashFromOperatingActivities": 236057000, "capitalExpenditures": -3885000, "investments": -100126000, "otherCashflowsFromInvestingActivities": 1000, "totalCashflowsFromInvestingActivities": -56517000, "dividendsPaid": -15894000, "otherCashflowsFromFinancingActivities": -3267000, "totalCashFromFinancingActivities": -19161000, "changeInCash": 160380000}, {"maxAge": 1, "endDate": "2019-03-31", "netIncome": 199910000, "depreciation": 4628000, "changeToNetincome": -69361000, "changeToLiabilities": 0, "changeToOperatingActivities": 544040000, "totalCashFromOperatingActivities": 679217000, "capitalExpenditures": -3440000, "investments": -657081000, "otherCashflowsFromInvestingActivities": 1000, "totalCashflowsFromInvestingActivities": -629728000, "dividendsPaid": -15894000, "otherCashflowsFromFinancingActivities": -3267000, "totalCashFromFinancingActivities": -19161000, "changeInCash": 30329000}, {"maxAge": 1, "endDate": "2018-03-31", "netIncome": 1353047000, "depreciation": 4433000, "changeToNetincome": -1622046000, "changeToLiabilities": 0, "changeToOperatingActivities": -485741000, "totalCashFromOperatingActivities": -750307000, "capitalExpenditures": -7373000, "investments": 691243000, "otherCashflowsFromInvestingActivities": 105788000, "totalCashflowsFromInvestingActivities": 789658000, "dividendsPaid": -15893000, "otherCashflowsFromFinancingActivities": -3236000, "totalCashFromFinancingActivities": -19129000, "changeInCash": 20221000}, {"maxAge": 1, "endDate": "2017-03-31", "netIncome": 190420000, "depreciation": 3960000, "changeToNetincome": -140808000, "changeToLiabilities": -560000, "changeToOperatingActivities": -155254000, "totalCashFromOperatingActivities": -102242000, "capitalExpenditures": -3601000, "investments": 51673000, "otherCashflowsFromInvestingActivities": 77786000, "totalCashflowsFromInvestingActivities": 125858000, "dividendsPaid": -15941000, "otherCashflowsFromFinancingActivities": -3236000, "totalCashFromFinancingActivities": -15941000, "changeInCash": 7675000}], "maxAge": 86400}, "indexTrend": {"maxAge": 1, "symbol": "SP5", "peRatio": 19.7411, "pegRatio": 1.34172, "estimates": [{"period": "0q", "growth": 0.549}, {"period": "+1q", "growth": 0.431}, {"period": "0y", "growth": 0.305}, {"period": "+1y", "growth": 0.109}, {"period": "+5y", "growth": 0.120865}, {"period": "-5y"}]}, "defaultKeyStatistics": {"maxAge": 1, "priceHint": 2, "enterpriseValue": 1741716096, "profitMargins": 0.85226995, "floatShares": 2721030, "sharesOutstanding": 10595900, "heldPercentInsiders": 0.87005997, "heldPercentInstitutions": 0.0, "beta": 1.760164, "category": null, "bookValue": 922.042, "priceToBook": 0.20232268, "fundFamily": null, "legalType": null, "lastFiscalYearEnd": "2020-03-31 05:30:00", "nextFiscalYearEnd": "2022-03-31 05:30:00", "mostRecentQuarter": "2020-12-31 05:30:00", "earningsQuarterlyGrowth": 7.429, "netIncomeToCommon": 373777984, "trailingEps": 35.28, "lastSplitFactor": null, "enterpriseToRevenue": 3.971}, "industryTrend": {"maxAge": 1, "symbol": null, "estimates": []}, "quoteType": {"exchange": "NSI", "quoteType": "EQUITY", "symbol": "SILINV.NS", "underlyingSymbol": "SILINV.NS", "shortName": "SIL INVESTMENTS", "longName": "SIL Investments Limited", "firstTradeDateEpochUtc": "2002-07-01 09:15:00", "timeZoneFullName": "Asia/Kolkata", "timeZoneShortName": "IST", "uuid": "2a28a72e-e298-3902-8a53-e430675f2abc", "gmtOffSetMilliseconds": 19800000, "maxAge": 1}, "incomeStatementHistory": {"incomeStatementHistory": [{"maxAge": 1, "endDate": "2020-03-31", "totalRevenue": 387770000, "costOfRevenue": 3969000, "grossProfit": 383801000, "researchDevelopment": {}, "sellingGeneralAdministrative": 9838000, "nonRecurring": {}, "otherOperatingExpenses": 25519000, "totalOperatingExpenses": 44201000, "operatingIncome": 343569000, "totalOtherIncomeExpenseNet": 57629000, "ebit": 0, "interestExpense": {}, "incomeBeforeTax": 401198000, "incomeTaxExpense": 45608000, "minorityInterest": 117299000, "netIncomeFromContinuingOps": 355590000, "discontinuedOperations": {}, "extraordinaryItems": {}, "effectOfAccountingCharges": {}, "otherItems": {}, "netIncome": 351978000, "netIncomeApplicableToCommonShares": 351978000}, {"maxAge": 1, "endDate": "2019-03-31", "totalRevenue": 255622000, "costOfRevenue": 2637000, "grossProfit": 252985000, "researchDevelopment": {}, "sellingGeneralAdministrative": 9337000, "nonRecurring": {}, "otherOperatingExpenses": 21691000, "totalOperatingExpenses": 38293000, "operatingIncome": 217329000, "totalOtherIncomeExpenseNet": 28516000, "ebit": 0, "interestExpense": {}, "incomeBeforeTax": 245845000, "incomeTaxExpense": 43334000, "minorityInterest": 181732000, "netIncomeFromContinuingOps": 202511000, "discontinuedOperations": {}, "extraordinaryItems": {}, "effectOfAccountingCharges": {}, "otherItems": {}, "netIncome": 199910000, "netIncomeApplicableToCommonShares": 199910000}, {"maxAge": 1, "endDate": "2018-03-31", "totalRevenue": 1747105000, "costOfRevenue": 4305000, "grossProfit": 1742800000, "researchDevelopment": {}, "sellingGeneralAdministrative": 9214000, "nonRecurring": {}, "otherOperatingExpenses": 21148000, "totalOperatingExpenses": 39100000, "operatingIncome": 1708005000, "totalOtherIncomeExpenseNet": 37000, "ebit": 0, "interestExpense": {}, "incomeBeforeTax": 1708042000, "incomeTaxExpense": 349266000, "minorityInterest": 92006000, "netIncomeFromContinuingOps": 1358776000, "discontinuedOperations": {}, "extraordinaryItems": {}, "effectOfAccountingCharges": {}, "otherItems": {}, "netIncome": 1353047000, "netIncomeApplicableToCommonShares": 1353047000}, {"maxAge": 1, "endDate": "2017-03-31", "totalRevenue": 259236000, "costOfRevenue": 1000000, "grossProfit": 258236000, "researchDevelopment": {}, "sellingGeneralAdministrative": 6935000, "nonRecurring": {}, "otherOperatingExpenses": 23486000, "totalOperatingExpenses": 35381000, "operatingIncome": 223855000, "totalOtherIncomeExpenseNet": 1421000, "ebit": 0, "interestExpense": {}, "incomeBeforeTax": 225276000, "incomeTaxExpense": 32853000, "minorityInterest": 86277000, "netIncomeFromContinuingOps": 192423000, "discontinuedOperations": {}, "extraordinaryItems": {}, "effectOfAccountingCharges": {}, "otherItems": {}, "netIncome": 190420000, "netIncomeApplicableToCommonShares": 190420000}], "maxAge": 86400}, "fundOwnership": {"ownershipList": [], "maxAge": 1}, "summaryDetail": {"maxAge": 1, "priceHint": 2, "previousClose": 186.9, "open": 191.9, "dayLow": 184.0, "dayHigh": 191.95, "regularMarketPreviousClose": 186.9, "regularMarketOpen": 191.9, "regularMarketDayLow": 184.0, "regularMarketDayHigh": 191.95, "dividendRate": 2.5, "dividendYield": 0.0134000005, "exDividendDate": "2020-09-14 05:30:00", "payoutRatio": 0.0709, "fiveYearAvgDividendYield": 0.98, "beta": 1.760164, "trailingPE": 5.2876987, "volume": 3079, "regularMarketVolume": 3079, "averageVolume": 6296, "averageVolume10days": 2307, "averageDailyVolume10Day": 2307, "bid": 0.0, "ask": 0.0, "bidSize": 0, "askSize": 0, "marketCap": 2007856384, "fiftyTwoWeekLow": 80.0, "fiftyTwoWeekHigh": 231.6, "priceToSalesTrailing12Months": 4.5781894, "fiftyDayAverage": 203.99243, "twoHundredDayAverage": 178.35358, "trailingAnnualDividendRate": 2.5, "trailingAnnualDividendYield": 0.013376137, "currency": "INR", "fromCurrency": null, "lastMarket": null, "algorithm": null, "tradeable": false}, "insiderHolders": {"holders": [{"maxAge": 1, "name": "Earthstone Holding Pvt Ltd", "relation": "Institution- Corporation", "url": "", "transactionDescription": "Sale", "latestTransDate": "2020-12-30", "positionDirect": 0, "positionDirectDate": "2020-12-30"}, {"maxAge": 1, "name": "Nopany (Chandra Shekhar)", "relation": "Non Executive Chairman", "url": "", "transactionDescription": "Acquisition", "latestTransDate": "2015-12-22", "positionDirect": 1209, "positionDirectDate": "2015-12-22"}], "maxAge": 1}, "calendarEvents": {"maxAge": 1, "earnings": {"earningsDate": []}, "exDividendDate": "2020-09-14 05:30:00"}, "upgradeDowngradeHistory": {"history": [], "maxAge": 86400}, "price": {"maxAge": 1, "regularMarketChangePercent": -0.0018726103, "regularMarketChange": -0.34999084, "regularMarketTime": "2021-04-30 15:28:48", "priceHint": 2, "regularMarketPrice": 186.55, "regularMarketDayHigh": 191.95, "regularMarketDayLow": 184.0, "regularMarketVolume": 3079, "averageDailyVolume10Day": 2307, "averageDailyVolume3Month": 6296, "regularMarketPreviousClose": 186.9, "regularMarketSource": "FREE_REALTIME", "regularMarketOpen": 191.9, "exchange": "NSI", "exchangeName": "NSE", "exchangeDataDelayedBy": 15, "marketState": "CLOSED", "quoteType": "EQUITY", "symbol": "SILINV.NS", "underlyingSymbol": null, "shortName": "SIL INVESTMENTS", "longName": "SIL Investments Limited", "currency": "INR", "quoteSourceName": "Delayed Quote", "currencySymbol": "\u20b9", "fromCurrency": null, "lastMarket": null, "marketCap": 2007856384}, "balanceSheetHistory": {"balanceSheetStatements": [{"maxAge": 1, "endDate": "2020-03-31", "cash": 228095000, "netReceivables": 749683000, "otherCurrentAssets": 4293000, "totalCurrentAssets": 2199012000, "longTermInvestments": 5244993000, "propertyPlantEquipment": 3262000, "goodWill": 2000, "otherAssets": 163127000, "deferredLongTermAssetCharges": 1417000, "totalAssets": 7610396000, "accountsPayable": 511000, "otherCurrentLiab": 9033000, "otherLiab": 23917000, "minorityInterest": 117299000, "totalCurrentLiabilities": 13605000, "totalLiab": 37522000, "commonStock": 105959000, "retainedEarnings": 3816622000, "treasuryStock": 3227279000, "capitalSurplus": 305715000, "otherStockholderEquity": 3227279000, "totalStockholderEquity": 7455575000, "netTangibleAssets": 7455573000}, {"maxAge": 1, "endDate": "2019-03-31", "cash": 67715000, "netReceivables": 715197000, "otherCurrentAssets": 4530000, "totalCurrentAssets": 1971535000, "longTermInvestments": 8246875000, "propertyPlantEquipment": 4144000, "goodWill": 2000, "otherAssets": 153571000, "deferredLongTermAssetCharges": 1417000, "totalAssets": 10376127000, "accountsPayable": 352000, "otherCurrentLiab": 11752000, "otherLiab": 36721000, "minorityInterest": 181732000, "totalCurrentLiabilities": 14945000, "totalLiab": 51666000, "commonStock": 105959000, "retainedEarnings": 3426836000, "treasuryStock": 6304219000, "capitalSurplus": 305715000, "otherStockholderEquity": 6304219000, "totalStockholderEquity": 10142729000, "netTangibleAssets": 10142727000}, {"maxAge": 1, "endDate": "2018-03-31", "cash": 39418000, "netReceivables": 1277983000, "otherCurrentAssets": 5331000, "totalCurrentAssets": 1322732000, "longTermInvestments": 2283979000, "propertyPlantEquipment": 159595000, "goodWill": 2000, "otherAssets": 2948000, "totalAssets": 3769256000, "otherCurrentLiab": 55268000, "otherLiab": 5043000, "minorityInterest": 92006000, "totalCurrentLiabilities": 59107000, "totalLiab": 64150000, "commonStock": 105959000, "retainedEarnings": 3201320000, "treasuryStock": 106000, "capitalSurplus": 305715000, "otherStockholderEquity": 106000, "totalStockholderEquity": 3613100000, "netTangibleAssets": 3613098000}, {"maxAge": 1, "endDate": "2017-03-31", "cash": 19212000, "netReceivables": 1469127000, "otherCurrentAssets": 29256000, "totalCurrentAssets": 1517595000, "longTermInvestments": 1431516000, "propertyPlantEquipment": 158701000, "goodWill": 2000, "otherAssets": 3292000, "totalAssets": 3111106000, "otherCurrentLiab": 14568000, "otherLiab": 7275000, "minorityInterest": 86277000, "totalCurrentLiabilities": 738371000, "totalLiab": 745646000, "commonStock": 105959000, "retainedEarnings": 1867403000, "treasuryStock": 106000, "capitalSurplus": 305715000, "otherStockholderEquity": 106000, "totalStockholderEquity": 2279183000, "netTangibleAssets": 2279181000}], "maxAge": 86400}, "earningsTrend": {"trend": [{"maxAge": 1, "period": "0q", "endDate": null, "growth": {}, "earningsEstimate": {"avg": 0.0, "low": 0.0, "high": 0.0, "yearAgoEps": {}, "numberOfAnalysts": 0, "growth": {}}, "revenueEstimate": {"avg": 0, "low": 0, "high": 0, "numberOfAnalysts": 0, "yearAgoRevenue": {}, "growth": {}}, "epsTrend": {"current": 0.0, "7daysAgo": 0.0, "30daysAgo": 0.0, "60daysAgo": 0.0, "90daysAgo": 0.0}, "epsRevisions": {"upLast7days": 0, "upLast30days": 0, "downLast30days": 0, "downLast90days": {}}}, {"maxAge": 1, "period": "+1q", "endDate": null, "growth": {}, "earningsEstimate": {"avg": 0.0, "low": 0.0, "high": 0.0, "yearAgoEps": {}, "numberOfAnalysts": 0, "growth": {}}, "revenueEstimate": {"avg": 0, "low": 0, "high": 0, "numberOfAnalysts": 0, "yearAgoRevenue": {}, "growth": {}}, "epsTrend": {"current": 0.0, "7daysAgo": 0.0, "30daysAgo": 0.0, "60daysAgo": 0.0, "90daysAgo": 0.0}, "epsRevisions": {"upLast7days": 0, "upLast30days": 0, "downLast30days": 0, "downLast90days": {}}}, {"maxAge": 1, "period": "0y", "endDate": null, "growth": {}, "earningsEstimate": {"avg": 0.0, "low": 0.0, "high": 0.0, "yearAgoEps": {}, "numberOfAnalysts": 0, "growth": {}}, "revenueEstimate": {"avg": 0, "low": 0, "high": 0, "numberOfAnalysts": 0, "yearAgoRevenue": {}, "growth": {}}, "epsTrend": {"current": 0.0, "7daysAgo": 0.0, "30daysAgo": 0.0, "60daysAgo": 0.0, "90daysAgo": 0.0}, "epsRevisions": {"upLast7days": 0, "upLast30days": 0, "downLast30days": 0, "downLast90days": {}}}, {"maxAge": 1, "period": "+1y", "endDate": null, "growth": {}, "earningsEstimate": {"avg": 0.0, "low": 0.0, "high": 0.0, "yearAgoEps": {}, "numberOfAnalysts": 0, "growth": {}}, "revenueEstimate": {"avg": 0, "low": 0, "high": 0, "numberOfAnalysts": 0, "yearAgoRevenue": {}, "growth": {}}, "epsTrend": {"current": 0.0, "7daysAgo": 0.0, "30daysAgo": 0.0, "60daysAgo": 0.0, "90daysAgo": 0.0}, "epsRevisions": {"upLast7days": 0, "upLast30days": 0, "downLast30days": 0, "downLast90days": {}}}, {"maxAge": 1, "period": "+5y", "endDate": null, "growth": {}, "earningsEstimate": {"avg": {}, "low": {}, "high": {}, "yearAgoEps": {}, "numberOfAnalysts": {}, "growth": {}}, "revenueEstimate": {"avg": {}, "low": {}, "high": {}, "numberOfAnalysts": {}, "yearAgoRevenue": {}, "growth": {}}, "epsTrend": {"current": {}, "7daysAgo": {}, "30daysAgo": {}, "60daysAgo": {}, "90daysAgo": {}}, "epsRevisions": {"upLast7days": {}, "upLast30days": {}, "downLast30days": {}, "downLast90days": {}}}, {"maxAge": 1, "period": "-5y", "endDate": null, "growth": {}, "earningsEstimate": {"avg": {}, "low": {}, "high": {}, "yearAgoEps": {}, "numberOfAnalysts": {}, "growth": {}}, "revenueEstimate": {"avg": {}, "low": {}, "high": {}, "numberOfAnalysts": {}, "yearAgoRevenue": {}, "growth": {}}, "epsTrend": {"current": {}, "7daysAgo": {}, "30daysAgo": {}, "60daysAgo": {}, "90daysAgo": {}}, "epsRevisions": {"upLast7days": {}, "upLast30days": {}, "downLast30days": {}, "downLast90days": {}}}], "maxAge": 1}, "institutionOwnership": {"ownershipList": [], "maxAge": 1}, "majorHoldersBreakdown": {"maxAge": 1, "insidersPercentHeld": 0.87005997, "institutionsPercentHeld": 0.0, "institutionsFloatPercentHeld": 0.0, "institutionsCount": 0}, "balanceSheetHistoryQuarterly": {"balanceSheetStatements": [{"maxAge": 1, "endDate": "2020-12-31", "totalStockholderEquity": 9774200000, "netTangibleAssets": 9774200000}, {"maxAge": 1, "endDate": "2020-09-30", "cash": 398000000, "netReceivables": 726300000, "totalCurrentAssets": 1124300000, "longTermInvestments": 8753800000, "propertyPlantEquipment": 2900000, "otherAssets": 163300000, "totalAssets": 10044300000, "otherCurrentLiab": 32400000, "otherLiab": 78900000, "minorityInterest": 158800000, "totalCurrentLiabilities": 32400000, "totalLiab": 111300000, "commonStock": 106100000, "treasuryStock": 9668100000, "otherStockholderEquity": 9668100000, "totalStockholderEquity": 9774200000, "netTangibleAssets": 9774200000}, {"maxAge": 1, "endDate": "2020-06-30", "totalStockholderEquity": 7455700000, "netTangibleAssets": 7455700000}, {"maxAge": 1, "endDate": "2020-03-31", "cash": 228095000, "netReceivables": 749683000, "otherCurrentAssets": 4293000, "totalCurrentAssets": 2199012000, "longTermInvestments": 5244993000, "propertyPlantEquipment": 3262000, "goodWill": 2000, "otherAssets": 163127000, "deferredLongTermAssetCharges": 1417000, "totalAssets": 7610396000, "accountsPayable": 511000, "otherCurrentLiab": 9033000, "otherLiab": 23917000, "minorityInterest": 117299000, "totalCurrentLiabilities": 13605000, "totalLiab": 37522000, "commonStock": 105959000, "retainedEarnings": 3816622000, "treasuryStock": 3227279000, "capitalSurplus": 305715000, "otherStockholderEquity": 3227279000, "totalStockholderEquity": 7455575000, "netTangibleAssets": 7455573000}], "maxAge": 86400}, "earningsHistory": {"history": [{"maxAge": 1, "epsActual": {}, "epsEstimate": {}, "epsDifference": {}, "surprisePercent": {}, "quarter": {}, "period": "-4q"}, {"maxAge": 1, "epsActual": {}, "epsEstimate": {}, "epsDifference": {}, "surprisePercent": {}, "quarter": {}, "period": "-3q"}, {"maxAge": 1, "epsActual": {}, "epsEstimate": {}, "epsDifference": {}, "surprisePercent": {}, "quarter": {}, "period": "-2q"}, {"maxAge": 1, "epsActual": {}, "epsEstimate": {}, "epsDifference": {}, "surprisePercent": {}, "quarter": {}, "period": "-1q"}], "maxAge": 86400}, "summaryProfile": {"address1": "Pachpahar Road", "city": "Bhawanimandi", "zip": "326502", "country": "India", "phone": "91 74 3322 2082", "fax": "91 74 3322 2916", "website": "http://www.silinvestments.in", "industry": "Asset Management", "sector": "Financial Services", "longBusinessSummary": "SIL Investments Limited, a non-banking financial company, engages in the commercial finance and investments activities in India. The company invests in shares, securities, and real estate. The company was formerly known as Sutlej Industries Limited and changed its name to SIL Investments Limited in March 2007. SIL Investments Limited was incorporated in 1934 and is based in Bhawanimandi, India.", "fullTimeEmployees": 4, "companyOfficers": [], "maxAge": 86400}, "netSharePurchaseActivity": {"maxAge": 1, "period": "6m", "buyInfoCount": 0, "buyInfoShares": 0, "sellInfoCount": 0, "netInfoCount": 0, "netInfoShares": 0, "netPercentInsiderShares": 0.0, "totalInsiderShares": 9221593}, "insiderTransactions": {"transactions": [{"maxAge": 1, "shares": 653580, "filerUrl": "", "transactionText": "", "filerName": "Earthstone Holding Pvt Ltd", "filerRelation": "Institution- Corporation", "moneyText": "", "startDate": "2020-12-30", "ownership": "D"}, {"maxAge": 1, "shares": 1209, "filerUrl": "", "transactionText": "", "filerName": "Nopany (Chandra Shekhar)", "filerRelation": "Non Executive Chairman", "moneyText": "", "startDate": "2015-12-22", "ownership": "D"}, {"maxAge": 1, "shares": 653580, "filerUrl": "", "transactionText": "", "filerName": "Earthstone Holding Pvt Ltd", "filerRelation": "Institution- Corporation", "moneyText": "", "startDate": "2014-02-05", "ownership": "D"}], "maxAge": 1}, "sectorTrend": {"maxAge": 1, "symbol": null, "estimates": []}, "incomeStatementHistoryQuarterly": {"incomeStatementHistory": [{"maxAge": 1, "endDate": "2020-12-31", "totalRevenue": 142000000, "costOfRevenue": 0, "grossProfit": 142000000, "researchDevelopment": {}, "sellingGeneralAdministrative": 2300000, "nonRecurring": {}, "otherOperatingExpenses": 12000000, "totalOperatingExpenses": 17400000, "operatingIncome": 124600000, "totalOtherIncomeExpenseNet": 43900000, "ebit": 0, "interestExpense": {}, "incomeBeforeTax": 168500000, "incomeTaxExpense": 26600000, "minorityInterest": {}, "netIncomeFromContinuingOps": 141900000, "discontinuedOperations": {}, "extraordinaryItems": {}, "effectOfAccountingCharges": {}, "otherItems": {}, "netIncome": 141600000, "netIncomeApplicableToCommonShares": 141600000}, {"maxAge": 1, "endDate": "2020-09-30", "totalRevenue": 63800000, "costOfRevenue": 0, "grossProfit": 63800000, "researchDevelopment": {}, "sellingGeneralAdministrative": 2300000, "nonRecurring": {}, "otherOperatingExpenses": 10300000, "totalOperatingExpenses": 12900000, "operatingIncome": 50900000, "totalOtherIncomeExpenseNet": 2600000, "ebit": 0, "interestExpense": {}, "incomeBeforeTax": 53500000, "incomeTaxExpense": 16000000, "minorityInterest": 158800000, "netIncomeFromContinuingOps": 37500000, "discontinuedOperations": {}, "extraordinaryItems": {}, "effectOfAccountingCharges": {}, "otherItems": {}, "netIncome": 35300000, "netIncomeApplicableToCommonShares": 35300000}, {"maxAge": 1, "endDate": "2020-06-30", "totalRevenue": 48900000, "costOfRevenue": 0, "grossProfit": 48900000, "researchDevelopment": {}, "sellingGeneralAdministrative": 2300000, "nonRecurring": {}, "otherOperatingExpenses": 3100000, "totalOperatingExpenses": 5700000, "operatingIncome": 43200000, "totalOtherIncomeExpenseNet": 2500000, "ebit": 0, "interestExpense": {}, "incomeBeforeTax": 45700000, "incomeTaxExpense": -100000, "minorityInterest": 158800000, "netIncomeFromContinuingOps": 45800000, "discontinuedOperations": {}, "extraordinaryItems": {}, "effectOfAccountingCharges": {}, "otherItems": {}, "netIncome": 45200000, "netIncomeApplicableToCommonShares": 45200000}, {"maxAge": 1, "endDate": "2020-03-31", "totalRevenue": 183870000, "costOfRevenue": 3969000, "grossProfit": 179901000, "researchDevelopment": {}, "sellingGeneralAdministrative": 3238000, "nonRecurring": {}, "otherOperatingExpenses": 6819000, "totalOperatingExpenses": 17901000, "operatingIncome": 165969000, "totalOtherIncomeExpenseNet": -7771000, "ebit": 0, "interestExpense": {}, "incomeBeforeTax": 158198000, "incomeTaxExpense": 5908000, "minorityInterest": 117299000, "netIncomeFromContinuingOps": 152290000, "discontinuedOperations": {}, "extraordinaryItems": {}, "effectOfAccountingCharges": {}, "otherItems": {}, "netIncome": 151678000, "netIncomeApplicableToCommonShares": 151678000}], "maxAge": 86400}, "cashflowStatementHistoryQuarterly": {"cashflowStatements": [{"maxAge": 1, "endDate": "2020-12-31", "netIncome": 141600000, "changeToLiabilities": 0}, {"maxAge": 1, "endDate": "2020-09-30", "netIncome": 35300000, "changeToLiabilities": 0}, {"maxAge": 1, "endDate": "2020-06-30", "netIncome": 45200000, "changeToLiabilities": 0}, {"maxAge": 1, "endDate": "2020-03-31", "netIncome": 151678000, "changeToLiabilities": 0}], "maxAge": 86400}, "earnings": {"maxAge": 86400, "earningsChart": {"quarterly": [], "earningsDate": []}, "financialsChart": {"yearly": [{"date": 2017, "revenue": 259236000, "earnings": 190420000}, {"date": 2018, "revenue": 1747105000, "earnings": 1353047000}, {"date": 2019, "revenue": 255622000, "earnings": 199910000}, {"date": 2020, "revenue": 387770000, "earnings": 351978000}], "quarterly": [{"date": "1Q2020", "revenue": 183870000, "earnings": 151678000}, {"date": "2Q2020", "revenue": 48900000, "earnings": 45200000}, {"date": "3Q2020", "revenue": 63800000, "earnings": 35300000}, {"date": "4Q2020", "revenue": 142000000, "earnings": 141600000}]}, "financialCurrency": "INR"}, "financialData": {"maxAge": 86400, "currentPrice": 186.55, "targetHighPrice": 79.0, "targetLowPrice": 79.0, "targetMeanPrice": 79.0, "targetMedianPrice": 79.0, "recommendationMean": 2.0, "recommendationKey": "buy", "numberOfAnalystOpinions": 1, "totalCash": 398000000, "totalCashPerShare": 37.551, "totalDebt": 0, "totalRevenue": 438569984, "revenuePerShare": 41.395, "grossProfits": 383801000, "earningsGrowth": 7.403, "revenueGrowth": 3.329, "grossMargins": 0.99095, "ebitdaMargins": 0.0, "operatingMargins": 0.8771, "profitMargins": 0.85226995, "financialCurrency": "INR"}}}