{"SILLYMONKS.NS": {"assetProfile": {"address1": "Ektha Towers", "address2": "4th floor Plot No. 2&3 Whitefields, Kondapur", "city": "Hyderabad", "zip": "500084", "country": "India", "phone": "91 40 2300 4518", "website": "http://www.sillymonks.com", "industry": "Entertainment", "sector": "Communication Services", "longBusinessSummary": "Silly Monks Entertainment Limited operates as an entertainment and media company in India. It is involved in the digital media publishing; movie/series/music/other creator content production; celebrity digital management; marketing and promotion on digital and traditional mediums; content distribution and syndication on satellite channels, cinema theatres, airborne, and other offline platforms; and online/digital advertising with Google AdWords. The company was founded in 2013 and is headquartered in Hyderabad, India.", "fullTimeEmployees": 62, "companyOfficers": [{"maxAge": 1, "name": "Mr. Tekulapalli Sanjay Reddy", "age": 52, "title": "MD & Director", "yearBorn": 1968, "fiscalYear": 2020, "totalPay": 7800000, "exercisedValue": 0, "unexercisedValue": 0}, {"maxAge": 1, "name": "Mr. Grandhi Venkata Naga Sathya Aditya", "title": "Chief Financial Officer", "fiscalYear": 2020, "totalPay": 2066650, "exercisedValue": 0, "unexercisedValue": 0}, {"maxAge": 1, "name": "Mr. Anil Kumar Pallala", "age": 38, "title": "Co-Founder, COO & Whole Time Director", "yearBorn": 1982, "fiscalYear": 2020, "totalPay": 3780000, "exercisedValue": 0, "unexercisedValue": 0}, {"maxAge": 1, "name": "Ms. Sushma  Barla", "age": 26, "title": "Company Sec. & Compliance Officer", "yearBorn": 1994, "fiscalYear": 2020, "totalPay": 720000, "exercisedValue": 0, "unexercisedValue": 0}, {"maxAge": 1, "name": "T. R. Vijay Vishwanath", "age": 49, "title": "Head of News Media", "yearBorn": 1971, "exercisedValue": 0, "unexercisedValue": 0}, {"maxAge": 1, "name": "Naveen Reddy Chintala", "age": 33, "title": "Content Head", "yearBorn": 1987, "exercisedValue": 0, "unexercisedValue": 0}, {"maxAge": 1, "name": "Kishore  Raju M.B.A.", "age": 38, "title": "Head of Mobile Vas", "yearBorn": 1982, "exercisedValue": 0, "unexercisedValue": 0}], "compensationAsOfEpochDate": "2020-12-31 05:30:00", "maxAge": 86400}, "cashflowStatementHistory": {"cashflowStatements": [{"maxAge": 1, "endDate": "2020-03-31", "netIncome": 11537158, "depreciation": 6395807, "changeToNetincome": 2424716, "changeToAccountReceivables": -8586684, "changeToLiabilities": 4029017, "changeToInventory": -6028067, "changeToOperatingActivities": -6588609, "totalCashFromOperatingActivities": 4880241, "capitalExpenditures": -11639913, "investments": 23162908, "otherCashflowsFromInvestingActivities": 340670, "totalCashflowsFromInvestingActivities": 16237675, "dividendsPaid": -10903158, "netBorrowings": -505680, "otherCashflowsFromFinancingActivities": -500000, "totalCashFromFinancingActivities": -11908838, "changeInCash": 9209078}, {"maxAge": 1, "endDate": "2019-03-31", "netIncome": 7046728, "depreciation": 7054061, "changeToNetincome": -1549633, "changeToAccountReceivables": -3039026, "changeToLiabilities": 8232080, "changeToInventory": -54081063, "changeToOperatingActivities": 55920450, "totalCashFromOperatingActivities": 19583597, "capitalExpenditures": -17077965, "investments": -24185499, "otherCashflowsFromInvestingActivities": 340670, "totalCashflowsFromInvestingActivities": -41263464, "dividendsPaid": -10903158, "netBorrowings": 19108947, "otherCashflowsFromFinancingActivities": -332564, "totalCashFromFinancingActivities": 18776383, "changeInCash": -2903484}, {"maxAge": 1, "endDate": "2018-03-31", "netIncome": 19041712, "depreciation": 3811792, "changeToNetincome": -398028, "changeToAccountReceivables": -30203239, "changeToLiabilities": -5332257, "changeToInventory": -54081063, "changeToOperatingActivities": -79331639, "totalCashFromOperatingActivities": -92411659, "capitalExpenditures": -34350894, "investments": -24185499, "otherCashflowsFromInvestingActivities": 340670, "totalCashflowsFromInvestingActivities": -30998140, "dividendsPaid": -10903158, "netBorrowings": -882854, "otherCashflowsFromFinancingActivities": -741386, "totalCashFromFinancingActivities": 114775760, "changeInCash": -8634039, "issuanceOfStock": 116400000}, {"maxAge": 1, "endDate": "2017-03-31", "netIncome": 14474098, "depreciation": 2709825, "changeToNetincome": 2113167, "changeToAccountReceivables": -1728692, "changeToLiabilities": -707967, "changeToInventory": -54081063, "changeToOperatingActivities": -6401646, "totalCashFromOperatingActivities": 10458785, "capitalExpenditures": -18857418, "investments": -24185499, "otherCashflowsFromInvestingActivities": 340670, "totalCashflowsFromInvestingActivities": -18857418, "dividendsPaid": -10903158, "netBorrowings": 3511491, "otherCashflowsFromFinancingActivities": -357572, "totalCashFromFinancingActivities": 33186919, "changeInCash": 24788286, "issuanceOfStock": 30033000}], "maxAge": 86400}, "institutionOwnership": {"ownershipList": [], "maxAge": 1}, "majorHoldersBreakdown": {"maxAge": 1}, "balanceSheetHistoryQuarterly": {"balanceSheetStatements": [{"maxAge": 1, "endDate": "2020-12-31", "totalStockholderEquity": 161805000, "netTangibleAssets": 132115000}, {"maxAge": 1, "endDate": "2020-09-30", "cash": 14952000, "shortTermInvestments": 2096000, "netReceivables": 82257000, "inventory": 43712000, "otherCurrentAssets": 12619000, "totalCurrentAssets": 155636000, "longTermInvestments": 849000, "propertyPlantEquipment": 7216000, "goodWill": 8000, "intangibleAssets": 29682000, "otherAssets": 21346000, "totalAssets": 214737000, "accountsPayable": 28119000, "otherCurrentLiab": 21997000, "otherLiab": 575000, "totalCurrentLiabilities": 52357000, "totalLiab": 52932000, "commonStock": 102113000, "treasuryStock": 59692000, "otherStockholderEquity": 59692000, "totalStockholderEquity": 161805000, "netTangibleAssets": 132115000}, {"maxAge": 1, "endDate": "2020-06-30", "totalStockholderEquity": 198253000, "netTangibleAssets": 175671000}, {"maxAge": 1, "endDate": "2020-03-31"}], "maxAge": 86400}, "indexTrend": {"maxAge": 1, "symbol": "SP5", "peRatio": 19.7411, "pegRatio": 1.34172, "estimates": [{"period": "0q", "growth": 0.549}, {"period": "+1q", "growth": 0.431}, {"period": "0y", "growth": 0.305}, {"period": "+1y", "growth": 0.109}, {"period": "+5y", "growth": 0.120865}, {"period": "-5y"}]}, "defaultKeyStatistics": {"maxAge": 1, "priceHint": 2, "enterpriseValue": 199914720, "profitMargins": -0.11927, "floatShares": 1608542, "sharesOutstanding": 10211300, "beta": 0.907516, "category": null, "bookValue": 15.834, "priceToBook": 1.32626, "fundFamily": null, "legalType": null, "lastFiscalYearEnd": "2020-03-31 05:30:00", "nextFiscalYearEnd": "2022-03-31 05:30:00", "mostRecentQuarter": "2020-12-31 05:30:00", "netIncomeToCommon": -30582842, "trailingEps": -2.121, "lastSplitFactor": "11:5", "lastSplitDate": "2020-02-11 05:30:00", "enterpriseToRevenue": 0.78, "enterpriseToEbitda": -7.852}, "summaryProfile": {"address1": "Ektha Towers", "address2": "4th floor Plot No. 2&3 Whitefields, Kondapur", "city": "Hyderabad", "zip": "500084", "country": "India", "phone": "91 40 2300 4518", "website": "http://www.sillymonks.com", "industry": "Entertainment", "sector": "Communication Services", "longBusinessSummary": "Silly Monks Entertainment Limited operates as an entertainment and media company in India. It is involved in the digital media publishing; movie/series/music/other creator content production; celebrity digital management; marketing and promotion on digital and traditional mediums; content distribution and syndication on satellite channels, cinema theatres, airborne, and other offline platforms; and online/digital advertising with Google AdWords. The company was founded in 2013 and is headquartered in Hyderabad, India.", "fullTimeEmployees": 62, "companyOfficers": [], "maxAge": 86400}, "netSharePurchaseActivity": {"maxAge": 1, "period": "6m", "buyInfoCount": 0, "buyInfoShares": 0, "sellInfoCount": 0, "netInfoCount": 0, "netInfoShares": 0, "totalInsiderShares": 0}, "quoteType": {"exchange": "NSI", "quoteType": "EQUITY", "symbol": "SILLYMONKS.NS", "underlyingSymbol": "SILLYMONKS.NS", "shortName": "Silly Monks Entertain Ltd", "longName": "Silly Monks Entertainment Limited", "firstTradeDateEpochUtc": "2018-01-18 09:15:00", "timeZoneFullName": "Asia/Kolkata", "timeZoneShortName": "IST", "uuid": "103347a2-f91a-3a1c-a990-6f7b0d028857", "gmtOffSetMilliseconds": 19800000, "maxAge": 1}, "incomeStatementHistory": {"incomeStatementHistory": [{"maxAge": 1, "endDate": "2020-03-31", "totalRevenue": 324464113, "costOfRevenue": 283770155, "grossProfit": 40693958, "researchDevelopment": {}, "sellingGeneralAdministrative": 7146354, "nonRecurring": {}, "otherOperatingExpenses": 6011630, "totalOperatingExpenses": 305020849, "operatingIncome": 19443264, "totalOtherIncomeExpenseNet": -927103, "ebit": 19443264, "interestExpense": -500000, "incomeBeforeTax": 18516161, "incomeTaxExpense": 6979003, "minorityInterest": {}, "netIncomeFromContinuingOps": 11537158, "discontinuedOperations": {}, "extraordinaryItems": {}, "effectOfAccountingCharges": {}, "otherItems": {}, "netIncome": 11537158, "netIncomeApplicableToCommonShares": 11537158}, {"maxAge": 1, "endDate": "2019-03-31", "totalRevenue": 209196881, "costOfRevenue": 184352993, "grossProfit": 24843888, "researchDevelopment": {}, "sellingGeneralAdministrative": 4948445, "nonRecurring": {}, "otherOperatingExpenses": 6517825, "totalOperatingExpenses": 202873324, "operatingIncome": 6323557, "totalOtherIncomeExpenseNet": 2611429, "ebit": 6323557, "interestExpense": -500000, "incomeBeforeTax": 8934986, "incomeTaxExpense": 2228012, "minorityInterest": -117739, "netIncomeFromContinuingOps": 6706974, "discontinuedOperations": {}, "extraordinaryItems": {}, "effectOfAccountingCharges": {}, "otherItems": {}, "netIncome": 7046728, "netIncomeApplicableToCommonShares": 7046728}, {"maxAge": 1, "endDate": "2018-03-31", "totalRevenue": 156629082, "costOfRevenue": 93065916, "grossProfit": 63563166, "researchDevelopment": {}, "sellingGeneralAdministrative": 3356263, "nonRecurring": {}, "otherOperatingExpenses": 33333492, "totalOperatingExpenses": 133567463, "operatingIncome": 23061619, "totalOtherIncomeExpenseNet": -1900571, "ebit": 23061619, "interestExpense": -741386, "incomeBeforeTax": 21161048, "incomeTaxExpense": 2503116, "minorityInterest": -466810, "netIncomeFromContinuingOps": 18657932, "discontinuedOperations": {}, "extraordinaryItems": {}, "effectOfAccountingCharges": {}, "otherItems": {}, "netIncome": 19041712, "netIncomeApplicableToCommonShares": 19041712}, {"maxAge": 1, "endDate": "2017-03-31", "totalRevenue": 119578819, "costOfRevenue": 32278435, "grossProfit": 87300384, "researchDevelopment": {}, "sellingGeneralAdministrative": 64777869, "nonRecurring": {}, "otherOperatingExpenses": 3974508, "totalOperatingExpenses": 103740637, "operatingIncome": 15838182, "totalOtherIncomeExpenseNet": -40081, "ebit": 15838182, "interestExpense": -357573, "incomeBeforeTax": 15798101, "incomeTaxExpense": 1234073, "minorityInterest": -83030, "netIncomeFromContinuingOps": 14564028, "discontinuedOperations": {}, "extraordinaryItems": {}, "effectOfAccountingCharges": {}, "otherItems": {}, "netIncome": 14474098, "netIncomeApplicableToCommonShares": 14474098}], "maxAge": 86400}, "fundOwnership": {"ownershipList": [], "maxAge": 1}, "summaryDetail": {"maxAge": 1, "priceHint": 2, "previousClose": 21.0, "open": 21.95, "dayLow": 21.0, "dayHigh": 21.95, "regularMarketPreviousClose": 21.0, "regularMarketOpen": 21.95, "regularMarketDayLow": 21.0, "regularMarketDayHigh": 21.95, "dividendRate": 0.95, "dividendYield": 0.045500003, "exDividendDate": "2021-02-15 05:30:00", "beta": 0.907516, "volume": 666, "regularMarketVolume": 666, "averageVolume": 3969, "averageVolume10days": 2595, "averageDailyVolume10Day": 2595, "bid": 0.0, "ask": 0.0, "marketCap": 214437296, "fiftyTwoWeekLow": 18.0, "fiftyTwoWeekHigh": 37.5, "priceToSalesTrailing12Months": 0.8362505, "fiftyDayAverage": 21.307575, "twoHundredDayAverage": 23.537857, "currency": "INR", "fromCurrency": null, "lastMarket": null, "algorithm": null, "tradeable": false}, "incomeStatementHistoryQuarterly": {"incomeStatementHistory": [{"maxAge": 1, "endDate": "2020-12-31", "totalRevenue": 85372000, "costOfRevenue": 85915000, "grossProfit": -543000, "researchDevelopment": {}, "sellingGeneralAdministrative": {}, "nonRecurring": {}, "otherOperatingExpenses": 1840000, "totalOperatingExpenses": 89814000, "operatingIncome": -4442000, "totalOtherIncomeExpenseNet": 134000, "ebit": -4442000, "interestExpense": -10000, "incomeBeforeTax": -4308000, "incomeTaxExpense": -1312000, "minorityInterest": {}, "netIncomeFromContinuingOps": -2996000, "discontinuedOperations": {}, "extraordinaryItems": {}, "effectOfAccountingCharges": {}, "otherItems": {}, "netIncome": -2996000, "netIncomeApplicableToCommonShares": -2996000}, {"maxAge": 1, "endDate": "2020-09-30", "totalRevenue": 59080000, "costOfRevenue": 65637000, "grossProfit": -6557000, "researchDevelopment": {}, "sellingGeneralAdministrative": {}, "nonRecurring": {}, "otherOperatingExpenses": 10933000, "totalOperatingExpenses": 78623000, "operatingIncome": -19543000, "totalOtherIncomeExpenseNet": 1566000, "ebit": -19543000, "interestExpense": -10000, "incomeBeforeTax": -17977000, "incomeTaxExpense": -94000, "minorityInterest": {}, "netIncomeFromContinuingOps": -17883000, "discontinuedOperations": {}, "extraordinaryItems": {}, "effectOfAccountingCharges": {}, "otherItems": {}, "netIncome": -17883000, "netIncomeApplicableToCommonShares": -17883000}, {"maxAge": 1, "endDate": "2020-06-30", "totalRevenue": 50434000, "costOfRevenue": 53585000, "grossProfit": -3151000, "researchDevelopment": {}, "sellingGeneralAdministrative": {}, "nonRecurring": {}, "otherOperatingExpenses": 14134500, "totalOperatingExpenses": 69770500, "operatingIncome": -19336500, "totalOtherIncomeExpenseNet": 986500, "ebit": -19336500, "interestExpense": -10000, "incomeBeforeTax": -18350000, "incomeTaxExpense": -125000, "minorityInterest": {}, "netIncomeFromContinuingOps": -18225000, "discontinuedOperations": {}, "extraordinaryItems": {}, "effectOfAccountingCharges": {}, "otherItems": {}, "netIncome": -18225000, "netIncomeApplicableToCommonShares": -18225000}, {"maxAge": 1, "endDate": "2020-03-31", "totalRevenue": 90989557, "costOfRevenue": 80924578, "grossProfit": 10064979, "researchDevelopment": {}, "sellingGeneralAdministrative": 3573177, "nonRecurring": {}, "otherOperatingExpenses": -249185, "totalOperatingExpenses": 86152425, "operatingIncome": 4837132, "totalOtherIncomeExpenseNet": -497052, "ebit": 4837132, "interestExpense": -250000, "incomeBeforeTax": 4340081, "incomeTaxExpense": 1796502, "minorityInterest": {}, "netIncomeFromContinuingOps": 2543579, "discontinuedOperations": {}, "extraordinaryItems": {}, "effectOfAccountingCharges": {}, "otherItems": {}, "netIncome": 2560579, "netIncomeApplicableToCommonShares": 2560579}], "maxAge": 86400}, "cashflowStatementHistoryQuarterly": {"cashflowStatements": [{"maxAge": 1, "endDate": "2020-12-31", "netIncome": -2996000, "changeToLiabilities": 0}, {"maxAge": 1, "endDate": "2020-09-30", "netIncome": -17883000, "depreciation": 2051000, "changeToNetincome": 11770000, "changeToAccountReceivables": -5443500, "changeToLiabilities": 5033000, "changeToInventory": 2063500, "changeToOperatingActivities": -686500, "totalCashFromOperatingActivities": -3437500, "capitalExpenditures": -98500, "investments": -936000, "otherCashflowsFromInvestingActivities": 51500, "totalCashflowsFromInvestingActivities": -918500, "dividendsPaid": -141000, "totalCashFromFinancingActivities": -141000, "effectOfExchangeRate": -13000, "changeInCash": -4510000}, {"maxAge": 1, "endDate": "2020-06-30", "netIncome": -18225000, "depreciation": 2051000, "changeToNetincome": 11770000, "changeToAccountReceivables": -5443500, "changeToLiabilities": 5033000, "changeToInventory": 2063500, "changeToOperatingActivities": -686500, "totalCashFromOperatingActivities": -3437500, "capitalExpenditures": -98500, "investments": -936000, "otherCashflowsFromInvestingActivities": 51500, "totalCashflowsFromInvestingActivities": -918500, "dividendsPaid": -141000, "totalCashFromFinancingActivities": -141000, "effectOfExchangeRate": -13000, "changeInCash": -4510000}, {"maxAge": 1, "endDate": "2020-03-31", "netIncome": 2560579, "depreciation": 1055404, "changeToNetincome": 618358, "changeToAccountReceivables": 4905658, "changeToLiabilities": 7116509, "changeToInventory": 447466, "changeToOperatingActivities": -15648305, "totalCashFromOperatingActivities": 1904121, "capitalExpenditures": 77543, "investments": 1878954, "otherCashflowsFromInvestingActivities": 150335, "totalCashflowsFromInvestingActivities": 271838, "dividendsPaid": -5451579, "netBorrowings": 62660, "otherCashflowsFromFinancingActivities": -267000, "totalCashFromFinancingActivities": -5655919, "effectOfExchangeRate": -13000, "changeInCash": -3480461}], "maxAge": 86400}, "insiderHolders": {"holders": [], "maxAge": 1}, "calendarEvents": {"maxAge": 1, "earnings": {"earningsDate": []}, "exDividendDate": "2021-02-15 05:30:00"}, "upgradeDowngradeHistory": {"history": [], "maxAge": 86400}, "price": {"maxAge": 1, "regularMarketChangePercent": 0.0, "regularMarketChange": 0.0, "regularMarketTime": "2021-04-30 11:56:03", "priceHint": 2, "regularMarketPrice": 21.0, "regularMarketDayHigh": 21.95, "regularMarketDayLow": 21.0, "regularMarketVolume": 666, "averageDailyVolume10Day": 2595, "averageDailyVolume3Month": 3969, "regularMarketPreviousClose": 21.0, "regularMarketSource": "FREE_REALTIME", "regularMarketOpen": 21.95, "exchange": "NSI", "exchangeName": "NSE", "exchangeDataDelayedBy": 15, "marketState": "CLOSED", "quoteType": "EQUITY", "symbol": "SILLYMONKS.NS", "underlyingSymbol": null, "shortName": "Silly Monks Entertain Ltd", "longName": "Silly Monks Entertainment Limited", "currency": "INR", "quoteSourceName": "Delayed Quote", "currencySymbol": "\u20b9", "fromCurrency": null, "lastMarket": null, "marketCap": 214437296}, "balanceSheetHistory": {"balanceSheetStatements": [{"maxAge": 1, "endDate": "2020-03-31", "cash": 23971754, "shortTermInvestments": 224291, "netReceivables": 52376122, "inventory": 47838730, "otherCurrentAssets": 9271211, "totalCurrentAssets": 133762293, "longTermInvestments": 849300, "propertyPlantEquipment": 17964243, "goodWill": 8467, "intangibleAssets": 22573176, "otherAssets": 62141763, "totalAssets": 237299242, "accountsPayable": 15024363, "otherCurrentLiab": 17856849, "longTermDebt": 10636, "otherLiab": 897084, "totalCurrentLiabilities": 38138976, "totalLiab": 39046696, "commonStock": 102113000, "retainedEarnings": 44686448, "treasuryStock": 3873485, "capitalSurplus": 47579613, "otherStockholderEquity": 3873485, "totalStockholderEquity": 198252546, "netTangibleAssets": 175670903}, {"maxAge": 1, "endDate": "2019-03-31", "cash": 14762676, "shortTermInvestments": 23412949, "netReceivables": 46326508, "inventory": 54081063, "otherCurrentAssets": 6205534, "totalCurrentAssets": 144788730, "longTermInvestments": 830300, "propertyPlantEquipment": 44023461, "goodWill": 8467, "intangibleAssets": 22154458, "otherAssets": 35069854, "deferredLongTermAssetCharges": 206712, "totalAssets": 246875270, "accountsPayable": 11464963, "otherCurrentLiab": 16806203, "longTermDebt": 23154123, "minorityInterest": -117739, "totalCurrentLiabilities": 35009563, "totalLiab": 58163686, "commonStock": 46415000, "retainedEarnings": 37715305, "treasuryStock": 1421405, "capitalSurplus": 103277613, "otherStockholderEquity": 1421405, "totalStockholderEquity": 188829323, "netTangibleAssets": 166666398}, {"maxAge": 1, "endDate": "2018-03-31", "cash": 17666161, "shortTermInvestments": 57400773, "netReceivables": 51936887, "otherCurrentAssets": 7384143, "totalCurrentAssets": 134387964, "longTermInvestments": 1512000, "propertyPlantEquipment": 33696117, "goodWill": 441754, "intangibleAssets": 22466366, "otherAssets": 15590594, "totalAssets": 206141041, "accountsPayable": 3232883, "otherCurrentLiab": 10798795, "longTermDebt": 4045176, "otherLiab": 1351840, "minorityInterest": -466810, "totalCurrentLiabilities": 15253852, "totalLiab": 20650868, "commonStock": 46415000, "retainedEarnings": 36264370, "capitalSurplus": 103277613, "totalStockholderEquity": 185956983, "netTangibleAssets": 163490617}, {"maxAge": 1, "endDate": "2017-03-31", "cash": 25741108, "netReceivables": 12813207, "otherCurrentAssets": 472568, "totalCurrentAssets": 39026883, "propertyPlantEquipment": 18987406, "goodWill": 441754, "intangibleAssets": 11706261, "otherAssets": 15150190, "totalAssets": 85312494, "accountsPayable": 8565140, "shortLongTermDebt": 3878022, "otherCurrentLiab": 11491333, "longTermDebt": 4928030, "otherLiab": 995682, "minorityInterest": -83030, "totalCurrentLiabilities": 24136155, "totalLiab": 30059867, "commonStock": 5245000, "retainedEarnings": 17222657, "capitalSurplus": 32868000, "totalStockholderEquity": 55335657, "netTangibleAssets": 43187642}], "maxAge": 86400}, "financialData": {"maxAge": 86400, "currentPrice": 21.0, "recommendationKey": "none", "totalCash": 17048000, "totalCashPerShare": 1.65, "ebitda": -25461428, "totalDebt": 11000, "totalRevenue": 256427120, "debtToEquity": 0.007, "revenuePerShare": 17.785, "grossProfits": 40693958, "revenueGrowth": -0.236, "grossMargins": 0.03326, "ebitdaMargins": -0.09929, "operatingMargins": -0.12316, "profitMargins": -0.11927, "financialCurrency": "INR"}}}