{"SIMMOND.BO": {"recommendationTrend": {"trend": [{"period": "0m", "strongBuy": 0, "buy": 0, "hold": 0, "sell": 0, "strongSell": 0}, {"period": "-1m", "strongBuy": 0, "buy": 0, "hold": 0, "sell": 0, "strongSell": 0}, {"period": "-2m", "strongBuy": 0, "buy": 0, "hold": 0, "sell": 0, "strongSell": 0}, {"period": "-3m", "strongBuy": 0, "buy": 0, "hold": 0, "sell": 0, "strongSell": 0}], "maxAge": 86400}, "cashflowStatementHistory": {"cashflowStatements": [{"maxAge": 1, "endDate": "2020-03-31", "netIncome": -77516000, "depreciation": 49925000, "changeToNetincome": 15458000, "changeToAccountReceivables": 178406000, "changeToLiabilities": -21655000, "changeToInventory": -16464000, "changeToOperatingActivities": 9801000, "totalCashFromOperatingActivities": 142753000, "capitalExpenditures": -165351000, "otherCashflowsFromInvestingActivities": -993000, "totalCashflowsFromInvestingActivities": -165613000, "dividendsPaid": -5601000, "netBorrowings": 84303000, "otherCashflowsFromFinancingActivities": -54143000, "totalCashFromFinancingActivities": 24559000, "changeInCash": 1699000}, {"maxAge": 1, "endDate": "2019-03-31", "netIncome": 58623000, "depreciation": 42224000, "changeToNetincome": 23942000, "changeToAccountReceivables": 74099000, "changeToLiabilities": 19989000, "changeToInventory": -230136000, "changeToOperatingActivities": 5440000, "totalCashFromOperatingActivities": -2279000, "capitalExpenditures": -62244000, "otherCashflowsFromInvestingActivities": 10740000, "totalCashflowsFromInvestingActivities": -51243000, "dividendsPaid": -7840000, "netBorrowings": 103478000, "otherCashflowsFromFinancingActivities": -38021000, "totalCashFromFinancingActivities": 57617000, "changeInCash": 4095000}, {"maxAge": 1, "endDate": "2018-03-31", "netIncome": 100074000, "depreciation": 40362000, "changeToNetincome": 25006000, "changeToAccountReceivables": -80426000, "changeToLiabilities": 83290000, "changeToInventory": -57347000, "changeToOperatingActivities": -5090000, "totalCashFromOperatingActivities": 105869000, "capitalExpenditures": -41401000, "otherCashflowsFromInvestingActivities": 11870000, "totalCashflowsFromInvestingActivities": -28641000, "dividendsPaid": -5600000, "netBorrowings": -43877000, "otherCashflowsFromFinancingActivities": -34277000, "totalCashFromFinancingActivities": -83754000, "changeInCash": -6528000}, {"maxAge": 1, "endDate": "2017-03-31", "netIncome": 63539000, "depreciation": 40470000, "changeToNetincome": 18083000, "changeToAccountReceivables": -54630000, "changeToLiabilities": 47436000, "changeToInventory": -34746000, "changeToOperatingActivities": 6217000, "totalCashFromOperatingActivities": 86925000, "capitalExpenditures": -88913000, "otherCashflowsFromInvestingActivities": 3373000, "totalCashflowsFromInvestingActivities": -79897000, "dividendsPaid": -5600000, "netBorrowings": -4683000, "otherCashflowsFromFinancingActivities": -28570000, "totalCashFromFinancingActivities": -33253000, "changeInCash": -26225000}], "maxAge": 86400}, "institutionOwnership": {"maxAge": 1, "ownershipList": []}, "balanceSheetHistoryQuarterly": {"balanceSheetStatements": [{"maxAge": 1, "endDate": "2020-06-30", "totalStockholderEquity": 582656000, "netTangibleAssets": 549346000}, {"maxAge": 1, "endDate": "2020-03-31", "cash": 6778000, "netReceivables": 209776000, "inventory": 646847000, "otherCurrentAssets": 17625000, "totalCurrentAssets": 890758000, "longTermInvestments": 1347000, "propertyPlantEquipment": 418926000, "goodWill": 26728000, "intangibleAssets": 6582000, "otherAssets": 55468000, "deferredLongTermAssetCharges": 17930000, "totalAssets": 1399809000, "accountsPayable": 270050000, "shortLongTermDebt": 44073000, "otherCurrentLiab": 34999000, "longTermDebt": 168618000, "otherLiab": 9321000, "minorityInterest": 1003000, "totalCurrentLiabilities": 638211000, "totalLiab": 816150000, "commonStock": 22400000, "retainedEarnings": 565130000, "treasuryStock": -20274000, "capitalSurplus": 15400000, "otherStockholderEquity": -20274000, "totalStockholderEquity": 582656000, "netTangibleAssets": 549346000}, {"maxAge": 1, "endDate": "2019-12-31", "totalStockholderEquity": 656648000, "netTangibleAssets": 621456000}, {"maxAge": 1, "endDate": "2019-09-30", "cash": 5522000, "shortTermInvestments": 2241000, "netReceivables": 270773000, "inventory": 695461000, "otherCurrentAssets": 19914000, "totalCurrentAssets": 993911000, "longTermInvestments": 2876000, "propertyPlantEquipment": 346879000, "intangibleAssets": 35192000, "otherAssets": 27129000, "totalAssets": 1405987000, "accountsPayable": 261166000, "shortLongTermDebt": 58886000, "otherCurrentLiab": 5206000, "longTermDebt": 171189000, "otherLiab": 22492000, "minorityInterest": 1038000, "totalCurrentLiabilities": 554620000, "totalLiab": 748301000, "commonStock": 22400000, "treasuryStock": 634248000, "otherStockholderEquity": 634248000, "totalStockholderEquity": 656648000, "netTangibleAssets": 621456000}], "maxAge": 86400}, "earningsHistory": {"history": [{"maxAge": 1, "epsActual": {}, "epsEstimate": {}, "epsDifference": {}, "surprisePercent": {}, "quarter": {}, "period": "-4q"}, {"maxAge": 1, "epsActual": {}, "epsEstimate": {}, "epsDifference": {}, "surprisePercent": {}, "quarter": {}, "period": "-3q"}, {"maxAge": 1, "epsActual": {}, "epsEstimate": {}, "epsDifference": {}, "surprisePercent": {}, "quarter": {}, "period": "-2q"}, {"maxAge": 1, "epsActual": 1.04, "epsEstimate": 3.36, "epsDifference": -2.32, "surprisePercent": -0.69, "quarter": "2018-06-30", "period": "-1q"}], "maxAge": 86400}, "indexTrend": {"maxAge": 1, "symbol": "SP5", "peRatio": 19.7411, "pegRatio": 1.34172, "estimates": [{"period": "0q", "growth": 0.549}, {"period": "+1q", "growth": 0.431}, {"period": "0y", "growth": 0.305}, {"period": "+1y", "growth": 0.109}, {"period": "+5y", "growth": 0.120859005}, {"period": "-5y"}]}, "industryTrend": {"maxAge": 1, "symbol": null, "estimates": []}, "insiderTransactions": {"transactions": [{"maxAge": 1, "shares": 10280, "value": 6190, "filerUrl": "", "transactionText": "Acquisition at price 0.60 per share.", "filerName": "Marshall (Navroze Shiamak)", "filerRelation": "Managing Director", "moneyText": "", "startDate": "2020-09-22", "ownership": "D"}, {"maxAge": 1, "shares": 936, "value": 562, "filerUrl": "", "transactionText": "Acquisition at price 0.60 per share.", "filerName": "Marshall (Navroze Shiamak)", "filerRelation": "Managing Director", "moneyText": "", "startDate": "2020-09-15", "ownership": "D"}, {"maxAge": 1, "shares": 952, "value": 574, "filerUrl": "", "transactionText": "Acquisition at price 0.60 per share.", "filerName": "Marshall (Navroze Shiamak)", "filerRelation": "Managing Director", "moneyText": "", "startDate": "2020-09-14", "ownership": "D"}, {"maxAge": 1, "shares": 1199, "value": 722, "filerUrl": "", "transactionText": "Acquisition at price 0.60 per share.", "filerName": "Marshall (Navroze Shiamak)", "filerRelation": "Managing Director", "moneyText": "", "startDate": "2020-09-11", "ownership": "D"}, {"maxAge": 1, "shares": 11224, "value": 6740, "filerUrl": "", "transactionText": "Acquisition at price 0.60 per share.", "filerName": "Marshall (Navroze Shiamak)", "filerRelation": "Managing Director", "moneyText": "", "startDate": "2020-09-10", "ownership": "D"}, {"maxAge": 1, "shares": 182432, "filerUrl": "", "transactionText": "", "filerName": "Marshall (Shiamak Jeejeebhoy)", "filerRelation": "Chairman of the Board", "moneyText": "", "startDate": "2019-02-20", "ownership": "D"}], "maxAge": 1}, "quoteType": {"exchange": "BSE", "quoteType": "EQUITY", "symbol": "SIMMOND.BO", "underlyingSymbol": "SIMMOND.BO", "shortName": "SIMMONDS MARSHALL LTD.", "longName": "Simmonds Marshall Limited", "firstTradeDateEpochUtc": "2002-07-09 09:15:00", "timeZoneFullName": "Asia/Kolkata", "timeZoneShortName": "IST", "uuid": "45a79492-2ce3-319c-a7ab-3aaf4bd3a1dd", "messageBoardId": null, "gmtOffSetMilliseconds": 19800000, "maxAge": 1}, "incomeStatementHistory": {"incomeStatementHistory": [{"maxAge": 1, "endDate": "2020-03-31", "totalRevenue": 1515582000, "costOfRevenue": 604976000, "grossProfit": 910606000, "researchDevelopment": {}, "sellingGeneralAdministrative": 393594000, "nonRecurring": {}, "otherOperatingExpenses": 510396000, "totalOperatingExpenses": 1566283000, "operatingIncome": -50701000, "totalOtherIncomeExpenseNet": -56256000, "ebit": -50701000, "interestExpense": -47805000, "incomeBeforeTax": -106957000, "incomeTaxExpense": -29390000, "minorityInterest": 1003000, "netIncomeFromContinuingOps": -77567000, "discontinuedOperations": {}, "extraordinaryItems": {}, "effectOfAccountingCharges": {}, "otherItems": {}, "netIncome": -77516000, "netIncomeApplicableToCommonShares": -77516000}, {"maxAge": 1, "endDate": "2019-03-31", "totalRevenue": 1946920000, "costOfRevenue": 768421000, "grossProfit": 1178499000, "researchDevelopment": {}, "sellingGeneralAdministrative": 417900000, "nonRecurring": {}, "otherOperatingExpenses": 601923000, "totalOperatingExpenses": 1836105000, "operatingIncome": 110815000, "totalOtherIncomeExpenseNet": -32294000, "ebit": 110815000, "interestExpense": -33485000, "incomeBeforeTax": 78521000, "incomeTaxExpense": 19894000, "minorityInterest": 1054000, "netIncomeFromContinuingOps": 58627000, "discontinuedOperations": {}, "extraordinaryItems": {}, "effectOfAccountingCharges": {}, "otherItems": {}, "netIncome": 58623000, "netIncomeApplicableToCommonShares": 58623000}, {"maxAge": 1, "endDate": "2018-03-31", "totalRevenue": 1876477000, "costOfRevenue": 731310000, "grossProfit": 1145167000, "researchDevelopment": {}, "sellingGeneralAdministrative": 381770000, "nonRecurring": {}, "otherOperatingExpenses": 550947000, "totalOperatingExpenses": 1704389000, "operatingIncome": 172088000, "totalOtherIncomeExpenseNet": -27334000, "ebit": 172088000, "interestExpense": -29211000, "incomeBeforeTax": 144754000, "incomeTaxExpense": 44656000, "minorityInterest": 1050000, "netIncomeFromContinuingOps": 100098000, "discontinuedOperations": {}, "extraordinaryItems": {}, "effectOfAccountingCharges": {}, "otherItems": {}, "netIncome": 100074000, "netIncomeApplicableToCommonShares": 100074000}, {"maxAge": 1, "endDate": "2017-03-31", "totalRevenue": 1546487000, "costOfRevenue": 634059000, "grossProfit": 912428000, "researchDevelopment": {}, "sellingGeneralAdministrative": 295691000, "nonRecurring": {}, "otherOperatingExpenses": 448748000, "totalOperatingExpenses": 1419524000, "operatingIncome": 126963000, "totalOtherIncomeExpenseNet": -29777000, "ebit": 126963000, "interestExpense": -25225000, "incomeBeforeTax": 97186000, "incomeTaxExpense": 33624000, "minorityInterest": 1025000, "netIncomeFromContinuingOps": 63562000, "discontinuedOperations": {}, "extraordinaryItems": {}, "effectOfAccountingCharges": {}, "otherItems": {}, "netIncome": 63539000, "netIncomeApplicableToCommonShares": 63539000}], "maxAge": 86400}, "fundOwnership": {"maxAge": 1, "ownershipList": []}, "summaryDetail": {"maxAge": 1, "priceHint": 2, "previousClose": 29.15, "open": 28.15, "dayLow": 28.15, "dayHigh": 30.25, "regularMarketPreviousClose": 29.15, "regularMarketOpen": 28.15, "regularMarketDayLow": 28.15, "regularMarketDayHigh": 30.25, "forwardPE": 2.1062272, "volume": 1421, "regularMarketVolume": 1421, "averageVolume": 3480, "averageVolume10days": 2115, "averageDailyVolume10Day": 2115, "bid": 28.6, "ask": 29.85, "bidSize": 0, "askSize": 0, "marketCap": 322000000, "fiftyTwoWeekLow": 17.1, "fiftyTwoWeekHigh": 49.5, "fiftyDayAverage": 40.885715, "twoHundredDayAverage": 40.1, "trailingAnnualDividendRate": 0.5, "trailingAnnualDividendYield": 0.01715266, "currency": "INR", "fromCurrency": null, "toCurrency": null, "lastMarket": null, "algorithm": null, "tradeable": false}, "sectorTrend": {"maxAge": 1, "symbol": null, "estimates": []}, "incomeStatementHistoryQuarterly": {"incomeStatementHistory": [{"maxAge": 1, "endDate": "2020-06-30", "totalRevenue": 86312000, "costOfRevenue": 57669000, "grossProfit": 28643000, "researchDevelopment": {}, "sellingGeneralAdministrative": 72077000, "nonRecurring": {}, "otherOperatingExpenses": 27954000, "totalOperatingExpenses": 169379000, "operatingIncome": -83067000, "totalOtherIncomeExpenseNet": -10676000, "ebit": -83067000, "interestExpense": -12617000, "incomeBeforeTax": -93743000, "incomeTaxExpense": 0, "minorityInterest": {}, "netIncomeFromContinuingOps": -93743000, "discontinuedOperations": {}, "extraordinaryItems": {}, "effectOfAccountingCharges": {}, "otherItems": {}, "netIncome": -93699000, "netIncomeApplicableToCommonShares": -93699000}, {"maxAge": 1, "endDate": "2020-03-31", "totalRevenue": 339527000, "costOfRevenue": -31351000, "grossProfit": 370878000, "researchDevelopment": {}, "sellingGeneralAdministrative": 117309000, "nonRecurring": {}, "otherOperatingExpenses": 275147000, "totalOperatingExpenses": 374841000, "operatingIncome": -35314000, "totalOtherIncomeExpenseNet": -23205000, "ebit": -35314000, "interestExpense": -11560000, "incomeBeforeTax": -58519000, "incomeTaxExpense": -15765000, "minorityInterest": 1003000, "netIncomeFromContinuingOps": -42754000, "discontinuedOperations": {}, "extraordinaryItems": {}, "effectOfAccountingCharges": {}, "otherItems": {}, "netIncome": -42736000, "netIncomeApplicableToCommonShares": -42736000}, {"maxAge": 1, "endDate": "2019-12-31", "totalRevenue": 337416000, "costOfRevenue": 184599000, "grossProfit": 152817000, "researchDevelopment": {}, "sellingGeneralAdministrative": 88929000, "nonRecurring": {}, "otherOperatingExpenses": 72078000, "totalOperatingExpenses": 360323000, "operatingIncome": -22907000, "totalOtherIncomeExpenseNet": -12539000, "ebit": -22907000, "interestExpense": -13572000, "incomeBeforeTax": -35446000, "incomeTaxExpense": -9811000, "minorityInterest": 1003000, "netIncomeFromContinuingOps": -25635000, "discontinuedOperations": {}, "extraordinaryItems": {}, "effectOfAccountingCharges": {}, "otherItems": {}, "netIncome": -25618000, "netIncomeApplicableToCommonShares": -25618000}, {"maxAge": 1, "endDate": "2019-09-30", "totalRevenue": 385610000, "costOfRevenue": 208728000, "grossProfit": 176882000, "researchDevelopment": {}, "sellingGeneralAdministrative": 94145000, "nonRecurring": {}, "otherOperatingExpenses": 82319000, "totalOperatingExpenses": 399865000, "operatingIncome": -14255000, "totalOtherIncomeExpenseNet": -10231000, "ebit": -14255000, "interestExpense": -11386000, "incomeBeforeTax": -24486000, "incomeTaxExpense": -9058000, "minorityInterest": 1038000, "netIncomeFromContinuingOps": -15428000, "discontinuedOperations": {}, "extraordinaryItems": {}, "effectOfAccountingCharges": {}, "otherItems": {}, "netIncome": -15412000, "netIncomeApplicableToCommonShares": -15412000}], "maxAge": 86400}, "cashflowStatementHistoryQuarterly": {"cashflowStatements": [{"maxAge": 1, "endDate": "2020-06-30", "netIncome": -93699000, "changeToLiabilities": 0}, {"maxAge": 1, "endDate": "2020-03-31", "netIncome": -42736000, "changeToLiabilities": 0}, {"maxAge": 1, "endDate": "2019-12-31", "netIncome": -25618000, "changeToLiabilities": 0}, {"maxAge": 1, "endDate": "2019-09-30", "netIncome": -15412000, "changeToLiabilities": 0}], "maxAge": 86400}, "insiderHolders": {"holders": [{"maxAge": 1, "name": "Marshall (Navroze Shiamak)", "relation": "Managing Director", "url": "", "transactionDescription": "Acquisition", "latestTransDate": "2020-09-22", "positionDirect": 1543139, "positionDirectDate": "2020-09-22"}, {"maxAge": 1, "name": "Marshall (Shiamak Jeejeebhoy)", "relation": "Chairman of the Board", "url": "", "transactionDescription": "Acquisition", "latestTransDate": "2019-02-20", "positionDirect": 1715397, "positionDirectDate": "2019-02-20"}], "maxAge": 1}, "earnings": {"maxAge": 86400, "earningsChart": {"quarterly": [{"date": "2Q2018", "actual": 1.04, "estimate": 3.36}], "currentQuarterEstimateDate": "3Q", "currentQuarterEstimateYear": 2018, "earningsDate": ["2020-11-09 05:30:S", "2020-11-13 05:30:S"]}, "financialsChart": {"yearly": [{"date": 2017, "revenue": 1546487000, "earnings": 63539000}, {"date": 2018, "revenue": 1876477000, "earnings": 100074000}, {"date": 2019, "revenue": 1946920000, "earnings": 58623000}, {"date": 2020, "revenue": 1515582000, "earnings": -77516000}], "quarterly": [{"date": "3Q2019", "revenue": 385610000, "earnings": -15412000}, {"date": "4Q2019", "revenue": 337416000, "earnings": -25618000}, {"date": "1Q2020", "revenue": 339527000, "earnings": -42736000}, {"date": "2Q2020", "revenue": 86312000, "earnings": -93699000}]}, "financialCurrency": "INR"}, "calendarEvents": {"maxAge": 1, "earnings": {"earningsDate": ["2020-11-09 05:30:S", "2020-11-13 05:30:S"]}}, "price": {"maxAge": 1, "regularMarketChangePercent": -0.013722114, "regularMarketChange": -0.39999962, "regularMarketTime": "2021-04-30 15:26:23", "priceHint": 2, "regularMarketPrice": 28.75, "regularMarketDayHigh": 30.25, "regularMarketDayLow": 28.15, "regularMarketVolume": 1421, "averageDailyVolume10Day": 2115, "averageDailyVolume3Month": 3480, "regularMarketPreviousClose": 29.15, "regularMarketSource": "FREE_REALTIME", "regularMarketOpen": 28.15, "exchange": "BSE", "exchangeName": "BSE", "exchangeDataDelayedBy": 0, "marketState": "CLOSED", "quoteType": "EQUITY", "symbol": "SIMMOND.BO", "underlyingSymbol": null, "shortName": "SIMMONDS MARSHALL LTD.", "longName": "Simmonds Marshall Limited", "currency": "INR", "quoteSourceName": "Delayed Quote", "currencySymbol": "\u20b9", "fromCurrency": null, "toCurrency": null, "lastMarket": null, "marketCap": 322000000}, "balanceSheetHistory": {"balanceSheetStatements": [{"maxAge": 1, "endDate": "2020-03-31", "cash": 6778000, "netReceivables": 209776000, "inventory": 646847000, "otherCurrentAssets": 17625000, "totalCurrentAssets": 890758000, "longTermInvestments": 1347000, "propertyPlantEquipment": 418926000, "goodWill": 26728000, "intangibleAssets": 6582000, "otherAssets": 55468000, "deferredLongTermAssetCharges": 17930000, "totalAssets": 1399809000, "accountsPayable": 270050000, "shortLongTermDebt": 44073000, "otherCurrentLiab": 34999000, "longTermDebt": 168618000, "otherLiab": 9321000, "minorityInterest": 1003000, "totalCurrentLiabilities": 638211000, "totalLiab": 816150000, "commonStock": 22400000, "retainedEarnings": 565130000, "treasuryStock": -20274000, "capitalSurplus": 15400000, "otherStockholderEquity": -20274000, "totalStockholderEquity": 582656000, "netTangibleAssets": 549346000}, {"maxAge": 1, "endDate": "2019-03-31", "cash": 5076000, "netReceivables": 425444000, "inventory": 630383000, "otherCurrentAssets": 15583000, "totalCurrentAssets": 1082846000, "longTermInvestments": 1777000, "propertyPlantEquipment": 255259000, "goodWill": 26728000, "intangibleAssets": 10566000, "otherAssets": 30966000, "totalAssets": 1408142000, "accountsPayable": 307303000, "shortLongTermDebt": 28571000, "otherCurrentLiab": 7089000, "longTermDebt": 119467000, "otherLiab": 25282000, "minorityInterest": 1054000, "totalCurrentLiabilities": 586970000, "totalLiab": 731719000, "commonStock": 22400000, "retainedEarnings": 649398000, "treasuryStock": -11829000, "capitalSurplus": 15400000, "otherStockholderEquity": -11829000, "totalStockholderEquity": 675369000, "netTangibleAssets": 638075000}, {"maxAge": 1, "endDate": "2018-03-31", "cash": 981000, "netReceivables": 501721000, "inventory": 400247000, "otherCurrentAssets": 16463000, "totalCurrentAssets": 926110000, "longTermInvestments": 813000, "propertyPlantEquipment": 259407000, "goodWill": 26730000, "intangibleAssets": 7134000, "otherAssets": 12473000, "totalAssets": 1232667000, "accountsPayable": 279491000, "shortLongTermDebt": 36546000, "otherCurrentLiab": 1665000, "longTermDebt": 97037000, "otherLiab": 24270000, "minorityInterest": 1050000, "totalCurrentLiabilities": 479917000, "totalLiab": 601224000, "commonStock": 22400000, "retainedEarnings": 600224000, "treasuryStock": -7631000, "capitalSurplus": 15400000, "otherStockholderEquity": -7631000, "totalStockholderEquity": 630393000, "netTangibleAssets": 596529000}, {"maxAge": 1, "endDate": "2017-03-31", "cash": 7508000, "netReceivables": 401117000, "inventory": 342900000, "otherCurrentAssets": 47473000, "totalCurrentAssets": 804766000, "longTermInvestments": 1281000, "propertyPlantEquipment": 258946000, "goodWill": 26730000, "intangibleAssets": 6928000, "otherAssets": 12419000, "totalAssets": 1111070000, "accountsPayable": 194725000, "shortLongTermDebt": 31919000, "otherCurrentLiab": 2849000, "longTermDebt": 132091000, "otherLiab": 26141000, "minorityInterest": 1025000, "totalCurrentLiabilities": 410766000, "totalLiab": 568998000, "commonStock": 22400000, "retainedEarnings": 506903000, "treasuryStock": -3656000, "capitalSurplus": 15400000, "otherStockholderEquity": -3656000, "totalStockholderEquity": 541047000, "netTangibleAssets": 507389000}], "maxAge": 86400}, "earningsTrend": {"trend": [{"maxAge": 1, "period": "0q", "endDate": "2018-09-30", "growth": {}, "earningsEstimate": {"avg": 0.0, "low": 0.0, "high": 0.0, "yearAgoEps": {}, "numberOfAnalysts": 0, "growth": {}}, "revenueEstimate": {"avg": 0, "low": 0, "high": 0, "numberOfAnalysts": 0, "yearAgoRevenue": {}, "growth": {}}, "epsTrend": {"current": 0.0, "7daysAgo": 0.0, "30daysAgo": 0.0, "60daysAgo": 0.0, "90daysAgo": 0.0}, "epsRevisions": {"upLast7days": 0, "upLast30days": 0, "downLast30days": 0, "downLast90days": {}}}, {"maxAge": 1, "period": "+1q", "endDate": "2018-12-31", "growth": {}, "earningsEstimate": {"avg": 0.0, "low": 0.0, "high": 0.0, "yearAgoEps": {}, "numberOfAnalysts": 0, "growth": {}}, "revenueEstimate": {"avg": 0, "low": 0, "high": 0, "numberOfAnalysts": 0, "yearAgoRevenue": {}, "growth": {}}, "epsTrend": {"current": 0.0, "7daysAgo": 0.0, "30daysAgo": 0.0, "60daysAgo": 0.0, "90daysAgo": 0.0}, "epsRevisions": {"upLast7days": 0, "upLast30days": 0, "downLast30days": 0, "downLast90days": {}}}, {"maxAge": 1, "period": "0y", "endDate": "2019-03-31", "growth": {}, "earningsEstimate": {"avg": 0.0, "low": 0.0, "high": 0.0, "yearAgoEps": {}, "numberOfAnalysts": 0, "growth": {}}, "revenueEstimate": {"avg": 2065090000, "low": 2065090000, "high": 2065090000, "numberOfAnalysts": 1, "yearAgoRevenue": 1750080000, "growth": 0.18}, "epsTrend": {"current": 0.0, "7daysAgo": 11.95, "30daysAgo": 11.95, "60daysAgo": 11.95, "90daysAgo": 11.95}, "epsRevisions": {"upLast7days": 0, "upLast30days": 0, "downLast30days": 0, "downLast90days": {}}}, {"maxAge": 1, "period": "+1y", "endDate": "2020-03-31", "growth": {}, "earningsEstimate": {"avg": 0.0, "low": 0.0, "high": 0.0, "yearAgoEps": {}, "numberOfAnalysts": 0, "growth": {}}, "revenueEstimate": {"avg": 2395500000, "low": 2395500000, "high": 2395500000, "numberOfAnalysts": 1, "yearAgoRevenue": 2065090000, "growth": 0.16}, "epsTrend": {"current": 0.0, "7daysAgo": 13.65, "30daysAgo": 13.65, "60daysAgo": 13.65, "90daysAgo": 13.65}, "epsRevisions": {"upLast7days": 0, "upLast30days": 0, "downLast30days": 0, "downLast90days": {}}}, {"maxAge": 1, "period": "+5y", "endDate": null, "growth": {}, "earningsEstimate": {"avg": {}, "low": {}, "high": {}, "yearAgoEps": {}, "numberOfAnalysts": {}, "growth": {}}, "revenueEstimate": {"avg": {}, "low": {}, "high": {}, "numberOfAnalysts": {}, "yearAgoRevenue": {}, "growth": {}}, "epsTrend": {"current": {}, "7daysAgo": {}, "30daysAgo": {}, "60daysAgo": {}, "90daysAgo": {}}, "epsRevisions": {"upLast7days": {}, "upLast30days": {}, "downLast30days": {}, "downLast90days": {}}}, {"maxAge": 1, "period": "-5y", "endDate": null, "growth": {}, "earningsEstimate": {"avg": {}, "low": {}, "high": {}, "yearAgoEps": {}, "numberOfAnalysts": {}, "growth": {}}, "revenueEstimate": {"avg": {}, "low": {}, "high": {}, "numberOfAnalysts": {}, "yearAgoRevenue": {}, "growth": {}}, "epsTrend": {"current": {}, "7daysAgo": {}, "30daysAgo": {}, "60daysAgo": {}, "90daysAgo": {}}, "epsRevisions": {"upLast7days": {}, "upLast30days": {}, "downLast30days": {}, "downLast90days": {}}}], "maxAge": 1}, "financialData": {"maxAge": 86400, "currentPrice": 28.75, "targetHighPrice": 114.0, "targetLowPrice": 114.0, "targetMeanPrice": 114.0, "targetMedianPrice": 114.0, "recommendationKey": "none", "numberOfAnalystOpinions": 1, "grossProfits": 910606000, "financialCurrency": "INR"}}}