{"SIMPLEXINF.BO": {"recommendationTrend": {"trend": [{"period": "0m", "strongBuy": 0, "buy": 0, "hold": 0, "sell": 0, "strongSell": 0}, {"period": "-1m", "strongBuy": 0, "buy": 0, "hold": 0, "sell": 0, "strongSell": 0}, {"period": "-2m", "strongBuy": 0, "buy": 0, "hold": 0, "sell": 0, "strongSell": 0}, {"period": "-3m", "strongBuy": 0, "buy": 0, "hold": 0, "sell": 0, "strongSell": 0}], "maxAge": 86400}, "cashflowStatementHistory": {"cashflowStatements": [{"maxAge": 1, "endDate": "2020-03-31", "netIncome": -3208000000, "depreciation": 1377000000, "changeToNetincome": 6323300000, "changeToAccountReceivables": -2830100000, "changeToLiabilities": -4242600000, "changeToInventory": 1282200000, "changeToOperatingActivities": 1110800000, "totalCashFromOperatingActivities": -187400000, "capitalExpenditures": -329600000, "investments": 208800000, "otherCashflowsFromInvestingActivities": 388400000, "totalCashflowsFromInvestingActivities": 704600000, "dividendsPaid": -20400000, "netBorrowings": 3100300000, "otherCashflowsFromFinancingActivities": -3957100000, "totalCashFromFinancingActivities": -877200000, "effectOfExchangeRate": 19300000, "changeInCash": -340700000}, {"maxAge": 1, "endDate": "2019-03-31", "netIncome": 1223000000, "depreciation": 1674400000, "changeToNetincome": 4630000000, "changeToAccountReceivables": 130400000, "changeToLiabilities": 2073600000, "changeToInventory": -156200000, "changeToOperatingActivities": -9258700000, "totalCashFromOperatingActivities": 325300000, "capitalExpenditures": -1061100000, "investments": -124500000, "otherCashflowsFromInvestingActivities": 130800000, "totalCashflowsFromInvestingActivities": -713700000, "dividendsPaid": -28500000, "netBorrowings": 309300000, "otherCashflowsFromFinancingActivities": -4234500000, "totalCashFromFinancingActivities": 317600000, "effectOfExchangeRate": 15800000, "changeInCash": -55000000, "issuanceOfStock": 4271300000}, {"maxAge": 1, "endDate": "2018-03-31", "netIncome": 1128600000, "depreciation": 1824900000, "changeToNetincome": 3594400000, "changeToAccountReceivables": 579600000, "changeToLiabilities": 3175800000, "changeToInventory": -108200000, "changeToOperatingActivities": -6200500000, "totalCashFromOperatingActivities": 4009600000, "capitalExpenditures": -1173500000, "investments": 9600000, "otherCashflowsFromInvestingActivities": -520000000, "totalCashflowsFromInvestingActivities": -1635300000, "dividendsPaid": -24900000, "netBorrowings": 2919200000, "otherCashflowsFromFinancingActivities": -4684400000, "totalCashFromFinancingActivities": -1790100000, "effectOfExchangeRate": -3000000, "changeInCash": 581200000, "issuanceOfStock": 4271300000}, {"maxAge": 1, "endDate": "2017-03-31", "netIncome": 1367800000, "depreciation": 1983700000, "changeToNetincome": 3838900000, "changeToAccountReceivables": -2617700000, "changeToLiabilities": 2424300000, "changeToInventory": -115700000, "changeToOperatingActivities": -154500000, "totalCashFromOperatingActivities": 6733200000, "capitalExpenditures": -1003400000, "investments": 121700000, "otherCashflowsFromInvestingActivities": -388800000, "totalCashflowsFromInvestingActivities": -1329800000, "dividendsPaid": -24900000, "netBorrowings": -687700000, "otherCashflowsFromFinancingActivities": -4428800000, "totalCashFromFinancingActivities": -5141400000, "effectOfExchangeRate": -13500000, "changeInCash": 248500000, "issuanceOfStock": 4271300000}], "maxAge": 86400}, "institutionOwnership": {"ownershipList": [], "maxAge": 1}, "balanceSheetHistoryQuarterly": {"balanceSheetStatements": [{"maxAge": 1, "endDate": "2020-06-30", "totalStockholderEquity": 17666700000, "netTangibleAssets": 17663300000}, {"maxAge": 1, "endDate": "2020-03-31", "cash": 719500000, "shortTermInvestments": 7232400000, "netReceivables": 17572100000, "inventory": 5213100000, "otherCurrentAssets": 50824300000, "totalCurrentAssets": 81561400000, "longTermInvestments": 1125600000, "propertyPlantEquipment": 8997400000, "intangibleAssets": 3400000, "otherAssets": 1328600000, "deferredLongTermAssetCharges": 1075300000, "totalAssets": 93016400000, "accountsPayable": 17536600000, "otherCurrentLiab": 21912300000, "longTermDebt": 2320500000, "otherLiab": 239600000, "minorityInterest": -45100000, "totalCurrentLiabilities": 72834700000, "totalLiab": 75394800000, "commonStock": 114700000, "treasuryStock": 17552000000, "otherStockholderEquity": 17552000000, "totalStockholderEquity": 17666700000, "netTangibleAssets": 17663300000}, {"maxAge": 1, "endDate": "2019-12-31", "totalStockholderEquity": 20747700000, "netTangibleAssets": 20741400000}, {"maxAge": 1, "endDate": "2019-09-30", "cash": 354000000, "shortTermInvestments": 3794800000, "netReceivables": 19252900000, "inventory": 7120800000, "otherCurrentAssets": 54838600000, "totalCurrentAssets": 85361100000, "longTermInvestments": 1224100000, "propertyPlantEquipment": 9497400000, "intangibleAssets": 6300000, "otherAssets": 468000000, "deferredLongTermAssetCharges": 2600000, "totalAssets": 96556900000, "accountsPayable": 20776800000, "otherCurrentLiab": 21593300000, "longTermDebt": 3021600000, "otherLiab": 844700000, "minorityInterest": -39200000, "totalCurrentLiabilities": 71982100000, "totalLiab": 75848400000, "commonStock": 114700000, "treasuryStock": 20633000000, "otherStockholderEquity": 20633000000, "totalStockholderEquity": 20747700000, "netTangibleAssets": 20741400000}], "maxAge": 86400}, "earningsHistory": {"history": [{"maxAge": 1, "epsActual": 6.28, "epsEstimate": 4.5, "epsDifference": 1.78, "surprisePercent": 0.396, "quarter": "2017-12-31", "period": "-4q"}, {"maxAge": 1, "epsActual": 5.93, "epsEstimate": 8.35, "epsDifference": -2.42, "surprisePercent": -0.29, "quarter": "2018-03-31", "period": "-3q"}, {"maxAge": 1, "epsActual": 5.38, "epsEstimate": 5.7, "epsDifference": -0.32, "surprisePercent": -0.055999998, "quarter": "2018-06-30", "period": "-2q"}, {"maxAge": 1, "epsActual": 4.28, "epsEstimate": 2.8, "epsDifference": 1.48, "surprisePercent": 0.52900004, "quarter": "2018-09-30", "period": "-1q"}], "maxAge": 86400}, "indexTrend": {"maxAge": 1, "symbol": "SP5", "peRatio": 19.7411, "pegRatio": 1.34172, "estimates": [{"period": "0q", "growth": 0.549}, {"period": "+1q", "growth": 0.431}, {"period": "0y", "growth": 0.305}, {"period": "+1y", "growth": 0.109}, {"period": "+5y", "growth": 0.120865}, {"period": "-5y"}]}, "industryTrend": {"maxAge": 1, "symbol": null, "estimates": []}, "insiderTransactions": {"transactions": [{"maxAge": 1, "shares": 602000, "filerUrl": "", "transactionText": "", "filerName": "Baba Basuki Distributors Pvt Ltd", "filerRelation": "Promoter", "moneyText": "", "startDate": "2020-01-07", "ownership": "D"}, {"maxAge": 1, "shares": 602000, "filerUrl": "", "transactionText": "", "filerName": "JMS Mining Services India Pvt Ltd", "filerRelation": "Promoter", "moneyText": "", "startDate": "2019-12-31", "ownership": "D"}, {"maxAge": 1, "shares": 462837, "filerUrl": "", "transactionText": "", "filerName": "Baba Basuki Distributors Pvt Ltd", "filerRelation": "Promoter", "moneyText": "", "startDate": "2019-12-23", "ownership": "D"}, {"maxAge": 1, "shares": 462579, "filerUrl": "", "transactionText": "", "filerName": "JMS Mining Services India Pvt Ltd", "filerRelation": "Promoter", "moneyText": "", "startDate": "2019-12-23", "ownership": "D"}, {"maxAge": 1, "shares": 602000, "filerUrl": "", "transactionText": "", "filerName": "JMS Mining Services India Pvt Ltd", "filerRelation": "Promoter", "moneyText": "", "startDate": "2019-01-05", "ownership": "D"}, {"maxAge": 1, "shares": 26500, "filerUrl": "", "transactionText": "", "filerName": "Simplex Infraproperties Pvt. Ltd.", "filerRelation": "Promoter", "moneyText": "", "startDate": "2017-07-06", "ownership": "D"}, {"maxAge": 1, "shares": 3000, "filerUrl": "", "transactionText": "", "filerName": "Mundhra (Bithal Das)", "filerRelation": "Promoter", "moneyText": "", "startDate": "2017-04-19", "ownership": "D"}, {"maxAge": 1, "shares": 3000, "filerUrl": "", "transactionText": "", "filerName": "Baba Basuki Distributors Pvt Ltd", "filerRelation": "Promoter", "moneyText": "", "startDate": "2017-04-19", "ownership": "D"}, {"maxAge": 1, "shares": 16700, "filerUrl": "", "transactionText": "", "filerName": "Mundhra (Bithal Das)", "filerRelation": "Promoter", "moneyText": "", "startDate": "2017-04-13", "ownership": "D"}, {"maxAge": 1, "shares": 16000, "filerUrl": "", "transactionText": "", "filerName": "Baba Basuki Distributors Pvt Ltd", "filerRelation": "Promoter", "moneyText": "", "startDate": "2017-04-13", "ownership": "D"}, {"maxAge": 1, "shares": 2500, "filerUrl": "", "transactionText": "", "filerName": "Baba Basuki Distributors Pvt Ltd", "filerRelation": "Promoter", "moneyText": "", "startDate": "2017-03-27", "ownership": "D"}, {"maxAge": 1, "shares": 27500, "filerUrl": "", "transactionText": "", "filerName": "Mundhra (Bithal Das)", "filerRelation": "Promoter", "moneyText": "", "startDate": "2017-03-27", "ownership": "D"}, {"maxAge": 1, "shares": 24109878, "filerUrl": "", "transactionText": "", "filerName": "Mundhra (Bithal Das)", "filerRelation": "Promoter", "moneyText": "", "startDate": "2017-03-27", "ownership": "D"}, {"maxAge": 1, "shares": 27500, "filerUrl": "", "transactionText": "", "filerName": "Baba Basuki Distributors Pvt Ltd", "filerRelation": "Promoter", "moneyText": "", "startDate": "2017-03-27", "ownership": "D"}, {"maxAge": 1, "shares": 136000, "filerUrl": "", "transactionText": "", "filerName": "Simplex Infraproperties Pvt. Ltd.", "filerRelation": "Institution- Corporation", "moneyText": "", "startDate": "2017-03-17", "ownership": "D"}, {"maxAge": 1, "shares": 779, "filerUrl": "", "transactionText": "", "filerName": "RBS Credit & Financial Developments Pvt. Ltd.", "filerRelation": "Promoter", "moneyText": "", "startDate": "2015-10-27", "ownership": "D"}, {"maxAge": 1, "shares": 1536, "filerUrl": "", "transactionText": "", "filerName": "RBS Credit & Financial Developments Pvt. Ltd.", "filerRelation": "Promoter", "moneyText": "", "startDate": "2015-10-16", "ownership": "D"}, {"maxAge": 1, "shares": 1100, "filerUrl": "", "transactionText": "", "filerName": "RBS Credit & Financial Developments Pvt. Ltd.", "filerRelation": "Promoter", "moneyText": "", "startDate": "2015-10-15", "ownership": "D"}, {"maxAge": 1, "shares": 5500, "filerUrl": "", "transactionText": "", "filerName": "RBS Credit & Financial Developments Pvt. Ltd.", "filerRelation": "Promoter", "moneyText": "", "startDate": "2015-10-14", "ownership": "D"}, {"maxAge": 1, "shares": 9980, "filerUrl": "", "transactionText": "", "filerName": "Mundhra (Krishna Devi)", "filerRelation": "Promoter", "moneyText": "", "startDate": "2015-06-30", "ownership": "D"}, {"maxAge": 1, "shares": 200000, "filerUrl": "", "transactionText": "", "filerName": "Mundhra (Krishna Devi)", "filerRelation": "Promoter", "moneyText": "", "startDate": "2015-05-22", "ownership": "D"}, {"maxAge": 1, "shares": 40158, "filerUrl": "", "transactionText": "", "filerName": "JMS Mining Services India Pvt Ltd", "filerRelation": "Promoter", "moneyText": "", "startDate": "2014-09-22", "ownership": "D"}, {"maxAge": 1, "shares": 30000, "filerUrl": "", "transactionText": "", "filerName": "JMS Mining Services India Pvt Ltd", "filerRelation": "Promoter", "moneyText": "", "startDate": "2014-09-17", "ownership": "D"}, {"maxAge": 1, "shares": 25000, "filerUrl": "", "transactionText": "", "filerName": "JMS Mining Services India Pvt Ltd", "filerRelation": "Promoter", "moneyText": "", "startDate": "2014-09-15", "ownership": "D"}, {"maxAge": 1, "shares": 17000, "filerUrl": "", "transactionText": "", "filerName": "JMS Mining Services India Pvt Ltd", "filerRelation": "Promoter", "moneyText": "", "startDate": "2014-09-05", "ownership": "D"}, {"maxAge": 1, "shares": 18000, "filerUrl": "", "transactionText": "", "filerName": "JMS Mining Services India Pvt Ltd", "filerRelation": "Promoter", "moneyText": "", "startDate": "2014-09-04", "ownership": "D"}, {"maxAge": 1, "shares": 15000, "filerUrl": "", "transactionText": "", "filerName": "JMS Mining Services India Pvt Ltd", "filerRelation": "Promoter", "moneyText": "", "startDate": "2014-09-03", "ownership": "D"}, {"maxAge": 1, "shares": 177883, "filerUrl": "", "transactionText": "", "filerName": "JMS Mining Services India Pvt Ltd", "filerRelation": "Promoter", "moneyText": "", "startDate": "2014-05-13", "ownership": "D"}, {"maxAge": 1, "shares": 37189, "filerUrl": "", "transactionText": "", "filerName": "JMS Mining Services India Pvt Ltd", "filerRelation": "Promoter", "moneyText": "", "startDate": "2014-03-25", "ownership": "D"}, {"maxAge": 1, "shares": 10893, "filerUrl": "", "transactionText": "", "filerName": "RBS Credit & Financial Developments Pvt. Ltd.", "filerRelation": "Promoter", "moneyText": "", "startDate": "2013-09-11", "ownership": "D"}, {"maxAge": 1, "shares": 70000, "filerUrl": "", "transactionText": "", "filerName": "RBS Credit & Financial Developments Pvt. Ltd.", "filerRelation": "Promoter", "moneyText": "", "startDate": "2013-09-06", "ownership": "D"}, {"maxAge": 1, "shares": 75000, "filerUrl": "", "transactionText": "", "filerName": "RBS Credit & Financial Developments Pvt. Ltd.", "filerRelation": "Promoter", "moneyText": "", "startDate": "2013-09-04", "ownership": "D"}, {"maxAge": 1, "shares": 103560, "filerUrl": "", "transactionText": "", "filerName": "RBS Credit & Financial Developments Pvt. Ltd.", "filerRelation": "Promoter", "moneyText": "", "startDate": "2013-09-03", "ownership": "D"}, {"maxAge": 1, "shares": 105500, "filerUrl": "", "transactionText": "", "filerName": "Mundhra (Bithal Das)", "filerRelation": "Chairman of the Board", "moneyText": "", "startDate": "2011-08-24", "ownership": "D"}, {"maxAge": 1, "shares": 110000, "filerUrl": "", "transactionText": "", "filerName": "Mundhra (Bithal Das)", "filerRelation": "Chairman of the Board", "moneyText": "", "startDate": "2009-09-29", "ownership": "D"}, {"maxAge": 1, "shares": 30000, "filerUrl": "", "transactionText": "", "filerName": "HDFC Trustee Co. Ltd - HDFC Equity Fund", "filerRelation": "UNREPORTED", "moneyText": "", "startDate": "2009-09-11", "ownership": "D"}], "maxAge": 1}, "quoteType": {"exchange": "BSE", "quoteType": "EQUITY", "symbol": "SIMPLEXINF.BO", "underlyingSymbol": "SIMPLEXINF.BO", "shortName": "SIMPLEX INFRASTRUCTURES LTD.", "longName": "Simplex Infrastructures Limited", "firstTradeDateEpochUtc": "2002-07-01 09:15:00", "timeZoneFullName": "Asia/Kolkata", "timeZoneShortName": "IST", "uuid": "e44002d7-be5f-38f2-89e5-c0f4973ed60b", "gmtOffSetMilliseconds": 19800000, "maxAge": 1}, "incomeStatementHistory": {"incomeStatementHistory": [{"maxAge": 1, "endDate": "2020-03-31", "totalRevenue": 40263000000, "costOfRevenue": 24353900000, "grossProfit": 15909100000, "researchDevelopment": {}, "sellingGeneralAdministrative": 3834200000, "nonRecurring": {}, "otherOperatingExpenses": 11023500000, "totalOperatingExpenses": 40588600000, "operatingIncome": -325600000, "totalOtherIncomeExpenseNet": -4501100000, "ebit": -325600000, "interestExpense": -5173400000, "incomeBeforeTax": -4826700000, "incomeTaxExpense": -1617500000, "minorityInterest": -45100000, "netIncomeFromContinuingOps": -3209200000, "discontinuedOperations": {}, "extraordinaryItems": {}, "effectOfAccountingCharges": {}, "otherItems": {}, "netIncome": -3208000000, "netIncomeApplicableToCommonShares": -3208000000}, {"maxAge": 1, "endDate": "2019-03-31", "totalRevenue": 61172200000, "costOfRevenue": 39176900000, "grossProfit": 21995300000, "researchDevelopment": {}, "sellingGeneralAdministrative": 7508500000, "nonRecurring": {}, "otherOperatingExpenses": 7097800000, "totalOperatingExpenses": 55466300000, "operatingIncome": 5705900000, "totalOtherIncomeExpenseNet": -3877600000, "ebit": 5705900000, "interestExpense": -4635800000, "incomeBeforeTax": 1828300000, "incomeTaxExpense": 608500000, "minorityInterest": -39500000, "netIncomeFromContinuingOps": 1219800000, "discontinuedOperations": {}, "extraordinaryItems": {}, "effectOfAccountingCharges": {}, "otherItems": {}, "netIncome": 1223000000, "netIncomeApplicableToCommonShares": 1223000000}, {"maxAge": 1, "endDate": "2018-03-31", "totalRevenue": 57668700000, "costOfRevenue": 36350600000, "grossProfit": 21318100000, "researchDevelopment": {}, "sellingGeneralAdministrative": 7612900000, "nonRecurring": {}, "otherOperatingExpenses": 6600500000, "totalOperatingExpenses": 52403800000, "operatingIncome": 5264900000, "totalOtherIncomeExpenseNet": -3797000000, "ebit": 5264900000, "interestExpense": -4388600000, "incomeBeforeTax": 1467900000, "incomeTaxExpense": 339600000, "minorityInterest": -35400000, "netIncomeFromContinuingOps": 1128300000, "discontinuedOperations": {}, "extraordinaryItems": {}, "effectOfAccountingCharges": {}, "otherItems": {}, "netIncome": 1128600000, "netIncomeApplicableToCommonShares": 1128600000}, {"maxAge": 1, "endDate": "2017-03-31", "totalRevenue": 56124900000, "costOfRevenue": 17589100000, "grossProfit": 38535800000, "researchDevelopment": {}, "sellingGeneralAdministrative": 7507100000, "nonRecurring": {}, "otherOperatingExpenses": 23823100000, "totalOperatingExpenses": 50909400000, "operatingIncome": 5215500000, "totalOtherIncomeExpenseNet": -3681900000, "ebit": 5215500000, "interestExpense": -4258100000, "incomeBeforeTax": 1533600000, "incomeTaxExpense": 191200000, "minorityInterest": -30000000, "netIncomeFromContinuingOps": 1342400000, "discontinuedOperations": {}, "extraordinaryItems": {}, "effectOfAccountingCharges": {}, "otherItems": {}, "netIncome": 1367800000, "netIncomeApplicableToCommonShares": 1367800000}], "maxAge": 86400}, "fundOwnership": {"ownershipList": [], "maxAge": 1}, "summaryDetail": {"maxAge": 1, "priceHint": 2, "previousClose": 30.45, "open": 31.0, "dayLow": 30.25, "dayHigh": 31.0, "regularMarketPreviousClose": 30.45, "regularMarketOpen": 31.0, "regularMarketDayLow": 30.25, "regularMarketDayHigh": 31.0, "forwardPE": 1.0403143, "volume": 8943, "regularMarketVolume": 8943, "averageVolume": 246325, "averageVolume10days": 39414, "averageDailyVolume10Day": 39414, "bid": 30.25, "ask": 30.5, "bidSize": 0, "askSize": 0, "marketCap": 1739998336, "fiftyTwoWeekLow": 16.45, "fiftyTwoWeekHigh": 61.4, "fiftyDayAverage": 39.71818, "twoHundredDayAverage": 34.025734, "trailingAnnualDividendRate": 0.5, "trailingAnnualDividendYield": 0.01642036, "currency": "INR", "fromCurrency": null, "lastMarket": null, "algorithm": null, "tradeable": false}, "sectorTrend": {"maxAge": 1, "symbol": null, "estimates": []}, "incomeStatementHistoryQuarterly": {"incomeStatementHistory": [{"maxAge": 1, "endDate": "2020-06-30", "totalRevenue": 3149100000, "costOfRevenue": 1870500000, "grossProfit": 1278600000, "researchDevelopment": {}, "sellingGeneralAdministrative": 484200000, "nonRecurring": {}, "otherOperatingExpenses": 669100000, "totalOperatingExpenses": 3345900000, "operatingIncome": -196800000, "totalOtherIncomeExpenseNet": -1330100000, "ebit": -196800000, "interestExpense": -1381000000, "incomeBeforeTax": -1526900000, "incomeTaxExpense": -521200000, "minorityInterest": {}, "netIncomeFromContinuingOps": -1005700000, "discontinuedOperations": {}, "extraordinaryItems": {}, "effectOfAccountingCharges": {}, "otherItems": {}, "netIncome": -1012800000, "netIncomeApplicableToCommonShares": -1012800000}, {"maxAge": 1, "endDate": "2020-03-31", "totalRevenue": 6292800000, "costOfRevenue": 4513900000, "grossProfit": 1778900000, "researchDevelopment": {}, "sellingGeneralAdministrative": 763000000, "nonRecurring": {}, "otherOperatingExpenses": 4139000000, "totalOperatingExpenses": 9751100000, "operatingIncome": -3458300000, "totalOtherIncomeExpenseNet": -1377500000, "ebit": -3458300000, "interestExpense": -1479300000, "incomeBeforeTax": -4835800000, "incomeTaxExpense": -1683600000, "minorityInterest": -45100000, "netIncomeFromContinuingOps": -3152200000, "discontinuedOperations": {}, "extraordinaryItems": {}, "effectOfAccountingCharges": {}, "otherItems": {}, "netIncome": -3144100000, "netIncomeApplicableToCommonShares": -3144100000}, {"maxAge": 1, "endDate": "2019-12-31", "totalRevenue": 9060800000, "costOfRevenue": 5376400000, "grossProfit": 3684400000, "researchDevelopment": {}, "sellingGeneralAdministrative": 929000000, "nonRecurring": {}, "otherOperatingExpenses": 1846800000, "totalOperatingExpenses": 8487900000, "operatingIncome": 572900000, "totalOtherIncomeExpenseNet": -1000400000, "ebit": 572900000, "interestExpense": -1253200000, "incomeBeforeTax": -427500000, "incomeTaxExpense": -141900000, "minorityInterest": -45100000, "netIncomeFromContinuingOps": -285600000, "discontinuedOperations": {}, "extraordinaryItems": {}, "effectOfAccountingCharges": {}, "otherItems": {}, "netIncome": -292200000, "netIncomeApplicableToCommonShares": -292200000}, {"maxAge": 1, "endDate": "2019-09-30", "totalRevenue": 11623200000, "costOfRevenue": 6568600000, "grossProfit": 5054600000, "researchDevelopment": {}, "sellingGeneralAdministrative": 1014700000, "nonRecurring": {}, "otherOperatingExpenses": 2493100000, "totalOperatingExpenses": 10426100000, "operatingIncome": 1197100000, "totalOtherIncomeExpenseNet": -1108000000, "ebit": 1197100000, "interestExpense": -1244100000, "incomeBeforeTax": 89100000, "incomeTaxExpense": 62700000, "minorityInterest": -39200000, "netIncomeFromContinuingOps": 26400000, "discontinuedOperations": {}, "extraordinaryItems": {}, "effectOfAccountingCharges": {}, "otherItems": {}, "netIncome": 25900000, "netIncomeApplicableToCommonShares": 25900000}], "maxAge": 86400}, "cashflowStatementHistoryQuarterly": {"cashflowStatements": [{"maxAge": 1, "endDate": "2020-06-30", "netIncome": -1012800000, "changeToLiabilities": 0}, {"maxAge": 1, "endDate": "2020-03-31", "netIncome": -3144100000, "changeToLiabilities": 0}, {"maxAge": 1, "endDate": "2019-12-31", "netIncome": -292200000, "changeToLiabilities": 0}, {"maxAge": 1, "endDate": "2019-09-30", "netIncome": 25900000, "changeToLiabilities": 0}], "maxAge": 86400}, "insiderHolders": {"holders": [{"maxAge": 1, "name": "Baba Basuki Distributors Pvt Ltd", "relation": "Promoter", "url": "", "transactionDescription": "Purchase", "latestTransDate": "2020-01-07", "positionDirect": 3540867, "positionDirectDate": "2020-01-07"}, {"maxAge": 1, "name": "HDFC Trustee Co. Ltd - HDFC Equity Fund", "relation": "UNREPORTED", "url": "", "transactionDescription": "Acquisition", "latestTransDate": "2009-09-11", "positionDirect": 1008000, "positionDirectDate": "2009-09-11"}, {"maxAge": 1, "name": "JMS Mining Services India Pvt Ltd", "relation": "Promoter", "url": "", "transactionDescription": "Sale", "latestTransDate": "2019-12-31", "positionDirect": 0, "positionDirectDate": "2019-12-31"}, {"maxAge": 1, "name": "Mundhra (Bithal Das)", "relation": "Promoter", "url": "", "transactionDescription": "Sale", "latestTransDate": "2017-04-19", "positionDirect": 3029245, "positionDirectDate": "2017-04-19"}, {"maxAge": 1, "name": "Mundhra (Krishna Devi)", "relation": "Promoter", "url": "", "transactionDescription": "Other", "latestTransDate": "2015-06-30", "positionDirect": 0, "positionDirectDate": "2015-06-30"}, {"maxAge": 1, "name": "RBS Credit & Financial Developments Pvt. Ltd.", "relation": "Promoter", "url": "", "transactionDescription": "Acquisition", "latestTransDate": "2015-10-27", "positionDirect": 4765764, "positionDirectDate": "2015-10-27"}, {"maxAge": 1, "name": "Simplex Infraproperties Pvt. Ltd.", "relation": "Promoter", "url": "", "transactionDescription": "Purchase", "latestTransDate": "2017-07-06", "positionDirect": 162500, "positionDirectDate": "2017-07-06"}], "maxAge": 1}, "earnings": {"maxAge": 86400, "earningsChart": {"quarterly": [{"date": "4Q2017", "actual": 6.28, "estimate": 4.5}, {"date": "1Q2018", "actual": 5.93, "estimate": 8.35}, {"date": "2Q2018", "actual": 5.38, "estimate": 5.7}, {"date": "3Q2018", "actual": 4.28, "estimate": 2.8}], "currentQuarterEstimateDate": "4Q", "currentQuarterEstimateYear": 2018, "earningsDate": []}, "financialsChart": {"yearly": [{"date": 2017, "revenue": 56124900000, "earnings": 1367800000}, {"date": 2018, "revenue": 57668700000, "earnings": 1128600000}, {"date": 2019, "revenue": 61172200000, "earnings": 1223000000}, {"date": 2020, "revenue": 40263000000, "earnings": -3208000000}], "quarterly": [{"date": "3Q2019", "revenue": 11623200000, "earnings": 25900000}, {"date": "4Q2019", "revenue": 9060800000, "earnings": -292200000}, {"date": "1Q2020", "revenue": 6292800000, "earnings": -3144100000}, {"date": "2Q2020", "revenue": 3149100000, "earnings": -1012800000}]}, "financialCurrency": "INR"}, "calendarEvents": {"maxAge": 1, "earnings": {"earningsDate": [], "revenueAverage": 19500000000, "revenueLow": 19500000000, "revenueHigh": 19500000000}}, "upgradeDowngradeHistory": {"history": [], "maxAge": 86400}, "price": {"maxAge": 1, "regularMarketChangePercent": 0.0, "regularMarketChange": 0.0, "regularMarketTime": "2021-04-30 15:25:32", "priceHint": 2, "regularMarketPrice": 30.45, "regularMarketDayHigh": 31.0, "regularMarketDayLow": 30.25, "regularMarketVolume": 8943, "averageDailyVolume10Day": 39414, "averageDailyVolume3Month": 246325, "regularMarketPreviousClose": 30.45, "regularMarketSource": "FREE_REALTIME", "regularMarketOpen": 31.0, "exchange": "BSE", "exchangeName": "BSE", "exchangeDataDelayedBy": 0, "marketState": "CLOSED", "quoteType": "EQUITY", "symbol": "SIMPLEXINF.BO", "underlyingSymbol": null, "shortName": "SIMPLEX INFRASTRUCTURES LTD.", "longName": "Simplex Infrastructures Limited", "currency": "INR", "quoteSourceName": "Delayed Quote", "currencySymbol": "\u20b9", "fromCurrency": null, "lastMarket": null, "marketCap": 1739998336}, "balanceSheetHistory": {"balanceSheetStatements": [{"maxAge": 1, "endDate": "2020-03-31", "cash": 719500000, "shortTermInvestments": 7232400000, "netReceivables": 17572100000, "inventory": 5213100000, "otherCurrentAssets": 50824300000, "totalCurrentAssets": 81561400000, "longTermInvestments": 1125600000, "propertyPlantEquipment": 8997400000, "intangibleAssets": 3400000, "otherAssets": 1328600000, "deferredLongTermAssetCharges": 1075300000, "totalAssets": 93016400000, "accountsPayable": 17536600000, "otherCurrentLiab": 21912300000, "longTermDebt": 2320500000, "otherLiab": 239600000, "minorityInterest": -45100000, "totalCurrentLiabilities": 72834700000, "totalLiab": 75394800000, "commonStock": 114700000, "treasuryStock": 17552000000, "otherStockholderEquity": 17552000000, "totalStockholderEquity": 17666700000, "netTangibleAssets": 17663300000}, {"maxAge": 1, "endDate": "2019-03-31", "cash": 992100000, "shortTermInvestments": 3479700000, "netReceivables": 69719200000, "inventory": 7738800000, "otherCurrentAssets": 5216300000, "totalCurrentAssets": 83862000000, "longTermInvestments": 1050900000, "propertyPlantEquipment": 10290300000, "intangibleAssets": 40900000, "otherAssets": 693500000, "deferredLongTermAssetCharges": 2600000, "totalAssets": 95937600000, "accountsPayable": 21757800000, "shortLongTermDebt": 979100000, "otherCurrentLiab": 15545900000, "longTermDebt": 3713300000, "otherLiab": 729800000, "minorityInterest": -39500000, "totalCurrentLiabilities": 71074700000, "totalLiab": 75517800000, "commonStock": 114300000, "retainedEarnings": 8888000000, "treasuryStock": 2259000000, "capitalSurplus": 9198000000, "otherStockholderEquity": 2259000000, "totalStockholderEquity": 20459300000, "netTangibleAssets": 20418400000}, {"maxAge": 1, "endDate": "2018-03-31", "cash": 1046600000, "netReceivables": 64843500000, "inventory": 7567600000, "otherCurrentAssets": 5525300000, "totalCurrentAssets": 79257400000, "longTermInvestments": 1086200000, "propertyPlantEquipment": 11103600000, "intangibleAssets": 47200000, "otherAssets": 586400000, "totalAssets": 92080800000, "accountsPayable": 19871600000, "shortLongTermDebt": 424700000, "otherCurrentLiab": 16691300000, "longTermDebt": 5510700000, "otherLiab": 1309600000, "minorityInterest": -35400000, "totalCurrentLiabilities": 68991100000, "totalLiab": 75811400000, "commonStock": 98900000, "retainedEarnings": 9892000000, "treasuryStock": 1371800000, "capitalSurplus": 4942100000, "otherStockholderEquity": 1371800000, "totalStockholderEquity": 16304800000, "netTangibleAssets": 16257600000}, {"maxAge": 1, "endDate": "2017-03-31", "cash": 382500000, "netReceivables": 56665600000, "inventory": 7464500000, "otherCurrentAssets": 5990200000, "totalCurrentAssets": 70929300000, "longTermInvestments": 1097200000, "propertyPlantEquipment": 11886000000, "intangibleAssets": 51400000, "otherAssets": 261900000, "totalAssets": 84225800000, "accountsPayable": 17114300000, "shortLongTermDebt": 451600000, "otherCurrentLiab": 14571300000, "longTermDebt": 5804300000, "otherLiab": 1185500000, "minorityInterest": -30000000, "totalCurrentLiabilities": 61941700000, "totalLiab": 68931500000, "commonStock": 98900000, "retainedEarnings": 9095100000, "treasuryStock": 1188200000, "capitalSurplus": 4942100000, "otherStockholderEquity": 1188200000, "totalStockholderEquity": 15324300000, "netTangibleAssets": 15272900000}], "maxAge": 86400}, "earningsTrend": {"trend": [{"maxAge": 1, "period": "0q", "endDate": "2018-12-31", "growth": {}, "earningsEstimate": {"avg": 0.0, "low": 0.0, "high": 0.0, "yearAgoEps": 6.28, "numberOfAnalysts": 0, "growth": {}}, "revenueEstimate": {"avg": 19500000000, "low": 19500000000, "high": 19500000000, "numberOfAnalysts": 1, "yearAgoRevenue": 13600600000, "growth": 0.43400002}, "epsTrend": {"current": 0.0, "7daysAgo": 0.0, "30daysAgo": 0.0, "60daysAgo": 0.0, "90daysAgo": 0.0}, "epsRevisions": {"upLast7days": 0, "upLast30days": 0, "downLast30days": 0, "downLast90days": {}}}, {"maxAge": 1, "period": "+1q", "endDate": "2019-03-31", "growth": {}, "earningsEstimate": {"avg": 0.0, "low": 0.0, "high": 0.0, "yearAgoEps": 5.93, "numberOfAnalysts": 0, "growth": {}}, "revenueEstimate": {"avg": 0, "low": 0, "high": 0, "numberOfAnalysts": 0, "yearAgoRevenue": {}, "growth": {}}, "epsTrend": {"current": 0.0, "7daysAgo": 0.0, "30daysAgo": 0.0, "60daysAgo": 0.0, "90daysAgo": 0.0}, "epsRevisions": {"upLast7days": 0, "upLast30days": 0, "downLast30days": 0, "downLast90days": {}}}, {"maxAge": 1, "period": "0y", "endDate": "2019-03-31", "growth": {}, "earningsEstimate": {"avg": 0.0, "low": 0.0, "high": 0.0, "yearAgoEps": {}, "numberOfAnalysts": 0, "growth": {}}, "revenueEstimate": {"avg": 68077000000, "low": 62311000000, "high": 74181000000, "numberOfAnalysts": 10, "yearAgoRevenue": 57662100000, "growth": 0.18100001}, "epsTrend": {"current": 0.0, "7daysAgo": 25.43, "30daysAgo": 25.43, "60daysAgo": 25.43, "90daysAgo": 25.43}, "epsRevisions": {"upLast7days": 0, "upLast30days": 0, "downLast30days": 0, "downLast90days": {}}}, {"maxAge": 1, "period": "+1y", "endDate": "2020-03-31", "growth": {}, "earningsEstimate": {"avg": 0.0, "low": 0.0, "high": 0.0, "yearAgoEps": {}, "numberOfAnalysts": 0, "growth": {}}, "revenueEstimate": {"avg": 77055900000, "low": 65467000000, "high": 85345000000, "numberOfAnalysts": 10, "yearAgoRevenue": 68077000000, "growth": 0.132}, "epsTrend": {"current": 0.0, "7daysAgo": 36.53, "30daysAgo": 36.53, "60daysAgo": 36.53, "90daysAgo": 36.53}, "epsRevisions": {"upLast7days": 0, "upLast30days": 0, "downLast30days": 0, "downLast90days": {}}}, {"maxAge": 1, "period": "+5y", "endDate": null, "growth": 0.384, "earningsEstimate": {"avg": {}, "low": {}, "high": {}, "yearAgoEps": {}, "numberOfAnalysts": {}, "growth": {}}, "revenueEstimate": {"avg": {}, "low": {}, "high": {}, "numberOfAnalysts": {}, "yearAgoRevenue": {}, "growth": {}}, "epsTrend": {"current": {}, "7daysAgo": {}, "30daysAgo": {}, "60daysAgo": {}, "90daysAgo": {}}, "epsRevisions": {"upLast7days": {}, "upLast30days": {}, "downLast30days": {}, "downLast90days": {}}}, {"maxAge": 1, "period": "-5y", "endDate": null, "growth": {}, "earningsEstimate": {"avg": {}, "low": {}, "high": {}, "yearAgoEps": {}, "numberOfAnalysts": {}, "growth": {}}, "revenueEstimate": {"avg": {}, "low": {}, "high": {}, "numberOfAnalysts": {}, "yearAgoRevenue": {}, "growth": {}}, "epsTrend": {"current": {}, "7daysAgo": {}, "30daysAgo": {}, "60daysAgo": {}, "90daysAgo": {}}, "epsRevisions": {"upLast7days": {}, "upLast30days": {}, "downLast30days": {}, "downLast90days": {}}}], "maxAge": 1}, "financialData": {"maxAge": 86400, "currentPrice": 30.45, "targetHighPrice": 720.0, "targetLowPrice": 230.0, "targetMeanPrice": 399.6, "targetMedianPrice": 390.0, "recommendationKey": "none", "numberOfAnalystOpinions": 10, "grossProfits": 15909100000, "financialCurrency": "INR"}}}