{"SIMPLXREA.BO": {"cashflowStatementHistory": {"cashflowStatements": [{"maxAge": 1, "endDate": "2020-03-31", "netIncome": 3360787, "depreciation": 1820081, "changeToNetincome": -41417481, "changeToLiabilities": -736713, "changeToInventory": 39660192, "changeToOperatingActivities": -41085432, "totalCashFromOperatingActivities": -38398566, "capitalExpenditures": -927056, "investments": -235614921, "otherCashflowsFromInvestingActivities": 60240859, "totalCashflowsFromInvestingActivities": 53245172, "netBorrowings": -11424171, "otherCashflowsFromFinancingActivities": -3421199, "totalCashFromFinancingActivities": -14845370, "changeInCash": 1236}, {"maxAge": 1, "endDate": "2019-03-31", "netIncome": 11649055, "depreciation": 1726890, "changeToNetincome": -7648757, "changeToAccountReceivables": 18577647, "changeToLiabilities": 553610, "changeToInventory": -43613143, "changeToOperatingActivities": 73018140, "totalCashFromOperatingActivities": 54263442, "capitalExpenditures": -846418, "investments": -104987969, "otherCashflowsFromInvestingActivities": 48092949, "totalCashflowsFromInvestingActivities": -48543782, "netBorrowings": -2495204, "otherCashflowsFromFinancingActivities": -3498396, "totalCashFromFinancingActivities": -5993600, "changeInCash": -273940}, {"maxAge": 1, "endDate": "2018-03-31", "netIncome": -62015595, "depreciation": 1386869, "changeToNetincome": -77978226, "changeToAccountReceivables": -13644100, "changeToLiabilities": -7186291, "changeToInventory": 158437571, "changeToOperatingActivities": 979868, "totalCashFromOperatingActivities": -19904, "capitalExpenditures": -5125975, "investments": -456557, "otherCashflowsFromInvestingActivities": 45160901, "totalCashflowsFromInvestingActivities": 137183, "dividendsPaid": -2393106, "netBorrowings": -2946501, "otherCashflowsFromFinancingActivities": -1571031, "totalCashFromFinancingActivities": -6910638, "changeInCash": -6793359}, {"maxAge": 1, "endDate": "2017-03-31", "netIncome": -60853127, "depreciation": 1236459, "changeToNetincome": -48354762, "changeToAccountReceivables": -4566890, "changeToLiabilities": -13082799, "changeToInventory": -55157876, "changeToOperatingActivities": 74027115, "totalCashFromOperatingActivities": -106751880, "capitalExpenditures": -160270, "investments": -456557, "otherCashflowsFromInvestingActivities": 51790732, "totalCashflowsFromInvestingActivities": 115922426, "dividendsPaid": -2991382, "netBorrowings": -2425884, "otherCashflowsFromFinancingActivities": -3637535, "totalCashFromFinancingActivities": -9054801, "changeInCash": 115745}], "maxAge": 86400}, "institutionOwnership": {"maxAge": 1, "ownershipList": []}, "balanceSheetHistoryQuarterly": {"balanceSheetStatements": [{"maxAge": 1, "endDate": "2020-09-30", "cash": 8804000, "shortTermInvestments": 131239000, "netReceivables": 212375000, "inventory": 317531000, "otherCurrentAssets": 84996000, "totalCurrentAssets": 754945000, "longTermInvestments": 277539000, "propertyPlantEquipment": 13283000, "otherAssets": 60320000, "deferredLongTermAssetCharges": 43925000, "totalAssets": 1106087000, "accountsPayable": 2036000, "otherCurrentLiab": 25641000, "longTermDebt": 9094000, "otherLiab": 3760000, "totalCurrentLiabilities": 27677000, "totalLiab": 40531000, "commonStock": 29937000, "treasuryStock": 1035619000, "otherStockholderEquity": 1035619000, "totalStockholderEquity": 1065556000, "netTangibleAssets": 1065556000}, {"maxAge": 1, "endDate": "2020-06-30", "totalStockholderEquity": 1062439342, "netTangibleAssets": 1062439342}, {"maxAge": 1, "endDate": "2020-03-31", "cash": 2174653, "shortTermInvestments": 32823947, "netReceivables": 240363915, "inventory": 351414528, "otherCurrentAssets": 84960665, "totalCurrentAssets": 812537360, "longTermInvestments": 222200683, "propertyPlantEquipment": 13894642, "otherAssets": 60294234, "deferredLongTermAssetCharges": 43170287, "totalAssets": 1108926919, "accountsPayable": 1477620, "shortLongTermDebt": 3914813, "otherCurrentLiab": 15029001, "longTermDebt": 16529265, "otherLiab": 3761727, "totalCurrentLiabilities": 26196585, "totalLiab": 46487577, "commonStock": 29913820, "retainedEarnings": 881436302, "treasuryStock": 136765316, "capitalSurplus": 14323904, "otherStockholderEquity": 136765316, "totalStockholderEquity": 1062439342, "netTangibleAssets": 1062439342}, {"maxAge": 1, "endDate": "2019-12-31", "totalStockholderEquity": 1055438000, "netTangibleAssets": 1055438000}], "maxAge": 86400}, "indexTrend": {"maxAge": 1, "symbol": "SP5", "peRatio": 19.7411, "pegRatio": 1.34172, "estimates": [{"period": "0q", "growth": 0.549}, {"period": "+1q", "growth": 0.431}, {"period": "0y", "growth": 0.305}, {"period": "+1y", "growth": 0.109}, {"period": "+5y", "growth": 0.120859005}, {"period": "-5y"}]}, "insiderTransactions": {"transactions": [{"maxAge": 1, "shares": 8769, "filerUrl": "", "transactionText": "", "filerName": "Damani (Sanjay Nandan)", "filerRelation": "Executive Chairman", "moneyText": "", "startDate": "2011-03-30", "ownership": "D"}], "maxAge": 1}, "quoteType": {"exchange": "BSE", "quoteType": "EQUITY", "symbol": "SIMPLXREA.BO", "underlyingSymbol": "SIMPLXREA.BO", "shortName": "SIMPLEX REALTY LTD.", "longName": "Simplex Realty Limited", "firstTradeDateEpochUtc": "2003-05-15 09:15:00", "timeZoneFullName": "Asia/Kolkata", "timeZoneShortName": "IST", "uuid": "9fa8b45e-e723-3016-bf0f-de2c0bdec152", "messageBoardId": null, "gmtOffSetMilliseconds": 19800000, "maxAge": 1}, "incomeStatementHistory": {"incomeStatementHistory": [{"maxAge": 1, "endDate": "2020-03-31", "totalRevenue": 90922886, "costOfRevenue": 84861585, "grossProfit": 6061301, "researchDevelopment": {}, "sellingGeneralAdministrative": 26386309, "nonRecurring": {}, "otherOperatingExpenses": 13064077, "totalOperatingExpenses": 126132052, "operatingIncome": -35209166, "totalOtherIncomeExpenseNet": 44019924, "ebit": -35209166, "interestExpense": -3575485, "incomeBeforeTax": 8810758, "incomeTaxExpense": 5449971, "minorityInterest": {}, "netIncomeFromContinuingOps": 3360787, "discontinuedOperations": {}, "extraordinaryItems": {}, "effectOfAccountingCharges": {}, "otherItems": {}, "netIncome": 3360787, "netIncomeApplicableToCommonShares": 3360787}, {"maxAge": 1, "endDate": "2019-03-31", "totalRevenue": 47472617, "costOfRevenue": 42332629, "grossProfit": 5139988, "researchDevelopment": {}, "sellingGeneralAdministrative": 28818174, "nonRecurring": {}, "otherOperatingExpenses": 33983606, "totalOperatingExpenses": 111339731, "operatingIncome": -63867114, "totalOtherIncomeExpenseNet": 78628461, "ebit": -63867114, "interestExpense": -5652083, "incomeBeforeTax": 14761347, "incomeTaxExpense": 3112292, "minorityInterest": {}, "netIncomeFromContinuingOps": 11649055, "discontinuedOperations": {}, "extraordinaryItems": {}, "effectOfAccountingCharges": {}, "otherItems": {}, "netIncome": 11649055, "netIncomeApplicableToCommonShares": 11649055}, {"maxAge": 1, "endDate": "2018-03-31", "totalRevenue": 164805007, "costOfRevenue": 180374936, "grossProfit": -15569929, "researchDevelopment": {}, "sellingGeneralAdministrative": 26181407, "nonRecurring": {}, "otherOperatingExpenses": 15203247, "totalOperatingExpenses": 229802596, "operatingIncome": -64997589, "totalOtherIncomeExpenseNet": -13718343, "ebit": -64997589, "interestExpense": -1083842, "incomeBeforeTax": -78715932, "incomeTaxExpense": -16700337, "minorityInterest": {}, "netIncomeFromContinuingOps": -62015595, "discontinuedOperations": {}, "extraordinaryItems": {}, "effectOfAccountingCharges": {}, "otherItems": {}, "netIncome": -62015595, "netIncomeApplicableToCommonShares": -62015595}, {"maxAge": 1, "endDate": "2017-03-31", "totalRevenue": 92018671, "costOfRevenue": 116683842, "grossProfit": -24665171, "researchDevelopment": {}, "sellingGeneralAdministrative": 23105747, "nonRecurring": {}, "otherOperatingExpenses": 85369612, "totalOperatingExpenses": 226395660, "operatingIncome": -134376989, "totalOtherIncomeExpenseNet": 48005945, "ebit": -134376989, "interestExpense": -3028549, "incomeBeforeTax": -86371044, "incomeTaxExpense": -25517917, "minorityInterest": {}, "netIncomeFromContinuingOps": -60853127, "discontinuedOperations": {}, "extraordinaryItems": {}, "effectOfAccountingCharges": {}, "otherItems": {}, "netIncome": -60853127, "netIncomeApplicableToCommonShares": -60853127}], "maxAge": 86400}, "fundOwnership": {"maxAge": 1, "ownershipList": []}, "summaryDetail": {"maxAge": 1, "priceHint": 2, "previousClose": 48.95, "open": 48.95, "dayLow": 46.55, "dayHigh": 48.95, "regularMarketPreviousClose": 48.95, "regularMarketOpen": 48.95, "regularMarketDayLow": 46.55, "regularMarketDayHigh": 48.95, "trailingPE": 15.118545, "volume": 118, "regularMarketVolume": 118, "averageVolume": 1218, "averageVolume10days": 236, "averageDailyVolume10Day": 236, "bid": 0.0, "ask": 46.55, "bidSize": 0, "askSize": 0, "marketCap": 139248736, "fiftyTwoWeekLow": 29.55, "fiftyTwoWeekHigh": 61.2, "fiftyDayAverage": 51.784286, "twoHundredDayAverage": 44.70876, "trailingAnnualDividendRate": 0.8, "trailingAnnualDividendYield": 0.016343208, "currency": "INR", "fromCurrency": null, "toCurrency": null, "lastMarket": null, "algorithm": null, "tradeable": false}, "incomeStatementHistoryQuarterly": {"incomeStatementHistory": [{"maxAge": 1, "endDate": "2020-09-30", "totalRevenue": 42551000, "costOfRevenue": 38377000, "grossProfit": 4174000, "researchDevelopment": {}, "sellingGeneralAdministrative": 6544000, "nonRecurring": {}, "otherOperatingExpenses": 3959000, "totalOperatingExpenses": 49180000, "operatingIncome": -6629000, "totalOtherIncomeExpenseNet": -521000, "ebit": -6629000, "interestExpense": -611000, "incomeBeforeTax": -7150000, "incomeTaxExpense": -1962000, "minorityInterest": {}, "netIncomeFromContinuingOps": -5188000, "discontinuedOperations": {}, "extraordinaryItems": {}, "effectOfAccountingCharges": {}, "otherItems": {}, "netIncome": -5188000, "netIncomeApplicableToCommonShares": -5188000}, {"maxAge": 1, "endDate": "2020-06-30", "totalRevenue": 1933000, "costOfRevenue": 0, "grossProfit": 1933000, "researchDevelopment": {}, "sellingGeneralAdministrative": 6628000, "nonRecurring": {}, "otherOperatingExpenses": 2612000, "totalOperatingExpenses": 9532000, "operatingIncome": -7599000, "totalOtherIncomeExpenseNet": 10799000, "ebit": -7599000, "interestExpense": -624000, "incomeBeforeTax": 3200000, "incomeTaxExpense": 546000, "minorityInterest": {}, "netIncomeFromContinuingOps": 2654000, "discontinuedOperations": {}, "extraordinaryItems": {}, "effectOfAccountingCharges": {}, "otherItems": {}, "netIncome": 2654000, "netIncomeApplicableToCommonShares": 2654000}, {"maxAge": 1, "endDate": "2020-03-31", "totalRevenue": 33221886, "costOfRevenue": 33596585, "grossProfit": -374699, "researchDevelopment": {}, "sellingGeneralAdministrative": 7719309, "nonRecurring": {}, "otherOperatingExpenses": -325923, "totalOperatingExpenses": 41453052, "operatingIncome": -8231166, "totalOtherIncomeExpenseNet": 9541924, "ebit": -8231166, "interestExpense": -646485, "incomeBeforeTax": 1310758, "incomeTaxExpense": -84029, "minorityInterest": {}, "netIncomeFromContinuingOps": 1394787, "discontinuedOperations": {}, "extraordinaryItems": {}, "effectOfAccountingCharges": {}, "otherItems": {}, "netIncome": 1394787, "netIncomeApplicableToCommonShares": 1394787}, {"maxAge": 1, "endDate": "2019-12-31", "totalRevenue": 2001000, "costOfRevenue": 0, "grossProfit": 2001000, "researchDevelopment": {}, "sellingGeneralAdministrative": 6167000, "nonRecurring": {}, "otherOperatingExpenses": -2074000, "totalOperatingExpenses": 4561000, "operatingIncome": -2560000, "totalOtherIncomeExpenseNet": 10920000, "ebit": -2560000, "interestExpense": -783000, "incomeBeforeTax": 8360000, "incomeTaxExpense": -1977000, "minorityInterest": {}, "netIncomeFromContinuingOps": 10337000, "discontinuedOperations": {}, "extraordinaryItems": {}, "effectOfAccountingCharges": {}, "otherItems": {}, "netIncome": 10337000, "netIncomeApplicableToCommonShares": 10337000}], "maxAge": 86400}, "cashflowStatementHistoryQuarterly": {"cashflowStatements": [{"maxAge": 1, "endDate": "2020-09-30", "netIncome": -5188000, "changeToLiabilities": 0}, {"maxAge": 1, "endDate": "2020-06-30", "netIncome": 2654000, "changeToLiabilities": 0}, {"maxAge": 1, "endDate": "2020-03-31", "netIncome": 1394787, "changeToLiabilities": 0}, {"maxAge": 1, "endDate": "2019-12-31", "netIncome": 10337000, "changeToLiabilities": 0}], "maxAge": 86400}, "insiderHolders": {"holders": [{"maxAge": 1, "name": "Damani (Sanjay Nandan)", "relation": "Executive Chairman", "url": "", "transactionDescription": "Acquisition", "latestTransDate": "2011-03-30", "positionDirect": 100883, "positionDirectDate": "2011-03-30"}], "maxAge": 1}, "calendarEvents": {"maxAge": 1, "earnings": {"earningsDate": []}}, "price": {"maxAge": 1, "regularMarketChangePercent": -0.049029652, "regularMarketChange": -2.4000015, "regularMarketTime": "2021-04-30 15:27:04", "priceHint": 2, "regularMarketPrice": 46.55, "regularMarketDayHigh": 48.95, "regularMarketDayLow": 46.55, "regularMarketVolume": 118, "averageDailyVolume10Day": 236, "averageDailyVolume3Month": 1218, "regularMarketPreviousClose": 48.95, "regularMarketSource": "FREE_REALTIME", "regularMarketOpen": 48.95, "exchange": "BSE", "exchangeName": "BSE", "exchangeDataDelayedBy": 0, "marketState": "CLOSED", "quoteType": "EQUITY", "symbol": "SIMPLXREA.BO", "underlyingSymbol": null, "shortName": "SIMPLEX REALTY LTD.", "longName": "Simplex Realty Limited", "currency": "INR", "quoteSourceName": "Delayed Quote", "currencySymbol": "\u20b9", "fromCurrency": null, "toCurrency": null, "lastMarket": null, "marketCap": 139248736}, "balanceSheetHistory": {"balanceSheetStatements": [{"maxAge": 1, "endDate": "2020-03-31", "cash": 2174653, "shortTermInvestments": 32823947, "netReceivables": 240363915, "inventory": 351414528, "otherCurrentAssets": 84960665, "totalCurrentAssets": 812537360, "longTermInvestments": 222200683, "propertyPlantEquipment": 13894642, "otherAssets": 60294234, "deferredLongTermAssetCharges": 43170287, "totalAssets": 1108926919, "accountsPayable": 1477620, "shortLongTermDebt": 3914813, "otherCurrentLiab": 15029001, "longTermDebt": 16529265, "otherLiab": 3761727, "totalCurrentLiabilities": 26196585, "totalLiab": 46487577, "commonStock": 29913820, "retainedEarnings": 881436302, "treasuryStock": 136765316, "capitalSurplus": 14323904, "otherStockholderEquity": 136765316, "totalStockholderEquity": 1062439342, "netTangibleAssets": 1062439342}, {"maxAge": 1, "endDate": "2019-03-31", "cash": 2173417, "shortTermInvestments": 1195485, "netReceivables": 486329170, "inventory": 391074720, "otherCurrentAssets": 77386493, "totalCurrentAssets": 978927313, "longTermInvestments": 74992734, "propertyPlantEquipment": 14787667, "otherAssets": 64436830, "deferredLongTermAssetCharges": 46092208, "totalAssets": 1133144544, "accountsPayable": 2214333, "shortLongTermDebt": 2674294, "otherCurrentLiab": 21830239, "longTermDebt": 27953436, "otherLiab": 3395161, "totalCurrentLiabilities": 32013520, "totalLiab": 63362117, "commonStock": 29913820, "retainedEarnings": 878036317, "treasuryStock": 147508386, "capitalSurplus": 14323904, "otherStockholderEquity": 147508386, "totalStockholderEquity": 1069782427, "netTangibleAssets": 1069782427}, {"maxAge": 1, "endDate": "2018-03-31", "cash": 2447357, "shortTermInvestments": 2088456, "netReceivables": 510978573, "inventory": 347461577, "otherCurrentAssets": 180286532, "totalCurrentAssets": 1054460164, "propertyPlantEquipment": 16156770, "otherAssets": 63560760, "deferredLongTermAssetCharges": 43810365, "totalAssets": 1134177694, "accountsPayable": 1660723, "shortLongTermDebt": 2946501, "otherCurrentLiab": 34456941, "longTermDebt": 30448640, "otherLiab": 3943824, "totalCurrentLiabilities": 44383546, "totalLiab": 78776010, "commonStock": 29913820, "retainedEarnings": 866200263, "treasuryStock": 144963697, "capitalSurplus": 14323904, "otherStockholderEquity": 144963697, "totalStockholderEquity": 1055401684, "netTangibleAssets": 1055401684}, {"maxAge": 1, "endDate": "2017-03-31", "cash": 11106599, "shortTermInvestments": 4581439, "netReceivables": 450003922, "inventory": 505899148, "otherCurrentAssets": 179235447, "totalCurrentAssets": 1159544786, "propertyPlantEquipment": 12708112, "otherAssets": 37804574, "deferredLongTermAssetCharges": 27523974, "totalAssets": 1210057472, "accountsPayable": 8889594, "shortLongTermDebt": 2344440, "otherCurrentLiab": 40349317, "longTermDebt": 33395141, "otherLiab": 2159646, "totalCurrentLiabilities": 56637148, "totalLiab": 92191935, "commonStock": 29913820, "retainedEarnings": 930740825, "treasuryStock": 142886988, "capitalSurplus": 14323904, "otherStockholderEquity": 142886988, "totalStockholderEquity": 1117865537, "netTangibleAssets": 1117865537}], "maxAge": 86400}, "financialData": {"maxAge": 86400, "currentPrice": 46.55, "recommendationKey": "none", "grossProfits": 6061301, "financialCurrency": "INR"}}}