{"SIMRAN.BO": {"cashflowStatementHistory": {"cashflowStatements": [{"maxAge": 1, "endDate": "2020-03-31", "netIncome": -215137000, "depreciation": 21619000, "changeToNetincome": -81661000, "changeToAccountReceivables": -1127000, "changeToLiabilities": 115630000, "changeToInventory": 86466000, "changeToOperatingActivities": 4006000, "totalCashFromOperatingActivities": -70204000, "capitalExpenditures": -20706000, "totalCashflowsFromInvestingActivities": -18478000, "netBorrowings": 3800000, "otherCashflowsFromFinancingActivities": -2217000, "totalCashFromFinancingActivities": 1583000, "changeInCash": -87099000}, {"maxAge": 1, "endDate": "2019-03-31", "netIncome": 40656000, "depreciation": 21674000, "changeToNetincome": 9448000, "changeToAccountReceivables": -12036000, "changeToLiabilities": 81950000, "changeToInventory": 79141000, "changeToOperatingActivities": -60615000, "totalCashFromOperatingActivities": 160218000, "capitalExpenditures": -11113000, "totalCashflowsFromInvestingActivities": -10612000, "netBorrowings": 6714000, "otherCashflowsFromFinancingActivities": -2694000, "totalCashFromFinancingActivities": 4020000, "changeInCash": 153625000}, {"maxAge": 1, "endDate": "2018-03-31", "netIncome": 40235000, "depreciation": 21749000, "changeToNetincome": 10978000, "changeToAccountReceivables": 12449000, "changeToLiabilities": -235435000, "changeToInventory": 261535000, "changeToOperatingActivities": -15735000, "totalCashFromOperatingActivities": 95776000, "capitalExpenditures": -64519000, "totalCashflowsFromInvestingActivities": -62396000, "netBorrowings": 1416000, "otherCashflowsFromFinancingActivities": -6531000, "totalCashFromFinancingActivities": -5115000, "changeInCash": 28265000}, {"maxAge": 1, "endDate": "2017-03-31", "netIncome": 9751000, "depreciation": 20891000, "changeToNetincome": 28103000, "changeToAccountReceivables": 105025000, "changeToLiabilities": -172416000, "changeToInventory": 138180000, "changeToOperatingActivities": -91979000, "totalCashFromOperatingActivities": 37555000, "capitalExpenditures": -14581000, "totalCashflowsFromInvestingActivities": -14799000, "netBorrowings": -9575000, "otherCashflowsFromFinancingActivities": -25740000, "totalCashFromFinancingActivities": -35315000, "changeInCash": -12559000}], "maxAge": 86400}, "institutionOwnership": {"ownershipList": [], "maxAge": 1}, "balanceSheetHistoryQuarterly": {"balanceSheetStatements": [{"maxAge": 1, "endDate": "2020-06-30", "totalStockholderEquity": 43437000, "netTangibleAssets": 43437000}, {"maxAge": 1, "endDate": "2020-03-31", "cash": 115488000, "netReceivables": 114946000, "inventory": 388821000, "otherCurrentAssets": 6362000, "totalCurrentAssets": 626901000, "longTermInvestments": 1189000, "propertyPlantEquipment": 214567000, "otherAssets": 72404000, "deferredLongTermAssetCharges": 70034000, "totalAssets": 915061000, "accountsPayable": 527645000, "shortLongTermDebt": 2039000, "otherCurrentLiab": 20351000, "longTermDebt": 19044000, "otherLiab": 5916000, "minorityInterest": 3657000, "totalCurrentLiabilities": 843007000, "totalLiab": 867967000, "commonStock": 37917000, "retainedEarnings": -9886000, "treasuryStock": -1553000, "capitalSurplus": 16959000, "otherStockholderEquity": -1553000, "totalStockholderEquity": 43437000, "netTangibleAssets": 43437000}, {"maxAge": 1, "endDate": "2019-12-31", "totalStockholderEquity": 252014000, "netTangibleAssets": 252014000}, {"maxAge": 1, "endDate": "2019-09-30", "cash": 172300000, "netReceivables": 168985000, "inventory": 447455000, "otherCurrentAssets": 7607000, "totalCurrentAssets": 796347000, "longTermInvestments": 1189000, "propertyPlantEquipment": 210826000, "otherAssets": 2351000, "totalAssets": 1010713000, "accountsPayable": 451872000, "otherCurrentLiab": 42648000, "longTermDebt": 14469000, "otherLiab": 7510000, "minorityInterest": 3683000, "totalCurrentLiabilities": 733037000, "totalLiab": 755016000, "commonStock": 37917000, "treasuryStock": 214097000, "otherStockholderEquity": 214097000, "totalStockholderEquity": 252014000, "netTangibleAssets": 252014000}], "maxAge": 86400}, "indexTrend": {"maxAge": 1, "symbol": "SP5", "peRatio": 19.7411, "pegRatio": 1.34172, "estimates": [{"period": "0q", "growth": 0.549}, {"period": "+1q", "growth": 0.431}, {"period": "0y", "growth": 0.305}, {"period": "+1y", "growth": 0.109}, {"period": "+5y", "growth": 0.120859005}, {"period": "-5y"}]}, "insiderTransactions": {"transactions": [{"maxAge": 1, "shares": 50, "filerUrl": "", "transactionText": "", "filerName": "Patidar (Mahesh)", "filerRelation": "UNREPORTED", "moneyText": "", "startDate": "2019-06-28", "ownership": "D"}, {"maxAge": 1, "shares": 4393, "filerUrl": "", "transactionText": "", "filerName": "Bhatia (Amarjeet Kaur)", "filerRelation": "Promoter", "moneyText": "", "startDate": "2019-02-14", "ownership": "D"}], "maxAge": 1}, "quoteType": {"exchange": "BSE", "quoteType": "EQUITY", "symbol": "SIMRAN.BO", "underlyingSymbol": "SIMRAN.BO", "shortName": "SIMRAN FARMS LTD.", "longName": "Simran Farms Limited", "firstTradeDateEpochUtc": "2002-02-27 09:15:00", "timeZoneFullName": "Asia/Kolkata", "timeZoneShortName": "IST", "uuid": "d8abf1fa-6154-35b5-b6df-f5cb314a9748", "gmtOffSetMilliseconds": 19800000, "maxAge": 1}, "incomeStatementHistory": {"incomeStatementHistory": [{"maxAge": 1, "endDate": "2020-03-31", "totalRevenue": 2811985000, "costOfRevenue": 2795186000, "grossProfit": 16799000, "researchDevelopment": {}, "sellingGeneralAdministrative": 277340000, "nonRecurring": {}, "otherOperatingExpenses": -1026000, "totalOperatingExpenses": 3093119000, "operatingIncome": -281134000, "totalOtherIncomeExpenseNet": -11094000, "ebit": -281134000, "interestExpense": -8959000, "incomeBeforeTax": -292228000, "incomeTaxExpense": -77152000, "minorityInterest": 3657000, "netIncomeFromContinuingOps": -215076000, "discontinuedOperations": {}, "extraordinaryItems": {}, "effectOfAccountingCharges": {}, "otherItems": {}, "netIncome": -215137000, "netIncomeApplicableToCommonShares": -215137000}, {"maxAge": 1, "endDate": "2019-03-31", "totalRevenue": 3197743000, "costOfRevenue": 2801747000, "grossProfit": 395996000, "researchDevelopment": {}, "sellingGeneralAdministrative": 293336000, "nonRecurring": {}, "otherOperatingExpenses": 470169000, "totalOperatingExpenses": 3116758000, "operatingIncome": 80985000, "totalOtherIncomeExpenseNet": -19667000, "ebit": 80985000, "interestExpense": -16849000, "incomeBeforeTax": 61318000, "incomeTaxExpense": 20602000, "minorityInterest": 3596000, "netIncomeFromContinuingOps": 40716000, "discontinuedOperations": {}, "extraordinaryItems": {}, "effectOfAccountingCharges": {}, "otherItems": {}, "netIncome": 40656000, "netIncomeApplicableToCommonShares": 40656000}, {"maxAge": 1, "endDate": "2018-03-31", "totalRevenue": 3412750000, "costOfRevenue": 2990008000, "grossProfit": 422742000, "researchDevelopment": {}, "sellingGeneralAdministrative": 312627000, "nonRecurring": {}, "otherOperatingExpenses": 48000, "totalOperatingExpenses": 3324384000, "operatingIncome": 88366000, "totalOtherIncomeExpenseNet": -33679000, "ebit": 88366000, "interestExpense": -29820000, "incomeBeforeTax": 54687000, "incomeTaxExpense": 14278000, "minorityInterest": 3536000, "netIncomeFromContinuingOps": 40409000, "discontinuedOperations": {}, "extraordinaryItems": {}, "effectOfAccountingCharges": {}, "otherItems": {}, "netIncome": 40235000, "netIncomeApplicableToCommonShares": 40235000}, {"maxAge": 1, "endDate": "2017-03-31", "totalRevenue": 4102311000, "costOfRevenue": 3657654000, "grossProfit": 444657000, "researchDevelopment": {}, "sellingGeneralAdministrative": 347323000, "nonRecurring": {}, "otherOperatingExpenses": 364000, "totalOperatingExpenses": 4026232000, "operatingIncome": 76079000, "totalOtherIncomeExpenseNet": -60754000, "ebit": 76079000, "interestExpense": -58485000, "incomeBeforeTax": 15325000, "incomeTaxExpense": 5402000, "minorityInterest": 3362000, "netIncomeFromContinuingOps": 9923000, "discontinuedOperations": {}, "extraordinaryItems": {}, "effectOfAccountingCharges": {}, "otherItems": {}, "netIncome": 9751000, "netIncomeApplicableToCommonShares": 9751000}], "maxAge": 86400}, "fundOwnership": {"ownershipList": [], "maxAge": 1}, "summaryDetail": {"maxAge": 1, "priceHint": 2, "previousClose": 83.6, "open": 86.65, "dayLow": 81.15, "dayHigh": 87.6, "regularMarketPreviousClose": 83.6, "regularMarketOpen": 86.65, "regularMarketDayLow": 81.15, "regularMarketDayHigh": 87.6, "volume": 6446, "regularMarketVolume": 6446, "averageVolume": 7139, "averageVolume10days": 4884, "averageDailyVolume10Day": 4884, "bid": 86.0, "ask": 87.45, "bidSize": 0, "askSize": 0, "marketCap": 323242432, "fiftyTwoWeekLow": 17.2, "fiftyTwoWeekHigh": 87.6, "fiftyDayAverage": 58.724243, "twoHundredDayAverage": 46.54228, "currency": "INR", "fromCurrency": null, "lastMarket": null, "algorithm": null, "tradeable": false}, "incomeStatementHistoryQuarterly": {"incomeStatementHistory": [{"maxAge": 1, "endDate": "2020-06-30", "totalRevenue": 549487000, "costOfRevenue": 345464000, "grossProfit": 204023000, "researchDevelopment": {}, "sellingGeneralAdministrative": 31420000, "nonRecurring": {}, "otherOperatingExpenses": 60753000, "totalOperatingExpenses": 443198000, "operatingIncome": 106289000, "totalOtherIncomeExpenseNet": -5986000, "ebit": 106289000, "interestExpense": -5986000, "incomeBeforeTax": 100303000, "incomeTaxExpense": 34849000, "minorityInterest": {}, "netIncomeFromContinuingOps": 65454000, "discontinuedOperations": {}, "extraordinaryItems": {}, "effectOfAccountingCharges": {}, "otherItems": {}, "netIncome": 65454000, "netIncomeApplicableToCommonShares": 65454000}, {"maxAge": 1, "endDate": "2020-03-31", "totalRevenue": 561138000, "costOfRevenue": 954640000, "grossProfit": -393502000, "researchDevelopment": {}, "sellingGeneralAdministrative": 179787000, "nonRecurring": {}, "otherOperatingExpenses": -321794000, "totalOperatingExpenses": 817331000, "operatingIncome": -256193000, "totalOtherIncomeExpenseNet": -4380000, "ebit": -256193000, "interestExpense": -2245000, "incomeBeforeTax": -260573000, "incomeTaxExpense": -74688000, "minorityInterest": 3657000, "netIncomeFromContinuingOps": -185885000, "discontinuedOperations": {}, "extraordinaryItems": {}, "effectOfAccountingCharges": {}, "otherItems": {}, "netIncome": -185946000, "netIncomeApplicableToCommonShares": -185946000}, {"maxAge": 1, "endDate": "2019-12-31", "totalRevenue": 777315000, "costOfRevenue": 640643000, "grossProfit": 136672000, "researchDevelopment": {}, "sellingGeneralAdministrative": 31494000, "nonRecurring": {}, "otherOperatingExpenses": 118358000, "totalOperatingExpenses": 796225000, "operatingIncome": -18910000, "totalOtherIncomeExpenseNet": -2553000, "ebit": -18910000, "interestExpense": -2553000, "incomeBeforeTax": -21463000, "incomeTaxExpense": -319000, "minorityInterest": 3657000, "netIncomeFromContinuingOps": -21144000, "discontinuedOperations": {}, "extraordinaryItems": {}, "effectOfAccountingCharges": {}, "otherItems": {}, "netIncome": -21144000, "netIncomeApplicableToCommonShares": -21144000}, {"maxAge": 1, "endDate": "2019-09-30", "totalRevenue": 642733000, "costOfRevenue": 616309000, "grossProfit": 26424000, "researchDevelopment": {}, "sellingGeneralAdministrative": 32333000, "nonRecurring": {}, "otherOperatingExpenses": 98737000, "totalOperatingExpenses": 753032000, "operatingIncome": -110299000, "totalOtherIncomeExpenseNet": -1538000, "ebit": -110299000, "interestExpense": -1538000, "incomeBeforeTax": -111837000, "incomeTaxExpense": -29569000, "minorityInterest": 3683000, "netIncomeFromContinuingOps": -82268000, "discontinuedOperations": {}, "extraordinaryItems": {}, "effectOfAccountingCharges": {}, "otherItems": {}, "netIncome": -82268000, "netIncomeApplicableToCommonShares": -82268000}], "maxAge": 86400}, "cashflowStatementHistoryQuarterly": {"cashflowStatements": [{"maxAge": 1, "endDate": "2020-06-30", "netIncome": 65454000, "changeToLiabilities": 0}, {"maxAge": 1, "endDate": "2020-03-31", "netIncome": -185946000, "changeToLiabilities": 0}, {"maxAge": 1, "endDate": "2019-12-31", "netIncome": -21144000, "changeToLiabilities": 0}, {"maxAge": 1, "endDate": "2019-09-30", "netIncome": -82268000, "changeToLiabilities": 0}], "maxAge": 86400}, "insiderHolders": {"holders": [{"maxAge": 1, "name": "Bhatia (Amarjeet Kaur)", "relation": "Promoter", "url": "", "transactionDescription": "Acquisition", "latestTransDate": "2019-02-14", "positionDirect": 137293, "positionDirectDate": "2019-02-14"}, {"maxAge": 1, "name": "Patidar (Mahesh)", "relation": "UNREPORTED", "url": "", "transactionDescription": "Acquisition", "latestTransDate": "2019-06-28", "positionDirect": 50, "positionDirectDate": "2019-06-28"}], "maxAge": 1}, "calendarEvents": {"maxAge": 1, "earnings": {"earningsDate": ["2020-08-21 05:30:S"]}}, "upgradeDowngradeHistory": {"history": [], "maxAge": 86400}, "price": {"maxAge": 1, "regularMarketChangePercent": 0.01973686, "regularMarketChange": 1.6500015, "regularMarketTime": "2021-04-30 15:27:13", "priceHint": 2, "regularMarketPrice": 85.25, "regularMarketDayHigh": 87.6, "regularMarketDayLow": 81.15, "regularMarketVolume": 6446, "averageDailyVolume10Day": 4884, "averageDailyVolume3Month": 7139, "regularMarketPreviousClose": 83.6, "regularMarketSource": "FREE_REALTIME", "regularMarketOpen": 86.65, "exchange": "BSE", "exchangeName": "BSE", "exchangeDataDelayedBy": 0, "marketState": "CLOSED", "quoteType": "EQUITY", "symbol": "SIMRAN.BO", "underlyingSymbol": null, "shortName": "SIMRAN FARMS LTD.", "longName": "Simran Farms Limited", "currency": "INR", "quoteSourceName": "Delayed Quote", "currencySymbol": "\u20b9", "fromCurrency": null, "lastMarket": null, "marketCap": 323242432}, "balanceSheetHistory": {"balanceSheetStatements": [{"maxAge": 1, "endDate": "2020-03-31", "cash": 115488000, "netReceivables": 114946000, "inventory": 388821000, "otherCurrentAssets": 6362000, "totalCurrentAssets": 626901000, "longTermInvestments": 1189000, "propertyPlantEquipment": 214567000, "otherAssets": 72404000, "deferredLongTermAssetCharges": 70034000, "totalAssets": 915061000, "accountsPayable": 527645000, "shortLongTermDebt": 2039000, "otherCurrentLiab": 20351000, "longTermDebt": 19044000, "otherLiab": 5916000, "minorityInterest": 3657000, "totalCurrentLiabilities": 843007000, "totalLiab": 867967000, "commonStock": 37917000, "retainedEarnings": -9886000, "treasuryStock": -1553000, "capitalSurplus": 16959000, "otherStockholderEquity": -1553000, "totalStockholderEquity": 43437000, "netTangibleAssets": 43437000}, {"maxAge": 1, "endDate": "2019-03-31", "cash": 202586000, "netReceivables": 115101000, "inventory": 475287000, "otherCurrentAssets": 16959000, "totalCurrentAssets": 811186000, "longTermInvestments": 1189000, "propertyPlantEquipment": 217439000, "otherAssets": 2341000, "totalAssets": 1032155000, "accountsPayable": 412015000, "shortLongTermDebt": 3394000, "otherCurrentLiab": 36453000, "longTermDebt": 15244000, "otherLiab": 10619000, "minorityInterest": 3596000, "totalCurrentLiabilities": 742547000, "totalLiab": 768410000, "commonStock": 37917000, "retainedEarnings": 205251000, "treasuryStock": 22000, "capitalSurplus": 16959000, "otherStockholderEquity": 22000, "totalStockholderEquity": 260149000, "netTangibleAssets": 260149000}, {"maxAge": 1, "endDate": "2018-03-31", "cash": 48961000, "netReceivables": 104301000, "inventory": 554427000, "otherCurrentAssets": 19115000, "totalCurrentAssets": 728103000, "longTermInvestments": 1189000, "propertyPlantEquipment": 228634000, "otherAssets": 2315000, "totalAssets": 960241000, "accountsPayable": 332394000, "shortLongTermDebt": 7277000, "otherCurrentLiab": 33317000, "longTermDebt": 8530000, "otherLiab": 14695000, "minorityInterest": 3536000, "totalCurrentLiabilities": 713843000, "totalLiab": 737068000, "commonStock": 37917000, "retainedEarnings": 164596000, "treasuryStock": 164000, "capitalSurplus": 16959000, "otherStockholderEquity": 164000, "totalStockholderEquity": 219636000, "netTangibleAssets": 219636000}, {"maxAge": 1, "endDate": "2017-03-31", "cash": 20696000, "netReceivables": 138243000, "inventory": 815962000, "otherCurrentAssets": 6885000, "totalCurrentAssets": 983200000, "longTermInvestments": 1189000, "propertyPlantEquipment": 189124000, "otherAssets": 2210000, "totalAssets": 1175723000, "accountsPayable": 567829000, "shortLongTermDebt": 10381000, "otherCurrentLiab": 16044000, "longTermDebt": 7115000, "otherLiab": 14201000, "minorityInterest": 3362000, "totalCurrentLiabilities": 971600000, "totalLiab": 992916000, "commonStock": 37917000, "retainedEarnings": 124360000, "treasuryStock": 209000, "capitalSurplus": 16959000, "otherStockholderEquity": 209000, "totalStockholderEquity": 179445000, "netTangibleAssets": 179445000}], "maxAge": 86400}, "financialData": {"maxAge": 86400, "currentPrice": 85.25, "recommendationKey": "none", "grossProfits": 16799000, "financialCurrency": "INR"}}}