{"SINCLAIR.BO": {"recommendationTrend": {"trend": [{"period": "0m", "strongBuy": 0, "buy": 0, "hold": 0, "sell": 0, "strongSell": 0}, {"period": "-1m", "strongBuy": 0, "buy": 0, "hold": 0, "sell": 0, "strongSell": 0}, {"period": "-2m", "strongBuy": 0, "buy": 0, "hold": 0, "sell": 0, "strongSell": 0}, {"period": "-3m", "strongBuy": 0, "buy": 0, "hold": 0, "sell": 0, "strongSell": 0}], "maxAge": 86400}, "cashflowStatementHistory": {"cashflowStatements": [{"maxAge": 1, "endDate": "2020-03-31", "netIncome": 94890000, "depreciation": 67562000, "changeToNetincome": -42576000, "changeToAccountReceivables": 3313000, "changeToLiabilities": 2095000, "changeToInventory": 337000, "changeToOperatingActivities": -11043000, "totalCashFromOperatingActivities": 114578000, "capitalExpenditures": -19110000, "investments": -62394000, "otherCashflowsFromInvestingActivities": 4997000, "totalCashflowsFromInvestingActivities": -76410000, "dividendsPaid": -33420000, "otherCashflowsFromFinancingActivities": -6870000, "totalCashFromFinancingActivities": -40290000, "changeInCash": -2122000}, {"maxAge": 1, "endDate": "2019-03-31", "netIncome": 97469000, "depreciation": 75259000, "changeToNetincome": -20500000, "changeToAccountReceivables": 199000, "changeToLiabilities": -1004000, "changeToInventory": 937000, "changeToOperatingActivities": -9024000, "totalCashFromOperatingActivities": 143336000, "capitalExpenditures": -95271000, "investments": -37643000, "otherCashflowsFromInvestingActivities": 5264000, "totalCashflowsFromInvestingActivities": -121031000, "dividendsPaid": -22280000, "otherCashflowsFromFinancingActivities": -4579000, "totalCashFromFinancingActivities": -26859000, "changeInCash": -4554000}, {"maxAge": 1, "endDate": "2018-03-31", "netIncome": 117379000, "depreciation": 73827000, "changeToNetincome": -28378000, "changeToAccountReceivables": 2602000, "changeToLiabilities": 5513000, "changeToInventory": -2337000, "changeToOperatingActivities": 659000, "totalCashFromOperatingActivities": 169265000, "capitalExpenditures": -16665000, "investments": -120424000, "otherCashflowsFromInvestingActivities": 1950000, "totalCashflowsFromInvestingActivities": -135139000, "dividendsPaid": -22280000, "otherCashflowsFromFinancingActivities": -4536000, "totalCashFromFinancingActivities": -26816000, "changeInCash": 7310000}, {"maxAge": 1, "endDate": "2017-03-31", "netIncome": 92986598, "depreciation": 80085924, "changeToNetincome": 1063921, "changeToAccountReceivables": -825153, "changeToLiabilities": 6926511, "changeToInventory": 1490558, "changeToOperatingActivities": 20212986, "totalCashFromOperatingActivities": 201941345, "capitalExpenditures": -10694022, "investments": -198758684, "otherCashflowsFromInvestingActivities": 688804, "totalCashflowsFromInvestingActivities": -202947988, "dividendsPaid": -22280000, "otherCashflowsFromFinancingActivities": -4536000, "totalCashFromFinancingActivities": -26816000, "changeInCash": -1006643}], "maxAge": 86400}, "institutionOwnership": {"maxAge": 1, "ownershipList": []}, "balanceSheetHistoryQuarterly": {"balanceSheetStatements": [{"maxAge": 1, "endDate": "2020-06-30", "totalStockholderEquity": 1061655000, "netTangibleAssets": 1061655000}, {"maxAge": 1, "endDate": "2020-03-31", "cash": 3559000, "shortTermInvestments": 23024000, "netReceivables": 12268000, "inventory": 3791000, "otherCurrentAssets": 2221000, "totalCurrentAssets": 476844000, "longTermInvestments": 109338000, "propertyPlantEquipment": 580112000, "otherAssets": 25309000, "totalAssets": 1191603000, "accountsPayable": 16643000, "otherCurrentLiab": 30088000, "otherLiab": 79460000, "totalCurrentLiabilities": 50488000, "totalLiab": 129948000, "commonStock": 55700000, "retainedEarnings": 617299000, "treasuryStock": 67435000, "capitalSurplus": 321221000, "otherStockholderEquity": 67435000, "totalStockholderEquity": 1061655000, "netTangibleAssets": 1061655000}, {"maxAge": 1, "endDate": "2019-12-31", "totalStockholderEquity": 1030350000, "netTangibleAssets": 1030350000}, {"maxAge": 1, "endDate": "2019-09-30", "cash": 7134000, "shortTermInvestments": 393867000, "netReceivables": 20544000, "inventory": 4482000, "otherCurrentAssets": 3626000, "totalCurrentAssets": 429653000, "longTermInvestments": 131968000, "propertyPlantEquipment": 595821000, "otherAssets": 10066000, "totalAssets": 1167508000, "accountsPayable": 14599000, "otherCurrentLiab": 35425000, "otherLiab": 86324000, "totalCurrentLiabilities": 50834000, "totalLiab": 137158000, "commonStock": 55700000, "treasuryStock": 974650000, "otherStockholderEquity": 974650000, "totalStockholderEquity": 1030350000, "netTangibleAssets": 1030350000}], "maxAge": 86400}, "earningsHistory": {"history": [{"maxAge": 1, "epsActual": {}, "epsEstimate": {}, "epsDifference": {}, "surprisePercent": {}, "quarter": {}, "period": "-4q"}, {"maxAge": 1, "epsActual": {}, "epsEstimate": {}, "epsDifference": {}, "surprisePercent": {}, "quarter": {}, "period": "-3q"}, {"maxAge": 1, "epsActual": 3.14, "epsEstimate": 5.68, "epsDifference": -2.54, "surprisePercent": -0.447, "quarter": "2017-03-31", "period": "-2q"}, {"maxAge": 1, "epsActual": 1.72, "epsEstimate": 3.29, "epsDifference": -1.57, "surprisePercent": -0.477, "quarter": "2017-09-30", "period": "-1q"}], "maxAge": 86400}, "indexTrend": {"maxAge": 1, "symbol": "SP5", "peRatio": 19.7411, "pegRatio": 1.34172, "estimates": [{"period": "0q", "growth": 0.549}, {"period": "+1q", "growth": 0.431}, {"period": "0y", "growth": 0.305}, {"period": "+1y", "growth": 0.109}, {"period": "+5y", "growth": 0.120859005}, {"period": "-5y"}]}, "industryTrend": {"maxAge": 1, "symbol": null, "estimates": []}, "insiderTransactions": {"transactions": [{"maxAge": 1, "shares": 204310, "filerUrl": "", "transactionText": "", "filerName": "Pressman Realty, Ltd", "filerRelation": "Promoter", "moneyText": "", "startDate": "2019-12-18", "ownership": "D"}, {"maxAge": 1, "shares": 250000, "filerUrl": "", "transactionText": "", "filerName": "Shah (Pooja Suchanti)", "filerRelation": "UNREPORTED", "moneyText": "", "startDate": "2019-06-28", "ownership": "D"}, {"maxAge": 1, "shares": 250000, "filerUrl": "", "transactionText": "", "filerName": "Khicha (Preeti)", "filerRelation": "UNREPORTED", "moneyText": "", "startDate": "2019-06-28", "ownership": "D"}, {"maxAge": 1, "shares": 500000, "filerUrl": "", "transactionText": "", "filerName": "Suchanti (Pramina)", "filerRelation": "Promoter", "moneyText": "", "startDate": "2019-06-28", "ownership": "D"}, {"maxAge": 1, "shares": 66166, "filerUrl": "", "transactionText": "", "filerName": "Pressman Realty, Ltd", "filerRelation": "Institution- Corporation", "moneyText": "", "startDate": "2019-02-28", "ownership": "D"}, {"maxAge": 1, "shares": 57159, "filerUrl": "", "transactionText": "", "filerName": "Pressman Properties Ltd", "filerRelation": "Institution- Corporation", "moneyText": "", "startDate": "2019-02-26", "ownership": "D"}], "maxAge": 1}, "quoteType": {"exchange": "BSE", "quoteType": "EQUITY", "symbol": "SINCLAIR.BO", "underlyingSymbol": "SINCLAIR.BO", "shortName": "SINCLAIRS HOTELS LTD.", "longName": "Sinclairs Hotels Limited", "firstTradeDateEpochUtc": "2002-08-13 09:15:00", "timeZoneFullName": "Asia/Kolkata", "timeZoneShortName": "IST", "uuid": "8cd889f9-a6ff-3811-9dc6-8b18f0d2b935", "messageBoardId": null, "gmtOffSetMilliseconds": 19800000, "maxAge": 1}, "incomeStatementHistory": {"incomeStatementHistory": [{"maxAge": 1, "endDate": "2020-03-31", "totalRevenue": 454493000, "costOfRevenue": 162268000, "grossProfit": 292225000, "researchDevelopment": {}, "sellingGeneralAdministrative": 18815000, "nonRecurring": {}, "otherOperatingExpenses": 104991000, "totalOperatingExpenses": 353454000, "operatingIncome": 101039000, "totalOtherIncomeExpenseNet": 16805000, "ebit": 101039000, "interestExpense": {}, "incomeBeforeTax": 117844000, "incomeTaxExpense": 22954000, "minorityInterest": {}, "netIncomeFromContinuingOps": 94890000, "discontinuedOperations": {}, "extraordinaryItems": {}, "effectOfAccountingCharges": {}, "otherItems": {}, "netIncome": 94890000, "netIncomeApplicableToCommonShares": 94890000}, {"maxAge": 1, "endDate": "2019-03-31", "totalRevenue": 457523000, "costOfRevenue": 148182000, "grossProfit": 309341000, "researchDevelopment": {}, "sellingGeneralAdministrative": 26755000, "nonRecurring": {}, "otherOperatingExpenses": 102338000, "totalOperatingExpenses": 352534000, "operatingIncome": 104989000, "totalOtherIncomeExpenseNet": 35862000, "ebit": 104989000, "interestExpense": {}, "incomeBeforeTax": 140851000, "incomeTaxExpense": 43382000, "minorityInterest": {}, "netIncomeFromContinuingOps": 97469000, "discontinuedOperations": {}, "extraordinaryItems": {}, "effectOfAccountingCharges": {}, "otherItems": {}, "netIncome": 97469000, "netIncomeApplicableToCommonShares": 97469000}, {"maxAge": 1, "endDate": "2018-03-31", "totalRevenue": 459128000, "costOfRevenue": 147439000, "grossProfit": 311689000, "researchDevelopment": {}, "sellingGeneralAdministrative": 22990000, "nonRecurring": {}, "otherOperatingExpenses": 97878000, "totalOperatingExpenses": 341952000, "operatingIncome": 117176000, "totalOtherIncomeExpenseNet": 22334000, "ebit": 117176000, "interestExpense": {}, "incomeBeforeTax": 139510000, "incomeTaxExpense": 22131000, "minorityInterest": {}, "netIncomeFromContinuingOps": 117379000, "discontinuedOperations": {}, "extraordinaryItems": {}, "effectOfAccountingCharges": {}, "otherItems": {}, "netIncome": 117379000, "netIncomeApplicableToCommonShares": 117379000}, {"maxAge": 1, "endDate": "2017-03-31", "totalRevenue": 471055767, "costOfRevenue": 153526645, "grossProfit": 317529122, "researchDevelopment": {}, "sellingGeneralAdministrative": 21423904, "nonRecurring": {}, "otherOperatingExpenses": 94383216, "totalOperatingExpenses": 349237758, "operatingIncome": 121818009, "totalOtherIncomeExpenseNet": 21249866, "ebit": 121818009, "interestExpense": {}, "incomeBeforeTax": 143067875, "incomeTaxExpense": 50081277, "minorityInterest": {}, "netIncomeFromContinuingOps": 92986598, "discontinuedOperations": {}, "extraordinaryItems": {}, "effectOfAccountingCharges": {}, "otherItems": {}, "netIncome": 92986598, "netIncomeApplicableToCommonShares": 92986598}], "maxAge": 86400}, "fundOwnership": {"maxAge": 1, "ownershipList": []}, "summaryDetail": {"maxAge": 1, "priceHint": 2, "previousClose": 47.4, "open": 48.0, "dayLow": 46.45, "dayHigh": 49.0, "regularMarketPreviousClose": 47.4, "regularMarketOpen": 48.0, "regularMarketDayLow": 46.45, "regularMarketDayHigh": 49.0, "trailingPE": 26.76255, "forwardPE": 1.7470546, "volume": 20650, "regularMarketVolume": 20650, "averageVolume": 76352, "averageVolume10days": 28483, "averageDailyVolume10Day": 28483, "bid": 47.45, "ask": 48.0, "bidSize": 0, "askSize": 0, "marketCap": 1321482496, "fiftyTwoWeekLow": 32.1, "fiftyTwoWeekHigh": 321.0, "fiftyDayAverage": 47.486763, "twoHundredDayAverage": 43.436028, "trailingAnnualDividendRate": 0.8, "trailingAnnualDividendYield": 0.016877636, "currency": "INR", "fromCurrency": null, "toCurrency": null, "lastMarket": null, "algorithm": null, "tradeable": false}, "sectorTrend": {"maxAge": 1, "symbol": null, "estimates": []}, "incomeStatementHistoryQuarterly": {"incomeStatementHistory": [{"maxAge": 1, "endDate": "2020-06-30", "totalRevenue": 1938000, "costOfRevenue": 6162000, "grossProfit": -4224000, "researchDevelopment": {}, "sellingGeneralAdministrative": {}, "nonRecurring": {}, "otherOperatingExpenses": 6114000, "totalOperatingExpenses": 26249000, "operatingIncome": -24311000, "totalOtherIncomeExpenseNet": 28024000, "ebit": -24311000, "interestExpense": {}, "incomeBeforeTax": 3713000, "incomeTaxExpense": -1147000, "minorityInterest": {}, "netIncomeFromContinuingOps": 4860000, "discontinuedOperations": {}, "extraordinaryItems": {}, "effectOfAccountingCharges": {}, "otherItems": {}, "netIncome": 4860000, "netIncomeApplicableToCommonShares": 4860000}, {"maxAge": 1, "endDate": "2020-03-31", "totalRevenue": 94543000, "costOfRevenue": 46124000, "grossProfit": 48419000, "researchDevelopment": {}, "sellingGeneralAdministrative": 18815000, "nonRecurring": {}, "otherOperatingExpenses": 6418000, "totalOperatingExpenses": 84834000, "operatingIncome": 9709000, "totalOtherIncomeExpenseNet": -19320000, "ebit": 9709000, "interestExpense": {}, "incomeBeforeTax": -9611000, "incomeTaxExpense": -1661000, "minorityInterest": {}, "netIncomeFromContinuingOps": -7950000, "discontinuedOperations": {}, "extraordinaryItems": {}, "effectOfAccountingCharges": {}, "otherItems": {}, "netIncome": -7950000, "netIncomeApplicableToCommonShares": -7950000}, {"maxAge": 1, "endDate": "2019-12-31", "totalRevenue": 123406000, "costOfRevenue": 40569000, "grossProfit": 82837000, "researchDevelopment": {}, "sellingGeneralAdministrative": 18815000, "nonRecurring": {}, "otherOperatingExpenses": 31535000, "totalOperatingExpenses": 88256000, "operatingIncome": 35150000, "totalOtherIncomeExpenseNet": 15729000, "ebit": 35150000, "interestExpense": {}, "incomeBeforeTax": 50879000, "incomeTaxExpense": 12186000, "minorityInterest": {}, "netIncomeFromContinuingOps": 38693000, "discontinuedOperations": {}, "extraordinaryItems": {}, "effectOfAccountingCharges": {}, "otherItems": {}, "netIncome": 38693000, "netIncomeApplicableToCommonShares": 38693000}, {"maxAge": 1, "endDate": "2019-09-30", "totalRevenue": 80869000, "costOfRevenue": 35200000, "grossProfit": 45669000, "researchDevelopment": {}, "sellingGeneralAdministrative": 18815000, "nonRecurring": {}, "otherOperatingExpenses": 29190000, "totalOperatingExpenses": 83322000, "operatingIncome": -2453000, "totalOtherIncomeExpenseNet": 9650000, "ebit": -2453000, "interestExpense": {}, "incomeBeforeTax": 7197000, "incomeTaxExpense": -6938000, "minorityInterest": {}, "netIncomeFromContinuingOps": 14135000, "discontinuedOperations": {}, "extraordinaryItems": {}, "effectOfAccountingCharges": {}, "otherItems": {}, "netIncome": 14135000, "netIncomeApplicableToCommonShares": 14135000}], "maxAge": 86400}, "cashflowStatementHistoryQuarterly": {"cashflowStatements": [{"maxAge": 1, "endDate": "2020-06-30", "netIncome": 4860000, "changeToLiabilities": 0}, {"maxAge": 1, "endDate": "2020-03-31", "netIncome": -7950000, "changeToLiabilities": 0}, {"maxAge": 1, "endDate": "2019-12-31", "netIncome": 38693000, "changeToLiabilities": 0}, {"maxAge": 1, "endDate": "2019-09-30", "netIncome": 14135000, "changeToLiabilities": 0}], "maxAge": 86400}, "insiderHolders": {"holders": [{"maxAge": 1, "name": "Khicha (Preeti)", "relation": "UNREPORTED", "url": "", "transactionDescription": "Gift", "latestTransDate": "2019-06-28", "positionDirect": 250000, "positionDirectDate": "2019-06-28"}, {"maxAge": 1, "name": "Pressman Properties Ltd", "relation": "Institution- Corporation", "url": "", "transactionDescription": "Acquisition", "latestTransDate": "2019-02-26", "positionDirect": 57159, "positionDirectDate": "2019-02-26"}, {"maxAge": 1, "name": "Pressman Realty, Ltd", "relation": "Promoter", "url": "", "transactionDescription": "Acquisition", "latestTransDate": "2019-12-18", "positionDirect": 327635, "positionDirectDate": "2019-12-18"}, {"maxAge": 1, "name": "Shah (Pooja Suchanti)", "relation": "UNREPORTED", "url": "", "transactionDescription": "Gift", "latestTransDate": "2019-06-28", "positionDirect": 250000, "positionDirectDate": "2019-06-28"}, {"maxAge": 1, "name": "Suchanti (Pramina)", "relation": "Promoter", "url": "", "transactionDescription": "Gift", "latestTransDate": "2019-06-28", "positionDirect": 778522, "positionDirectDate": "2019-06-28"}], "maxAge": 1}, "earnings": {"maxAge": 86400, "earningsChart": {"quarterly": [{"date": "1Q2017", "actual": 3.14, "estimate": 5.68}, {"date": "3Q2017", "actual": 1.72, "estimate": 3.29}], "currentQuarterEstimateDate": "4Q", "currentQuarterEstimateYear": 2017, "earningsDate": []}, "financialsChart": {"yearly": [{"date": 2017, "revenue": 471055767, "earnings": 92986598}, {"date": 2018, "revenue": 459128000, "earnings": 117379000}, {"date": 2019, "revenue": 457523000, "earnings": 97469000}, {"date": 2020, "revenue": 454493000, "earnings": 94890000}], "quarterly": [{"date": "3Q2019", "revenue": 80869000, "earnings": 14135000}, {"date": "4Q2019", "revenue": 123406000, "earnings": 38693000}, {"date": "1Q2020", "revenue": 94543000, "earnings": -7950000}, {"date": "2Q2020", "revenue": 1938000, "earnings": 4860000}]}, "financialCurrency": "INR"}, "calendarEvents": {"maxAge": 1, "earnings": {"earningsDate": [], "revenueAverage": 118031000}}, "price": {"maxAge": 1, "regularMarketChangePercent": 0.0010548362, "regularMarketChange": 0.049999237, "regularMarketTime": "2021-04-30 15:40:19", "priceHint": 2, "regularMarketPrice": 47.45, "regularMarketDayHigh": 49.0, "regularMarketDayLow": 46.45, "regularMarketVolume": 20650, "averageDailyVolume10Day": 28483, "averageDailyVolume3Month": 76352, "regularMarketPreviousClose": 47.4, "regularMarketSource": "FREE_REALTIME", "regularMarketOpen": 48.0, "exchange": "BSE", "exchangeName": "BSE", "exchangeDataDelayedBy": 0, "marketState": "CLOSED", "quoteType": "EQUITY", "symbol": "SINCLAIR.BO", "underlyingSymbol": null, "shortName": "SINCLAIRS HOTELS LTD.", "longName": "Sinclairs Hotels Limited", "currency": "INR", "quoteSourceName": "Delayed Quote", "currencySymbol": "\u20b9", "fromCurrency": null, "toCurrency": null, "lastMarket": null, "marketCap": 1321482496}, "balanceSheetHistory": {"balanceSheetStatements": [{"maxAge": 1, "endDate": "2020-03-31", "cash": 3559000, "shortTermInvestments": 23024000, "netReceivables": 12268000, "inventory": 3791000, "otherCurrentAssets": 2221000, "totalCurrentAssets": 476844000, "longTermInvestments": 109338000, "propertyPlantEquipment": 580112000, "otherAssets": 25309000, "totalAssets": 1191603000, "accountsPayable": 16643000, "otherCurrentLiab": 30088000, "otherLiab": 79460000, "totalCurrentLiabilities": 50488000, "totalLiab": 129948000, "commonStock": 55700000, "retainedEarnings": 617299000, "treasuryStock": 67435000, "capitalSurplus": 321221000, "otherStockholderEquity": 67435000, "totalStockholderEquity": 1061655000, "netTangibleAssets": 1061655000}, {"maxAge": 1, "endDate": "2019-03-31", "cash": 5681000, "shortTermInvestments": 21072000, "netReceivables": 14378000, "inventory": 4215000, "otherCurrentAssets": 10694000, "totalCurrentAssets": 464605000, "longTermInvestments": 54141000, "propertyPlantEquipment": 628604000, "otherAssets": 9715000, "totalAssets": 1157065000, "accountsPayable": 15098000, "otherCurrentLiab": 29447000, "otherLiab": 98157000, "totalCurrentLiabilities": 52518000, "totalLiab": 150675000, "commonStock": 55700000, "retainedEarnings": 562034000, "treasuryStock": 67435000, "capitalSurplus": 321221000, "otherStockholderEquity": 67435000, "totalStockholderEquity": 1006390000, "netTangibleAssets": 1006390000}, {"maxAge": 1, "endDate": "2018-03-31", "cash": 10235000, "shortTermInvestments": 3550000, "netReceivables": 14768000, "inventory": 6911000, "otherCurrentAssets": 1728000, "totalCurrentAssets": 457430000, "longTermInvestments": 5427000, "propertyPlantEquipment": 604351000, "otherAssets": 8271000, "totalAssets": 1075479000, "accountsPayable": 16424000, "otherCurrentLiab": 27145000, "otherLiab": 86227000, "totalCurrentLiabilities": 53516000, "totalLiab": 139743000, "commonStock": 55700000, "retainedEarnings": 491380000, "treasuryStock": 67435000, "capitalSurplus": 321221000, "otherStockholderEquity": 67435000, "totalStockholderEquity": 935736000, "netTangibleAssets": 935736000}, {"maxAge": 1, "endDate": "2017-03-31", "cash": 2924605, "shortTermInvestments": 280144490, "netReceivables": 14562939, "inventory": 2514582, "otherCurrentAssets": 2485561, "totalCurrentAssets": 304691115, "longTermInvestments": 6451963, "propertyPlantEquipment": 661546066, "otherAssets": 10195136, "totalAssets": 982884280, "accountsPayable": 11040459, "otherCurrentLiab": 26275804, "otherLiab": 94713713, "totalCurrentLiabilities": 42062656, "totalLiab": 136776369, "commonStock": 55700000, "retainedEarnings": 401752270, "treasuryStock": 67434416, "capitalSurplus": 321221225, "otherStockholderEquity": 67434416, "totalStockholderEquity": 846107911, "netTangibleAssets": 846107911}], "maxAge": 86400}, "earningsTrend": {"trend": [{"maxAge": 1, "period": "0q", "endDate": "2017-12-31", "growth": {}, "earningsEstimate": {"avg": 0.0, "low": 0.0, "high": 0.0, "yearAgoEps": {}, "numberOfAnalysts": 0, "growth": {}}, "revenueEstimate": {"avg": 118031000, "low": 0, "high": 0, "numberOfAnalysts": 0, "yearAgoRevenue": {}, "growth": {}}, "epsTrend": {"current": 0.0, "7daysAgo": 0.0, "30daysAgo": 0.0, "60daysAgo": 0.0, "90daysAgo": 0.0}, "epsRevisions": {"upLast7days": 0, "upLast30days": 0, "downLast30days": 0, "downLast90days": {}}}, {"maxAge": 1, "period": "+1q", "endDate": "2018-03-31", "growth": {}, "earningsEstimate": {"avg": 0.0, "low": 0.0, "high": 0.0, "yearAgoEps": {}, "numberOfAnalysts": 0, "growth": {}}, "revenueEstimate": {"avg": 114982000, "low": 0, "high": 0, "numberOfAnalysts": 0, "yearAgoRevenue": 126726000, "growth": -0.093}, "epsTrend": {"current": 0.0, "7daysAgo": 0.0, "30daysAgo": 0.0, "60daysAgo": 0.0, "90daysAgo": 0.0}, "epsRevisions": {"upLast7days": 0, "upLast30days": 0, "downLast30days": 0, "downLast90days": {}}}, {"maxAge": 1, "period": "0y", "endDate": "2018-03-31", "growth": {}, "earningsEstimate": {"avg": 0.0, "low": 0.0, "high": 0.0, "yearAgoEps": {}, "numberOfAnalysts": 0, "growth": {}}, "revenueEstimate": {"avg": 481719000, "low": 564670000, "high": 564670000, "numberOfAnalysts": 1, "yearAgoRevenue": 489249000, "growth": -0.015}, "epsTrend": {"current": 0.0, "7daysAgo": 22.53, "30daysAgo": 22.53, "60daysAgo": 22.53, "90daysAgo": 22.53}, "epsRevisions": {"upLast7days": 0, "upLast30days": 0, "downLast30days": 0, "downLast90days": {}}}, {"maxAge": 1, "period": "+1y", "endDate": "2019-03-31", "growth": {}, "earningsEstimate": {"avg": 0.0, "low": 0.0, "high": 0.0, "yearAgoEps": {}, "numberOfAnalysts": 0, "growth": {}}, "revenueEstimate": {"avg": 666310000, "low": 666310000, "high": 666310000, "numberOfAnalysts": 1, "yearAgoRevenue": 481719000, "growth": 0.383}, "epsTrend": {"current": 0.0, "7daysAgo": 27.16, "30daysAgo": 27.16, "60daysAgo": 27.16, "90daysAgo": 27.16}, "epsRevisions": {"upLast7days": 0, "upLast30days": 0, "downLast30days": 0, "downLast90days": {}}}, {"maxAge": 1, "period": "+5y", "endDate": null, "growth": {}, "earningsEstimate": {"avg": {}, "low": {}, "high": {}, "yearAgoEps": {}, "numberOfAnalysts": {}, "growth": {}}, "revenueEstimate": {"avg": {}, "low": {}, "high": {}, "numberOfAnalysts": {}, "yearAgoRevenue": {}, "growth": {}}, "epsTrend": {"current": {}, "7daysAgo": {}, "30daysAgo": {}, "60daysAgo": {}, "90daysAgo": {}}, "epsRevisions": {"upLast7days": {}, "upLast30days": {}, "downLast30days": {}, "downLast90days": {}}}, {"maxAge": 1, "period": "-5y", "endDate": null, "growth": {}, "earningsEstimate": {"avg": {}, "low": {}, "high": {}, "yearAgoEps": {}, "numberOfAnalysts": {}, "growth": {}}, "revenueEstimate": {"avg": {}, "low": {}, "high": {}, "numberOfAnalysts": {}, "yearAgoRevenue": {}, "growth": {}}, "epsTrend": {"current": {}, "7daysAgo": {}, "30daysAgo": {}, "60daysAgo": {}, "90daysAgo": {}}, "epsRevisions": {"upLast7days": {}, "upLast30days": {}, "downLast30days": {}, "downLast90days": {}}}], "maxAge": 1}, "financialData": {"maxAge": 86400, "currentPrice": 47.45, "targetHighPrice": 560.0, "targetLowPrice": 560.0, "targetMeanPrice": 560.0, "targetMedianPrice": 560.0, "recommendationKey": "none", "numberOfAnalystOpinions": 1, "grossProfits": 292225000, "financialCurrency": "INR"}}}