{"SINGER.BO": {"recommendationTrend": {"trend": [{"period": "0m", "strongBuy": 0, "buy": 0, "hold": 0, "sell": 0, "strongSell": 0}, {"period": "-1m", "strongBuy": 0, "buy": 0, "hold": 0, "sell": 0, "strongSell": 0}, {"period": "-2m", "strongBuy": 0, "buy": 0, "hold": 0, "sell": 0, "strongSell": 0}, {"period": "-3m", "strongBuy": 0, "buy": 0, "hold": 0, "sell": 0, "strongSell": 0}], "maxAge": 86400}, "cashflowStatementHistory": {"cashflowStatements": [{"maxAge": 1, "endDate": "2020-03-31", "netIncome": 79756000, "depreciation": 34029000, "changeToNetincome": 28110000, "changeToAccountReceivables": 81381000, "changeToLiabilities": -24145000, "changeToInventory": -12484000, "changeToOperatingActivities": -16721000, "totalCashFromOperatingActivities": 173876000, "capitalExpenditures": -16200000, "investments": 2067000, "otherCashflowsFromInvestingActivities": 1505000, "totalCashflowsFromInvestingActivities": -13036000, "dividendsPaid": -21399000, "netBorrowings": -27188000, "otherCashflowsFromFinancingActivities": -20118000, "totalCashFromFinancingActivities": -68705000, "changeInCash": 92135000}, {"maxAge": 1, "endDate": "2019-03-31", "netIncome": 93880000, "depreciation": 8296000, "changeToNetincome": 30667000, "changeToAccountReceivables": -188003000, "changeToLiabilities": 100413000, "changeToInventory": -76268000, "changeToOperatingActivities": 15054000, "totalCashFromOperatingActivities": -12361000, "capitalExpenditures": -8916000, "investments": 5889000, "otherCashflowsFromInvestingActivities": 1861000, "totalCashflowsFromInvestingActivities": -954000, "dividendsPaid": -61773000, "netBorrowings": -515000, "otherCashflowsFromFinancingActivities": -23503000, "totalCashFromFinancingActivities": -85791000, "changeInCash": -99106000}, {"maxAge": 1, "endDate": "2018-03-31", "netIncome": 90392000, "depreciation": 9011000, "changeToNetincome": 16708000, "changeToAccountReceivables": -148707000, "changeToLiabilities": 145651000, "changeToInventory": -121024000, "changeToOperatingActivities": -45376000, "totalCashFromOperatingActivities": -50066000, "capitalExpenditures": -8576000, "investments": -3908000, "otherCashflowsFromInvestingActivities": 1899000, "totalCashflowsFromInvestingActivities": -10554000, "dividendsPaid": -37601000, "netBorrowings": 2789000, "otherCashflowsFromFinancingActivities": -12477000, "totalCashFromFinancingActivities": -47289000, "changeInCash": -107909000}, {"maxAge": 1, "endDate": "2017-03-31", "netIncome": 76243000, "depreciation": 9145000, "changeToNetincome": 9324000, "changeToAccountReceivables": -114966000, "changeToLiabilities": 101574000, "changeToInventory": -150270000, "changeToOperatingActivities": 204000, "totalCashFromOperatingActivities": -66272000, "capitalExpenditures": -11658000, "investments": 52360000, "otherCashflowsFromInvestingActivities": 5580000, "totalCashflowsFromInvestingActivities": 46308000, "dividendsPaid": -26858000, "netBorrowings": 2789000, "otherCashflowsFromFinancingActivities": -6210000, "totalCashFromFinancingActivities": -33068000, "changeInCash": -53032000}], "maxAge": 86400}, "institutionOwnership": {"maxAge": 1, "ownershipList": []}, "balanceSheetHistoryQuarterly": {"balanceSheetStatements": [{"maxAge": 1, "endDate": "2020-06-30", "totalStockholderEquity": 644239000, "netTangibleAssets": 636787000}, {"maxAge": 1, "endDate": "2020-03-31", "cash": 58050000, "shortTermInvestments": 17883000, "netReceivables": 623891000, "inventory": 747061000, "otherCurrentAssets": 55509000, "totalCurrentAssets": 1512079000, "propertyPlantEquipment": 117468000, "intangibleAssets": 7452000, "otherAssets": 39593000, "deferredLongTermAssetCharges": 25215000, "totalAssets": 1676592000, "accountsPayable": 684419000, "shortLongTermDebt": 615000, "otherCurrentLiab": 95583000, "longTermDebt": 1081000, "otherLiab": 6013000, "totalCurrentLiabilities": 1014421000, "totalLiab": 1032353000, "commonStock": 107431000, "retainedEarnings": 524558000, "capitalSurplus": 12250000, "totalStockholderEquity": 644239000, "netTangibleAssets": 636787000}, {"maxAge": 1, "endDate": "2019-12-31", "totalStockholderEquity": 595400000, "netTangibleAssets": 588200000}, {"maxAge": 1, "endDate": "2019-09-30", "cash": 46800000, "shortTermInvestments": 3000000, "netReceivables": 659500000, "inventory": 779700000, "otherCurrentAssets": 54100000, "totalCurrentAssets": 1543100000, "propertyPlantEquipment": 152800000, "intangibleAssets": 7200000, "otherAssets": 56800000, "deferredLongTermAssetCharges": 37300000, "totalAssets": 1759900000, "accountsPayable": 745100000, "otherCurrentLiab": 158300000, "longTermDebt": 1400000, "otherLiab": 7900000, "totalCurrentLiabilities": 1139600000, "totalLiab": 1164500000, "commonStock": 107400000, "treasuryStock": 488000000, "otherStockholderEquity": 488000000, "totalStockholderEquity": 595400000, "netTangibleAssets": 588200000}], "maxAge": 86400}, "earningsHistory": {"history": [{"maxAge": 1, "epsActual": {}, "epsEstimate": {}, "epsDifference": {}, "surprisePercent": {}, "quarter": {}, "period": "-4q"}, {"maxAge": 1, "epsActual": {}, "epsEstimate": {}, "epsDifference": {}, "surprisePercent": {}, "quarter": {}, "period": "-3q"}, {"maxAge": 1, "epsActual": {}, "epsEstimate": {}, "epsDifference": {}, "surprisePercent": {}, "quarter": {}, "period": "-2q"}, {"maxAge": 1, "epsActual": 0.36, "epsEstimate": 1.77, "epsDifference": -1.41, "surprisePercent": -0.797, "quarter": "2017-06-30", "period": "-1q"}], "maxAge": 86400}, "indexTrend": {"maxAge": 1, "symbol": "SP5", "peRatio": 19.7411, "pegRatio": 1.34172, "estimates": [{"period": "0q", "growth": 0.549}, {"period": "+1q", "growth": 0.431}, {"period": "0y", "growth": 0.305}, {"period": "+1y", "growth": 0.109}, {"period": "+5y", "growth": 0.120859005}, {"period": "-5y"}]}, "industryTrend": {"maxAge": 1, "symbol": null, "estimates": []}, "insiderTransactions": {"transactions": [{"maxAge": 1, "shares": 4875, "filerUrl": "", "transactionText": "", "filerName": "Singer India B V", "filerRelation": "Promoter", "moneyText": "", "startDate": "2020-03-16", "ownership": "D"}, {"maxAge": 1, "shares": 7313, "filerUrl": "", "transactionText": "", "filerName": "Singer India B V", "filerRelation": "Promoter", "moneyText": "", "startDate": "2020-03-13", "ownership": "D"}, {"maxAge": 1, "shares": 32255, "filerUrl": "", "transactionText": "", "filerName": "Singer India B V", "filerRelation": "Promoter", "moneyText": "", "startDate": "2020-03-12", "ownership": "D"}], "maxAge": 1}, "quoteType": {"exchange": "BSE", "quoteType": "EQUITY", "symbol": "SINGER.BO", "underlyingSymbol": "SINGER.BO", "shortName": "SINGER INDIA LTD.", "longName": "Singer India Limited", "firstTradeDateEpochUtc": "2002-07-01 09:15:00", "timeZoneFullName": "Asia/Kolkata", "timeZoneShortName": "IST", "uuid": "569ff165-b5cf-3de6-ada4-3d7a96fa2a4c", "messageBoardId": null, "gmtOffSetMilliseconds": 19800000, "maxAge": 1}, "incomeStatementHistory": {"incomeStatementHistory": [{"maxAge": 1, "endDate": "2020-03-31", "totalRevenue": 4511796000, "costOfRevenue": 3461730000, "grossProfit": 1050066000, "researchDevelopment": {}, "sellingGeneralAdministrative": 370874000, "nonRecurring": {}, "otherOperatingExpenses": 527527000, "totalOperatingExpenses": 4402628000, "operatingIncome": 109168000, "totalOtherIncomeExpenseNet": 14341000, "ebit": 109168000, "interestExpense": -21792000, "incomeBeforeTax": 123509000, "incomeTaxExpense": 43753000, "minorityInterest": {}, "netIncomeFromContinuingOps": 79756000, "discontinuedOperations": {}, "extraordinaryItems": {}, "effectOfAccountingCharges": {}, "otherItems": {}, "netIncome": 79756000, "netIncomeApplicableToCommonShares": 79756000}, {"maxAge": 1, "endDate": "2019-03-31", "totalRevenue": 4829851000, "costOfRevenue": 3704771000, "grossProfit": 1125080000, "researchDevelopment": {}, "sellingGeneralAdministrative": 425853000, "nonRecurring": {}, "otherOperatingExpenses": 547021000, "totalOperatingExpenses": 4690049000, "operatingIncome": 139802000, "totalOtherIncomeExpenseNet": 7140000, "ebit": 139802000, "interestExpense": -11815000, "incomeBeforeTax": 146942000, "incomeTaxExpense": 53062000, "minorityInterest": {}, "netIncomeFromContinuingOps": 93880000, "discontinuedOperations": {}, "extraordinaryItems": {}, "effectOfAccountingCharges": {}, "otherItems": {}, "netIncome": 93880000, "netIncomeApplicableToCommonShares": 93880000}, {"maxAge": 1, "endDate": "2018-03-31", "totalRevenue": 4215026000, "costOfRevenue": 3267446000, "grossProfit": 947580000, "researchDevelopment": {}, "sellingGeneralAdministrative": 363209000, "nonRecurring": {}, "otherOperatingExpenses": 453496000, "totalOperatingExpenses": 4096313000, "operatingIncome": 118713000, "totalOtherIncomeExpenseNet": 8573000, "ebit": 118713000, "interestExpense": -5645000, "incomeBeforeTax": 127286000, "incomeTaxExpense": 36894000, "minorityInterest": {}, "netIncomeFromContinuingOps": 90392000, "discontinuedOperations": {}, "extraordinaryItems": {}, "effectOfAccountingCharges": {}, "otherItems": {}, "netIncome": 90392000, "netIncomeApplicableToCommonShares": 90392000}, {"maxAge": 1, "endDate": "2017-03-31", "totalRevenue": 3685109000, "costOfRevenue": 2864492000, "grossProfit": 820617000, "researchDevelopment": {}, "sellingGeneralAdministrative": 321656000, "nonRecurring": {}, "otherOperatingExpenses": 393683000, "totalOperatingExpenses": 3590298000, "operatingIncome": 94811000, "totalOtherIncomeExpenseNet": 17736000, "ebit": 94811000, "interestExpense": -1291000, "incomeBeforeTax": 112547000, "incomeTaxExpense": 36304000, "minorityInterest": {}, "netIncomeFromContinuingOps": 76243000, "discontinuedOperations": {}, "extraordinaryItems": {}, "effectOfAccountingCharges": {}, "otherItems": {}, "netIncome": 76243000, "netIncomeApplicableToCommonShares": 76243000}], "maxAge": 86400}, "fundOwnership": {"maxAge": 1, "ownershipList": []}, "summaryDetail": {"maxAge": 1, "priceHint": 2, "previousClose": 42.9, "open": 40.5, "dayLow": 40.5, "dayHigh": 44.65, "regularMarketPreviousClose": 42.9, "regularMarketOpen": 40.5, "regularMarketDayLow": 40.5, "regularMarketDayHigh": 44.65, "trailingPE": 46.64835, "forwardPE": 3.8071752, "volume": 95434, "regularMarketVolume": 95434, "averageVolume": 114838, "averageVolume10days": 61469, "averageDailyVolume10Day": 61469, "bid": 42.3, "ask": 0.0, "bidSize": 0, "askSize": 0, "marketCap": 2280231424, "fiftyTwoWeekLow": 15.5, "fiftyTwoWeekHigh": 51.25, "fiftyDayAverage": 40.908573, "twoHundredDayAverage": 33.9073, "trailingAnnualDividendRate": 0.8, "trailingAnnualDividendYield": 0.018648019, "currency": "INR", "fromCurrency": null, "toCurrency": null, "lastMarket": null, "algorithm": null, "tradeable": false}, "sectorTrend": {"maxAge": 1, "symbol": null, "estimates": []}, "incomeStatementHistoryQuarterly": {"incomeStatementHistory": [{"maxAge": 1, "endDate": "2020-06-30", "totalRevenue": 509500000, "costOfRevenue": 388300000, "grossProfit": 121200000, "researchDevelopment": {}, "sellingGeneralAdministrative": 42600000, "nonRecurring": {}, "otherOperatingExpenses": 92000000, "totalOperatingExpenses": 530900000, "operatingIncome": -21400000, "totalOtherIncomeExpenseNet": -6300000, "ebit": -21400000, "interestExpense": -10300000, "incomeBeforeTax": -27700000, "incomeTaxExpense": -10700000, "minorityInterest": {}, "netIncomeFromContinuingOps": -17000000, "discontinuedOperations": {}, "extraordinaryItems": {}, "effectOfAccountingCharges": {}, "otherItems": {}, "netIncome": -17000000, "netIncomeApplicableToCommonShares": -17000000}, {"maxAge": 1, "endDate": "2020-03-31", "totalRevenue": 1015896000, "costOfRevenue": 807530000, "grossProfit": 208366000, "researchDevelopment": {}, "sellingGeneralAdministrative": 174174000, "nonRecurring": {}, "otherOperatingExpenses": 15027000, "totalOperatingExpenses": 1009728000, "operatingIncome": 6168000, "totalOtherIncomeExpenseNet": 6741000, "ebit": 6168000, "interestExpense": -4692000, "incomeBeforeTax": 12909000, "incomeTaxExpense": 3653000, "minorityInterest": {}, "netIncomeFromContinuingOps": 9256000, "discontinuedOperations": {}, "extraordinaryItems": {}, "effectOfAccountingCharges": {}, "otherItems": {}, "netIncome": 9256000, "netIncomeApplicableToCommonShares": 9256000}, {"maxAge": 1, "endDate": "2019-12-31", "totalRevenue": 1241900000, "costOfRevenue": 933300000, "grossProfit": 308600000, "researchDevelopment": {}, "sellingGeneralAdministrative": 66100000, "nonRecurring": {}, "otherOperatingExpenses": 166500000, "totalOperatingExpenses": 1175500000, "operatingIncome": 66400000, "totalOtherIncomeExpenseNet": -2600000, "ebit": 66400000, "interestExpense": -5500000, "incomeBeforeTax": 63800000, "incomeTaxExpense": 23200000, "minorityInterest": {}, "netIncomeFromContinuingOps": 40600000, "discontinuedOperations": {}, "extraordinaryItems": {}, "effectOfAccountingCharges": {}, "otherItems": {}, "netIncome": 40600000, "netIncomeApplicableToCommonShares": 40600000}, {"maxAge": 1, "endDate": "2019-09-30", "totalRevenue": 1016500000, "costOfRevenue": 772900000, "grossProfit": 243600000, "researchDevelopment": {}, "sellingGeneralAdministrative": 61000000, "nonRecurring": {}, "otherOperatingExpenses": 159500000, "totalOperatingExpenses": 1003500000, "operatingIncome": 13000000, "totalOtherIncomeExpenseNet": 11500000, "ebit": 13000000, "interestExpense": -5900000, "incomeBeforeTax": 24500000, "incomeTaxExpense": 8900000, "minorityInterest": {}, "netIncomeFromContinuingOps": 15600000, "discontinuedOperations": {}, "extraordinaryItems": {}, "effectOfAccountingCharges": {}, "otherItems": {}, "netIncome": 15600000, "netIncomeApplicableToCommonShares": 15600000}], "maxAge": 86400}, "cashflowStatementHistoryQuarterly": {"cashflowStatements": [{"maxAge": 1, "endDate": "2020-06-30", "netIncome": -17000000, "changeToLiabilities": 0}, {"maxAge": 1, "endDate": "2020-03-31", "netIncome": 9256000, "changeToLiabilities": 0}, {"maxAge": 1, "endDate": "2019-12-31", "netIncome": 40600000, "changeToLiabilities": 0}, {"maxAge": 1, "endDate": "2019-09-30", "netIncome": 15600000, "changeToLiabilities": 0}], "maxAge": 86400}, "insiderHolders": {"holders": [{"maxAge": 1, "name": "Singer India B V", "relation": "Promoter", "url": "", "transactionDescription": "Sale", "latestTransDate": "2020-03-16", "positionDirect": 31686224, "positionDirectDate": "2020-03-16"}], "maxAge": 1}, "earnings": {"maxAge": 86400, "earningsChart": {"quarterly": [{"date": "2Q2017", "actual": 0.36, "estimate": 1.77}], "currentQuarterEstimateDate": "3Q", "currentQuarterEstimateYear": 2017, "earningsDate": ["2020-08-14 05:30:S"]}, "financialsChart": {"yearly": [{"date": 2017, "revenue": 3685109000, "earnings": 76243000}, {"date": 2018, "revenue": 4215026000, "earnings": 90392000}, {"date": 2019, "revenue": 4829851000, "earnings": 93880000}, {"date": 2020, "revenue": 4511796000, "earnings": 79756000}], "quarterly": [{"date": "3Q2019", "revenue": 1016500000, "earnings": 15600000}, {"date": "4Q2019", "revenue": 1241900000, "earnings": 40600000}, {"date": "1Q2020", "revenue": 1015896000, "earnings": 9256000}, {"date": "2Q2020", "revenue": 509500000, "earnings": -17000000}]}, "financialCurrency": "INR"}, "calendarEvents": {"maxAge": 1, "earnings": {"earningsDate": ["2020-08-14 05:30:S"], "revenueAverage": 969900000}}, "price": {"maxAge": 1, "regularMarketChangePercent": -0.010489528, "regularMarketChange": -0.45000076, "regularMarketTime": "2021-04-30 15:44:22", "priceHint": 2, "regularMarketPrice": 42.45, "regularMarketDayHigh": 44.65, "regularMarketDayLow": 40.5, "regularMarketVolume": 95434, "averageDailyVolume10Day": 61469, "averageDailyVolume3Month": 114838, "regularMarketPreviousClose": 42.9, "regularMarketSource": "FREE_REALTIME", "regularMarketOpen": 40.5, "exchange": "BSE", "exchangeName": "BSE", "exchangeDataDelayedBy": 0, "marketState": "CLOSED", "quoteType": "EQUITY", "symbol": "SINGER.BO", "underlyingSymbol": null, "shortName": "SINGER INDIA LTD.", "longName": "Singer India Limited", "currency": "INR", "quoteSourceName": "Delayed Quote", "currencySymbol": "\u20b9", "fromCurrency": null, "toCurrency": null, "lastMarket": null, "marketCap": 2280231424}, "balanceSheetHistory": {"balanceSheetStatements": [{"maxAge": 1, "endDate": "2020-03-31", "cash": 58050000, "shortTermInvestments": 17883000, "netReceivables": 623891000, "inventory": 747061000, "otherCurrentAssets": 55509000, "totalCurrentAssets": 1512079000, "propertyPlantEquipment": 117468000, "intangibleAssets": 7452000, "otherAssets": 39593000, "deferredLongTermAssetCharges": 25215000, "totalAssets": 1676592000, "accountsPayable": 684419000, "shortLongTermDebt": 615000, "otherCurrentLiab": 95583000, "longTermDebt": 1081000, "otherLiab": 6013000, "totalCurrentLiabilities": 1014421000, "totalLiab": 1032353000, "commonStock": 107431000, "retainedEarnings": 524558000, "capitalSurplus": 12250000, "totalStockholderEquity": 644239000, "netTangibleAssets": 636787000}, {"maxAge": 1, "endDate": "2019-03-31", "cash": 22054000, "shortTermInvestments": 19941000, "netReceivables": 694461000, "inventory": 737863000, "otherCurrentAssets": 28495000, "totalCurrentAssets": 1507976000, "propertyPlantEquipment": 110749000, "intangibleAssets": 7596000, "otherAssets": 60794000, "deferredLongTermAssetCharges": 45883000, "totalAssets": 1687115000, "accountsPayable": 696212000, "shortLongTermDebt": 523000, "otherCurrentLiab": 93220000, "longTermDebt": 1751000, "otherLiab": 15217000, "totalCurrentLiabilities": 1078219000, "totalLiab": 1095187000, "commonStock": 107431000, "retainedEarnings": 472247000, "capitalSurplus": 12250000, "totalStockholderEquity": 591928000, "netTangibleAssets": 584332000}, {"maxAge": 1, "endDate": "2018-03-31", "cash": 38100000, "shortTermInvestments": 22826000, "netReceivables": 530756000, "inventory": 662314000, "otherCurrentAssets": 33753000, "totalCurrentAssets": 1293442000, "longTermInvestments": 89000, "propertyPlantEquipment": 113241000, "intangibleAssets": 7691000, "otherAssets": 76286000, "deferredLongTermAssetCharges": 65960000, "totalAssets": 1490749000, "accountsPayable": 606802000, "shortLongTermDebt": 524000, "otherCurrentLiab": 100328000, "longTermDebt": 2265000, "otherLiab": 14767000, "totalCurrentLiabilities": 900435000, "totalLiab": 917467000, "commonStock": 107431000, "retainedEarnings": 453601000, "capitalSurplus": 12250000, "totalStockholderEquity": 573282000, "netTangibleAssets": 565591000}, {"maxAge": 1, "endDate": "2017-03-31", "cash": 39651000, "shortTermInvestments": 7151000, "netReceivables": 345136000, "inventory": 541927000, "otherCurrentAssets": 30172000, "totalCurrentAssets": 969127000, "propertyPlantEquipment": 116122000, "intangibleAssets": 7864000, "otherAssets": 86403000, "deferredLongTermAssetCharges": 74034000, "totalAssets": 1179516000, "accountsPayable": 448802000, "otherCurrentLiab": 85421000, "otherLiab": 13673000, "deferredLongTermLiab": 2880000, "totalCurrentLiabilities": 637836000, "totalLiab": 651509000, "commonStock": 107431000, "retainedEarnings": 408326000, "capitalSurplus": 12250000, "totalStockholderEquity": 528007000, "netTangibleAssets": 520143000}], "maxAge": 86400}, "earningsTrend": {"trend": [{"maxAge": 1, "period": "0q", "endDate": "2017-09-30", "growth": {}, "earningsEstimate": {"avg": 0.0, "low": 0.0, "high": 0.0, "yearAgoEps": {}, "numberOfAnalysts": 0, "growth": {}}, "revenueEstimate": {"avg": 969900000, "low": 0, "high": 0, "numberOfAnalysts": 0, "yearAgoRevenue": {}, "growth": {}}, "epsTrend": {"current": 0.0, "7daysAgo": 0.0, "30daysAgo": 0.0, "60daysAgo": 0.0, "90daysAgo": 0.0}, "epsRevisions": {"upLast7days": 0, "upLast30days": 0, "downLast30days": 0, "downLast90days": {}}}, {"maxAge": 1, "period": "+1q", "endDate": "2017-12-31", "growth": {}, "earningsEstimate": {"avg": 0.0, "low": 0.0, "high": 0.0, "yearAgoEps": {}, "numberOfAnalysts": 0, "growth": {}}, "revenueEstimate": {"avg": 1185100000, "low": 0, "high": 0, "numberOfAnalysts": 0, "yearAgoRevenue": {}, "growth": {}}, "epsTrend": {"current": 0.0, "7daysAgo": 0.0, "30daysAgo": 0.0, "60daysAgo": 0.0, "90daysAgo": 0.0}, "epsRevisions": {"upLast7days": 0, "upLast30days": 0, "downLast30days": 0, "downLast90days": {}}}, {"maxAge": 1, "period": "0y", "endDate": "2018-03-31", "growth": {}, "earningsEstimate": {"avg": 0.0, "low": 0.0, "high": 0.0, "yearAgoEps": {}, "numberOfAnalysts": 0, "growth": {}}, "revenueEstimate": {"avg": 4228900000, "low": 4406240000, "high": 4406240000, "numberOfAnalysts": 1, "yearAgoRevenue": {}, "growth": {}}, "epsTrend": {"current": 0.0, "7daysAgo": 9.36, "30daysAgo": 9.36, "60daysAgo": 9.36, "90daysAgo": 9.36}, "epsRevisions": {"upLast7days": 0, "upLast30days": 0, "downLast30days": 0, "downLast90days": {}}}, {"maxAge": 1, "period": "+1y", "endDate": "2019-03-31", "growth": {}, "earningsEstimate": {"avg": 0.0, "low": 0.0, "high": 0.0, "yearAgoEps": {}, "numberOfAnalysts": 0, "growth": {}}, "revenueEstimate": {"avg": 5111240000, "low": 5111240000, "high": 5111240000, "numberOfAnalysts": 1, "yearAgoRevenue": 4228900000, "growth": 0.20899999}, "epsTrend": {"current": 0.0, "7daysAgo": 11.15, "30daysAgo": 11.15, "60daysAgo": 11.15, "90daysAgo": 11.15}, "epsRevisions": {"upLast7days": 0, "upLast30days": 0, "downLast30days": 0, "downLast90days": {}}}, {"maxAge": 1, "period": "+5y", "endDate": null, "growth": {}, "earningsEstimate": {"avg": {}, "low": {}, "high": {}, "yearAgoEps": {}, "numberOfAnalysts": {}, "growth": {}}, "revenueEstimate": {"avg": {}, "low": {}, "high": {}, "numberOfAnalysts": {}, "yearAgoRevenue": {}, "growth": {}}, "epsTrend": {"current": {}, "7daysAgo": {}, "30daysAgo": {}, "60daysAgo": {}, "90daysAgo": {}}, "epsRevisions": {"upLast7days": {}, "upLast30days": {}, "downLast30days": {}, "downLast90days": {}}}, {"maxAge": 1, "period": "-5y", "endDate": null, "growth": {}, "earningsEstimate": {"avg": {}, "low": {}, "high": {}, "yearAgoEps": {}, "numberOfAnalysts": {}, "growth": {}}, "revenueEstimate": {"avg": {}, "low": {}, "high": {}, "numberOfAnalysts": {}, "yearAgoRevenue": {}, "growth": {}}, "epsTrend": {"current": {}, "7daysAgo": {}, "30daysAgo": {}, "60daysAgo": {}, "90daysAgo": {}}, "epsRevisions": {"upLast7days": {}, "upLast30days": {}, "downLast30days": {}, "downLast90days": {}}}], "maxAge": 1}, "financialData": {"maxAge": 86400, "currentPrice": 42.45, "targetHighPrice": 160.0, "targetLowPrice": 160.0, "targetMeanPrice": 160.0, "targetMedianPrice": 160.0, "recommendationKey": "none", "numberOfAnalystOpinions": 1, "grossProfits": 1050066000, "financialCurrency": "INR"}}}