{"SINTERCOM.NS": {"assetProfile": {"address1": "Gat No. 127", "address2": "At Post Mangrul Tal-Maval Talegaon Dabhade", "city": "Pune", "zip": "410507", "country": "India", "phone": "91 20 4852 2679", "fax": "91 20 4852 2698", "website": "http://www.sintercom.co.in", "industry": "Auto Parts", "sector": "Consumer Cyclical", "longBusinessSummary": "Sintercom India Limited manufactures and sells sintered metal components and auto components for various automobile applications primarily in India. The company offers engine components, including drive gears, chain sprockets, belt pulleys, and engine shaft bearing caps; transmissions components, such as synchroniser hubs, dog rings, and drive-train gears for 2-wheeler and 4-wheeler automobile platforms; and components of exhaust systems, sensor bosses, and sensor parts for various vehicle platforms. It also provides components in automotive auxiliary applications, helical pulleys for electric power steering applications, and high precision components for actuators; soft magnetic composite components and assemblies for applications in electric motors; and powder metal components for sensors. In addition, the company offers crankshaft bearing journals, transmission gears, and synchro hubs, as well as ABS rings and sensor hego bosses and flanges. It primarily serves original equipment manufacturers. Sintercom India Limited was founded in 2007 and is based in Pune, India.", "fullTimeEmployees": 99, "companyOfficers": [{"maxAge": 1, "name": "Mr. Jignesh  Raval", "age": 49, "title": "MD & Director", "yearBorn": 1971, "fiscalYear": 2020, "totalPay": 14264836, "exercisedValue": 0, "unexercisedValue": 0}, {"maxAge": 1, "name": "Mr. Pankaj  Bhatawadekar", "age": 39, "title": "Chief Financial Officer", "yearBorn": 1981, "exercisedValue": 0, "unexercisedValue": 0}, {"maxAge": 1, "name": "Mr. Nikhil  Chavan", "age": 34, "title": "Head Operations", "yearBorn": 1986, "exercisedValue": 0, "unexercisedValue": 0}, {"maxAge": 1, "name": "Ms. Anuja  Joshi", "age": 31, "title": "Company Sec. & Compliance Officer", "yearBorn": 1989, "exercisedValue": 0, "unexercisedValue": 0}, {"maxAge": 1, "name": "Mr. Samir  Gupta", "title": "Head Sales & Marketing", "exercisedValue": 0, "unexercisedValue": 0}, {"maxAge": 1, "name": "Mr. Sachin  Gunjal", "age": 37, "title": "Head - Manufacturing", "yearBorn": 1983, "exercisedValue": 0, "unexercisedValue": 0}, {"maxAge": 1, "name": "Mr. Swpanil  Phand", "title": "Head Research Devel. & Engineering", "exercisedValue": 0, "unexercisedValue": 0}], "compensationAsOfEpochDate": "2020-12-31 05:30:00", "maxAge": 86400}, "cashflowStatementHistory": {"cashflowStatements": [{"maxAge": 1, "endDate": "2020-03-31", "netIncome": -28502971, "depreciation": 68097746, "changeToNetincome": 36882501, "changeToAccountReceivables": 60929848, "changeToLiabilities": 0, "changeToInventory": -13671261, "changeToOperatingActivities": 1792381, "totalCashFromOperatingActivities": 125528244, "capitalExpenditures": -84101426, "otherCashflowsFromInvestingActivities": -3792813, "totalCashflowsFromInvestingActivities": -87894239, "netBorrowings": -729634, "otherCashflowsFromFinancingActivities": -37792196, "totalCashFromFinancingActivities": -38521830, "changeInCash": -887824}, {"maxAge": 1, "endDate": "2019-03-31", "netIncome": 54992620, "depreciation": 70016409, "changeToNetincome": 34642819, "changeToAccountReceivables": -60959822, "changeToLiabilities": 0, "changeToInventory": -48827098, "changeToOperatingActivities": 162032566, "totalCashFromOperatingActivities": 211897494, "capitalExpenditures": -256723081, "otherCashflowsFromInvestingActivities": 2962151, "totalCashflowsFromInvestingActivities": -253760930, "netBorrowings": -47053056, "otherCashflowsFromFinancingActivities": -63723038, "totalCashFromFinancingActivities": -110776094, "changeInCash": -152639531}, {"maxAge": 1, "endDate": "2018-03-31", "netIncome": 54541803, "depreciation": 60214855, "changeToNetincome": 50705182, "changeToAccountReceivables": -63802555, "changeToLiabilities": 0, "changeToInventory": 1332427, "changeToOperatingActivities": 20050912, "totalCashFromOperatingActivities": 123042624, "capitalExpenditures": -87044964, "otherCashflowsFromInvestingActivities": -73499011, "totalCashflowsFromInvestingActivities": -160543975, "netBorrowings": -97320700, "otherCashflowsFromFinancingActivities": -53757053, "totalCashFromFinancingActivities": 184962247, "changeInCash": 147460896, "issuanceOfStock": 336040000}, {"maxAge": 1, "endDate": "2017-03-31", "netIncome": 12659398, "depreciation": 56012656, "changeToNetincome": 58454652, "changeToAccountReceivables": 34216875, "changeToLiabilities": 0, "changeToInventory": -5558222, "changeToOperatingActivities": -39930931, "totalCashFromOperatingActivities": 115854428, "capitalExpenditures": -35407889, "otherCashflowsFromInvestingActivities": 1944609, "totalCashflowsFromInvestingActivities": -33463280, "netBorrowings": -20566434, "otherCashflowsFromFinancingActivities": -60414278, "totalCashFromFinancingActivities": -80980712, "changeInCash": 1410436, "issuanceOfStock": 336040000}], "maxAge": 86400}, "institutionOwnership": {"ownershipList": [], "maxAge": 1}, "majorHoldersBreakdown": {"maxAge": 1}, "balanceSheetHistoryQuarterly": {"balanceSheetStatements": [{"maxAge": 1, "endDate": "2020-12-31", "totalStockholderEquity": 820352879, "netTangibleAssets": 654216215}, {"maxAge": 1, "endDate": "2020-09-30", "cash": 15815511, "netReceivables": 217338917, "inventory": 161415645, "otherCurrentAssets": 70555778, "totalCurrentAssets": 465125851, "propertyPlantEquipment": 770446392, "intangibleAssets": 166136664, "otherAssets": 69296718, "totalAssets": 1471005625, "accountsPayable": 107462430, "otherCurrentLiab": 202638508, "longTermDebt": 152071115, "otherLiab": 58291092, "totalCurrentLiabilities": 440290539, "totalLiab": 650652746, "commonStock": 242028220, "treasuryStock": 578324659, "otherStockholderEquity": 578324659, "totalStockholderEquity": 820352879, "netTangibleAssets": 654216215}, {"maxAge": 1, "endDate": "2020-06-30", "totalStockholderEquity": 861854891, "netTangibleAssets": 736424530}, {"maxAge": 1, "endDate": "2020-03-31", "cash": 7899709, "netReceivables": 187137593, "inventory": 158331091, "otherCurrentAssets": 88085952, "totalCurrentAssets": 441454345, "propertyPlantEquipment": 838044609, "intangibleAssets": 125430361, "otherAssets": 69350041, "totalAssets": 1474279356, "accountsPayable": 146261137, "otherCurrentLiab": 153340302, "longTermDebt": 119088952, "otherLiab": 73214519, "totalCurrentLiabilities": 420120994, "totalLiab": 612424465, "commonStock": 242028220, "treasuryStock": 619826671, "otherStockholderEquity": 619826671, "totalStockholderEquity": 861854891, "netTangibleAssets": 736424530}], "maxAge": 86400}, "indexTrend": {"maxAge": 1, "symbol": "SP5", "peRatio": 19.7411, "pegRatio": 1.34172, "estimates": [{"period": "0q", "growth": 0.549}, {"period": "+1q", "growth": 0.431}, {"period": "0y", "growth": 0.305}, {"period": "+1y", "growth": 0.109}, {"period": "+5y", "growth": 0.120865}, {"period": "-5y"}]}, "defaultKeyStatistics": {"maxAge": 1, "priceHint": 2, "enterpriseValue": 2139498496, "profitMargins": -0.15239, "floatShares": 5603318, "sharesOutstanding": 24202800, "beta": 1.568762, "category": null, "bookValue": 32.623, "priceToBook": 2.2989914, "fundFamily": null, "legalType": null, "lastFiscalYearEnd": "2020-03-31 05:30:00", "nextFiscalYearEnd": "2022-03-31 05:30:00", "mostRecentQuarter": "2020-12-31 05:30:00", "netIncomeToCommon": -60885268, "trailingEps": -2.49, "lastSplitFactor": null, "enterpriseToRevenue": 5.355, "enterpriseToEbitda": 109.844}, "summaryProfile": {"address1": "Gat No. 127", "address2": "At Post Mangrul Tal-Maval Talegaon Dabhade", "city": "Pune", "zip": "410507", "country": "India", "phone": "91 20 4852 2679", "fax": "91 20 4852 2698", "website": "http://www.sintercom.co.in", "industry": "Auto Parts", "sector": "Consumer Cyclical", "longBusinessSummary": "Sintercom India Limited manufactures and sells sintered metal components and auto components for various automobile applications primarily in India. The company offers engine components, including drive gears, chain sprockets, belt pulleys, and engine shaft bearing caps; transmissions components, such as synchroniser hubs, dog rings, and drive-train gears for 2-wheeler and 4-wheeler automobile platforms; and components of exhaust systems, sensor bosses, and sensor parts for various vehicle platforms. It also provides components in automotive auxiliary applications, helical pulleys for electric power steering applications, and high precision components for actuators; soft magnetic composite components and assemblies for applications in electric motors; and powder metal components for sensors. In addition, the company offers crankshaft bearing journals, transmission gears, and synchro hubs, as well as ABS rings and sensor hego bosses and flanges. It primarily serves original equipment manufacturers. Sintercom India Limited was founded in 2007 and is based in Pune, India.", "fullTimeEmployees": 99, "companyOfficers": [], "maxAge": 86400}, "netSharePurchaseActivity": {"maxAge": 1, "period": "6m", "buyInfoCount": 0, "buyInfoShares": 0, "sellInfoCount": 0, "netInfoCount": 0, "netInfoShares": 0, "totalInsiderShares": 0}, "quoteType": {"exchange": "NSI", "quoteType": "EQUITY", "symbol": "SINTERCOM.NS", "underlyingSymbol": "SINTERCOM.NS", "shortName": "Sintercom India Limited", "longName": "Sintercom India Limited", "firstTradeDateEpochUtc": "2018-02-15 09:15:00", "timeZoneFullName": "Asia/Kolkata", "timeZoneShortName": "IST", "uuid": "9229a9e5-e0e4-3034-b5d4-2a47ec0ad41b", "gmtOffSetMilliseconds": 19800000, "maxAge": 1}, "incomeStatementHistory": {"incomeStatementHistory": [{"maxAge": 1, "endDate": "2020-03-31", "totalRevenue": 535232499, "costOfRevenue": 292178881, "grossProfit": 243053618, "researchDevelopment": {}, "sellingGeneralAdministrative": 61540755, "nonRecurring": {}, "otherOperatingExpenses": 107091027, "totalOperatingExpenses": 528908409, "operatingIncome": 6324090, "totalOtherIncomeExpenseNet": -40399680, "ebit": 6324090, "interestExpense": -26338338, "incomeBeforeTax": -34075590, "incomeTaxExpense": -5572619, "minorityInterest": {}, "netIncomeFromContinuingOps": -28502971, "discontinuedOperations": {}, "extraordinaryItems": {}, "effectOfAccountingCharges": {}, "otherItems": {}, "netIncome": -28502971, "netIncomeApplicableToCommonShares": -28502971}, {"maxAge": 1, "endDate": "2019-03-31", "totalRevenue": 827372600, "costOfRevenue": 424318891, "grossProfit": 403053709, "researchDevelopment": {}, "sellingGeneralAdministrative": 68375371, "nonRecurring": {}, "otherOperatingExpenses": 149051859, "totalOperatingExpenses": 711762530, "operatingIncome": 115610070, "totalOtherIncomeExpenseNet": -39221930, "ebit": 115610070, "interestExpense": -28770547, "incomeBeforeTax": 76388140, "incomeTaxExpense": 21395520, "minorityInterest": {}, "netIncomeFromContinuingOps": 54992620, "discontinuedOperations": {}, "extraordinaryItems": {}, "effectOfAccountingCharges": {}, "otherItems": {}, "netIncome": 54992620, "netIncomeApplicableToCommonShares": 54992620}, {"maxAge": 1, "endDate": "2018-03-31", "totalRevenue": 742933252, "costOfRevenue": 370075258, "grossProfit": 372857994, "researchDevelopment": {}, "sellingGeneralAdministrative": 64198946, "nonRecurring": {}, "otherOperatingExpenses": 130415431, "totalOperatingExpenses": 624904490, "operatingIncome": 118028762, "totalOtherIncomeExpenseNet": -52077757, "ebit": 118028762, "interestExpense": -36014364, "incomeBeforeTax": 65951005, "incomeTaxExpense": 11409202, "minorityInterest": {}, "netIncomeFromContinuingOps": 54541803, "discontinuedOperations": {}, "extraordinaryItems": {}, "effectOfAccountingCharges": {}, "otherItems": {}, "netIncome": 54541803, "netIncomeApplicableToCommonShares": 54541803}, {"maxAge": 1, "endDate": "2017-03-31", "totalRevenue": 653392688, "costOfRevenue": 193018271, "grossProfit": 460374417, "researchDevelopment": {}, "sellingGeneralAdministrative": 60563812, "nonRecurring": {}, "otherOperatingExpenses": 267580289, "totalOperatingExpenses": 577160009, "operatingIncome": 76232679, "totalOtherIncomeExpenseNet": -54865959, "ebit": 76232679, "interestExpense": -42224634, "incomeBeforeTax": 21366720, "incomeTaxExpense": 8707322, "minorityInterest": {}, "netIncomeFromContinuingOps": 12659398, "discontinuedOperations": {}, "extraordinaryItems": {}, "effectOfAccountingCharges": {}, "otherItems": {}, "netIncome": 12659398, "netIncomeApplicableToCommonShares": 12659398}], "maxAge": 86400}, "fundOwnership": {"ownershipList": [], "maxAge": 1}, "summaryDetail": {"maxAge": 1, "priceHint": 2, "previousClose": 74.75, "open": 75.45, "dayLow": 72.75, "dayHigh": 76.0, "regularMarketPreviousClose": 74.75, "regularMarketOpen": 75.45, "regularMarketDayLow": 72.75, "regularMarketDayHigh": 76.0, "payoutRatio": 0.0, "beta": 1.568762, "volume": 2801, "regularMarketVolume": 2801, "averageVolume": 0, "averageVolume10days": 0, "averageDailyVolume10Day": 0, "bid": 0.0, "ask": 0.0, "marketCap": 1815209984, "fiftyTwoWeekLow": 36.0, "fiftyTwoWeekHigh": 83.0, "priceToSalesTrailing12Months": 4.5434084, "fiftyDayAverage": 82.5, "twoHundredDayAverage": 81.968704, "currency": "INR", "fromCurrency": null, "lastMarket": null, "algorithm": null, "tradeable": false}, "incomeStatementHistoryQuarterly": {"incomeStatementHistory": [{"maxAge": 1, "endDate": "2020-12-31", "totalRevenue": 154207212, "costOfRevenue": 88648025, "grossProfit": 65559187, "researchDevelopment": {}, "sellingGeneralAdministrative": 17170221, "nonRecurring": {}, "otherOperatingExpenses": 28848289, "totalOperatingExpenses": 151128892, "operatingIncome": 3078320, "totalOtherIncomeExpenseNet": -9959476, "ebit": 3078320, "interestExpense": -11204978, "incomeBeforeTax": -6881156, "incomeTaxExpense": -1885330, "minorityInterest": {}, "netIncomeFromContinuingOps": -4995826, "discontinuedOperations": {}, "extraordinaryItems": {}, "effectOfAccountingCharges": {}, "otherItems": {}, "netIncome": -4995826, "netIncomeApplicableToCommonShares": -4995826}, {"maxAge": 1, "endDate": "2020-09-30", "totalRevenue": 115310701, "costOfRevenue": 66969163, "grossProfit": 48341538, "researchDevelopment": {}, "sellingGeneralAdministrative": 12624268, "nonRecurring": {}, "otherOperatingExpenses": 21300498, "totalOperatingExpenses": 116212487, "operatingIncome": -901786, "totalOtherIncomeExpenseNet": -9722734, "ebit": -901786, "interestExpense": -9999313, "incomeBeforeTax": -10624520, "incomeTaxExpense": -2829204, "minorityInterest": {}, "netIncomeFromContinuingOps": -7795316, "discontinuedOperations": {}, "extraordinaryItems": {}, "effectOfAccountingCharges": {}, "otherItems": {}, "netIncome": -7795316, "netIncomeApplicableToCommonShares": -7795316}, {"maxAge": 1, "endDate": "2020-06-30", "totalRevenue": 69608967, "costOfRevenue": 44921193, "grossProfit": 24687774, "researchDevelopment": {}, "sellingGeneralAdministrative": 13380784, "nonRecurring": {}, "otherOperatingExpenses": 15770735, "totalOperatingExpenses": 89209964, "operatingIncome": -19600997, "totalOtherIncomeExpenseNet": -8882770, "ebit": -19600997, "interestExpense": -9044476, "incomeBeforeTax": -28483767, "incomeTaxExpense": -7577666, "minorityInterest": {}, "netIncomeFromContinuingOps": -20906102, "discontinuedOperations": {}, "extraordinaryItems": {}, "effectOfAccountingCharges": {}, "otherItems": {}, "netIncome": -20906102, "netIncomeApplicableToCommonShares": -20906102}, {"maxAge": 1, "endDate": "2020-03-31", "totalRevenue": 247687936, "costOfRevenue": 139528650, "grossProfit": 108159286, "researchDevelopment": {}, "sellingGeneralAdministrative": 32672601, "nonRecurring": {}, "otherOperatingExpenses": 61555704, "totalOperatingExpenses": 267995297, "operatingIncome": -20307361, "totalOtherIncomeExpenseNet": -18721037, "ebit": -20307361, "interestExpense": -19160399, "incomeBeforeTax": -39028398, "incomeTaxExpense": -7625038, "minorityInterest": {}, "netIncomeFromContinuingOps": -31403360, "discontinuedOperations": {}, "extraordinaryItems": {}, "effectOfAccountingCharges": {}, "otherItems": {}, "netIncome": -31403360, "netIncomeApplicableToCommonShares": -31403360}], "maxAge": 86400}, "cashflowStatementHistoryQuarterly": {"cashflowStatements": [{"maxAge": 1, "endDate": "2020-12-31", "netIncome": -4995826, "changeToLiabilities": 0}, {"maxAge": 1, "endDate": "2020-09-30", "netIncome": -7795316, "depreciation": 15137253, "changeToNetincome": 9037865, "changeToAccountReceivables": -13808612, "changeToLiabilities": 0, "changeToInventory": -1542277, "changeToOperatingActivities": 5451801, "totalCashFromOperatingActivities": -6630072, "capitalExpenditures": -1691296, "otherCashflowsFromInvestingActivities": 188367, "totalCashflowsFromInvestingActivities": -1502929, "netBorrowings": 21135378, "otherCashflowsFromFinancingActivities": -9044476, "totalCashFromFinancingActivities": 12090903, "changeInCash": 3957902}, {"maxAge": 1, "endDate": "2020-06-30", "netIncome": -20906102, "depreciation": 15137253, "changeToNetincome": 9037865, "changeToAccountReceivables": -13808612, "changeToLiabilities": 0, "changeToInventory": -1542277, "changeToOperatingActivities": 5451801, "totalCashFromOperatingActivities": -6630072, "capitalExpenditures": -1691296, "otherCashflowsFromInvestingActivities": 188367, "totalCashflowsFromInvestingActivities": -1502929, "netBorrowings": 21135378, "otherCashflowsFromFinancingActivities": -9044476, "totalCashFromFinancingActivities": 12090903, "changeInCash": 3957902}, {"maxAge": 1, "endDate": "2020-03-31", "netIncome": -31403360, "depreciation": 15137253, "changeToNetincome": 9037865, "changeToAccountReceivables": -13808612, "changeToLiabilities": 0, "changeToInventory": -1542277, "changeToOperatingActivities": 5451801, "totalCashFromOperatingActivities": -6630072, "capitalExpenditures": -1691296, "otherCashflowsFromInvestingActivities": 188367, "totalCashflowsFromInvestingActivities": -1502929, "netBorrowings": 21135378, "otherCashflowsFromFinancingActivities": -9044476, "totalCashFromFinancingActivities": 12090903, "changeInCash": 3957902}], "maxAge": 86400}, "insiderHolders": {"holders": [], "maxAge": 1}, "calendarEvents": {"maxAge": 1, "earnings": {"earningsDate": []}}, "upgradeDowngradeHistory": {"history": [], "maxAge": 86400}, "price": {"maxAge": 1, "regularMarketChangePercent": 0.0033444816, "regularMarketChange": 0.25, "regularMarketTime": "2021-04-30 15:28:50", "priceHint": 2, "regularMarketPrice": 75.0, "regularMarketDayHigh": 76.0, "regularMarketDayLow": 72.75, "regularMarketVolume": 2801, "averageDailyVolume10Day": 0, "averageDailyVolume3Month": 0, "regularMarketPreviousClose": 74.75, "regularMarketSource": "FREE_REALTIME", "regularMarketOpen": 75.45, "exchange": "NSI", "exchangeName": "NSE", "exchangeDataDelayedBy": 15, "marketState": "CLOSED", "quoteType": "EQUITY", "symbol": "SINTERCOM.NS", "underlyingSymbol": null, "shortName": "Sintercom India Limited", "longName": "Sintercom India Limited", "currency": "INR", "quoteSourceName": "Delayed Quote", "currencySymbol": "\u20b9", "fromCurrency": null, "lastMarket": null, "marketCap": 1815209984}, "balanceSheetHistory": {"balanceSheetStatements": [{"maxAge": 1, "endDate": "2020-03-31", "cash": 7899709, "netReceivables": 252650581, "inventory": 158331091, "otherCurrentAssets": 22572964, "totalCurrentAssets": 441454345, "propertyPlantEquipment": 838044609, "intangibleAssets": 125430361, "otherAssets": 69350041, "totalAssets": 1474279356, "accountsPayable": 146261137, "shortLongTermDebt": 41961518, "otherCurrentLiab": 85921439, "longTermDebt": 119088952, "otherLiab": 73214519, "totalCurrentLiabilities": 420120994, "totalLiab": 612424465, "commonStock": 242028220, "retainedEarnings": 85710783, "treasuryStock": 80000000, "capitalSurplus": 454115888, "otherStockholderEquity": 80000000, "totalStockholderEquity": 861854891, "netTangibleAssets": 736424530}, {"maxAge": 1, "endDate": "2019-03-31", "cash": 8787533, "netReceivables": 307533544, "inventory": 144659830, "otherCurrentAssets": 25871619, "totalCurrentAssets": 486852526, "propertyPlantEquipment": 858844132, "intangibleAssets": 88627159, "otherAssets": 64647534, "totalAssets": 1498971351, "accountsPayable": 114283147, "shortLongTermDebt": 42847247, "otherCurrentLiab": 120772873, "longTermDebt": 81468477, "otherLiab": 66916896, "totalCurrentLiabilities": 460228116, "totalLiab": 608613489, "commonStock": 242028220, "retainedEarnings": 114213754, "treasuryStock": 80000000, "capitalSurplus": 454115888, "otherStockholderEquity": 80000000, "totalStockholderEquity": 890357862, "netTangibleAssets": 801730703}, {"maxAge": 1, "endDate": "2018-03-31", "cash": 161427061, "netReceivables": 252834057, "inventory": 95832732, "otherCurrentAssets": 78642304, "totalCurrentAssets": 588736154, "propertyPlantEquipment": 663017792, "intangibleAssets": 97746825, "otherAssets": 64531289, "totalAssets": 1414032060, "accountsPayable": 65086488, "shortLongTermDebt": 20040744, "otherCurrentLiab": 113879305, "longTermDebt": 103296526, "otherLiab": 31784739, "totalCurrentLiabilities": 417583730, "totalLiab": 552664995, "commonStock": 242028220, "retainedEarnings": 59221134, "treasuryStock": 80000000, "capitalSurplus": 480117711, "otherStockholderEquity": 80000000, "totalStockholderEquity": 861367065, "netTangibleAssets": 763620240}, {"maxAge": 1, "endDate": "2017-03-31", "cash": 13966166, "netReceivables": 185750746, "inventory": 97165159, "otherCurrentAssets": 25981704, "totalCurrentAssets": 322863775, "propertyPlantEquipment": 626695297, "intangibleAssets": 107239210, "otherAssets": 10253822, "totalAssets": 1067052104, "accountsPayable": 56280764, "shortLongTermDebt": 25825635, "otherCurrentLiab": 69651717, "longTermDebt": 176121874, "otherLiab": 30441971, "totalCurrentLiabilities": 389702999, "totalLiab": 596266844, "commonStock": 191868220, "retainedEarnings": 4679329, "treasuryStock": 80000000, "capitalSurplus": 194237711, "otherStockholderEquity": 80000000, "totalStockholderEquity": 470785260, "netTangibleAssets": 363546050}], "maxAge": 86400}, "financialData": {"maxAge": 86400, "currentPrice": 75.0, "recommendationKey": "none", "totalCash": 15815511, "totalCashPerShare": 0.633, "ebitda": 19477664, "totalDebt": 281879264, "totalRevenue": 399526048, "debtToEquity": 34.361, "revenuePerShare": 16.337, "grossProfits": 243053618, "revenueGrowth": 0.089, "grossMargins": 0.36044, "ebitdaMargins": 0.04875, "operatingMargins": -0.10824, "profitMargins": -0.15239, "financialCurrency": "INR"}}}