{"SIRCA.NS": {"assetProfile": {"address1": "Plot No 50, Badli Industrial Area", "address2": "Phase -2 Near Tata Power Office", "city": "Delhi", "zip": "110042", "country": "India", "phone": "91 11 4208 3083", "website": "http://www.sircapaints.com", "industry": "Specialty Chemicals", "sector": "Basic Materials", "longBusinessSummary": "Sirca Paints India Limited markets, trades in, and distributes wood, metal, and glass coatings in India. The company provides wood coatings including wood stains, polyurethane polishes, polyester products, acrylic finishes, UV products, wood fillers, wood care products, handmade effects, special effects, and additives; bicomponent water-borne and solvent-borne pigmented topcoats; paints and coatings for metals used in corrosion protection and artistic applications; and nitrocellulose and melamine coatings and thinners. It also offers hand cleansers and surface disinfectants. The company also exports its products to Nepal, Bangladesh, and Sri Lanka. Sirca Paints India Limited was founded in 2006 and is based in Delhi, India.", "fullTimeEmployees": 327, "companyOfficers": [{"maxAge": 1, "name": "Mr. Sanjay  Agarwal", "title": "Co-Founder, Chairman & MD", "fiscalYear": 2020, "totalPay": 9350000, "exercisedValue": 0, "unexercisedValue": 0}, {"maxAge": 1, "name": "Mr. Apoorv  Agarwal", "age": 33, "title": "Joint MD & Director", "yearBorn": 1987, "fiscalYear": 2020, "totalPay": 4075000, "exercisedValue": 0, "unexercisedValue": 0}, {"maxAge": 1, "name": "Mr. Gurjit Singh Bains", "age": 53, "title": "Co-Founder & Non-Exec. Director", "yearBorn": 1967, "fiscalYear": 2020, "totalPay": 30000, "exercisedValue": 0, "unexercisedValue": 0}, {"maxAge": 1, "name": "Ms. Shallu  Arora", "title": "Chief Financial Officer", "fiscalYear": 2020, "totalPay": 1210000, "exercisedValue": 0, "unexercisedValue": 0}, {"maxAge": 1, "name": "Mr. Chahat  Mahajan", "title": "Company Sec. & Compliance Officer", "fiscalYear": 2020, "totalPay": 589000, "exercisedValue": 0, "unexercisedValue": 0}], "compensationAsOfEpochDate": "2020-12-31 05:30:00", "maxAge": 86400}, "cashflowStatementHistory": {"cashflowStatements": [{"maxAge": 1, "endDate": "2020-03-31", "netIncome": 251575000, "depreciation": 23325000, "changeToNetincome": -59686000, "changeToAccountReceivables": -58818000, "changeToLiabilities": 32772000, "changeToInventory": -246706000, "changeToOperatingActivities": -18762000, "totalCashFromOperatingActivities": -75630000, "capitalExpenditures": -226076000, "investments": 204701000, "otherCashflowsFromInvestingActivities": 60909000, "totalCashflowsFromInvestingActivities": 48112000, "dividendsPaid": -68282000, "netBorrowings": -1338000, "otherCashflowsFromFinancingActivities": -14974000, "totalCashFromFinancingActivities": -84594000, "changeInCash": -112112000}, {"maxAge": 1, "endDate": "2019-03-31", "netIncome": 258986000, "depreciation": 9175000, "changeToNetincome": -46967000, "changeToAccountReceivables": -61742000, "changeToLiabilities": 100836000, "changeToInventory": -119223000, "changeToOperatingActivities": -17834000, "totalCashFromOperatingActivities": 123403000, "capitalExpenditures": -148326000, "investments": -574651000, "otherCashflowsFromInvestingActivities": 9772000, "totalCashflowsFromInvestingActivities": -712880000, "dividendsPaid": -68282000, "netBorrowings": -47854000, "otherCashflowsFromFinancingActivities": -1163000, "totalCashFromFinancingActivities": 683680000, "changeInCash": 94203000, "issuanceOfStock": 732697000}, {"maxAge": 1, "endDate": "2018-03-31", "netIncome": 193898321, "depreciation": 5978014, "changeToNetincome": -30099318, "changeToAccountReceivables": -95394961, "changeToLiabilities": -24285163, "changeToInventory": -47054584, "changeToOperatingActivities": -16100543, "totalCashFromOperatingActivities": -13058234, "capitalExpenditures": -132293934, "investments": -574651000, "otherCashflowsFromInvestingActivities": 9772000, "totalCashflowsFromInvestingActivities": -128793934, "dividendsPaid": -68282000, "netBorrowings": 1878450, "otherCashflowsFromFinancingActivities": 9139164, "totalCashFromFinancingActivities": 155017614, "changeInCash": 13165445, "issuanceOfStock": 144000000}, {"maxAge": 1, "endDate": "2017-03-31", "netIncome": 137034392, "depreciation": 3970969, "changeToNetincome": 78523089, "changeToAccountReceivables": -80160452, "changeToLiabilities": 34608146, "changeToInventory": -41078781, "changeToOperatingActivities": -25740750, "totalCashFromOperatingActivities": 107156612, "capitalExpenditures": -53824051, "investments": -574651000, "otherCashflowsFromInvestingActivities": 9772000, "totalCashflowsFromInvestingActivities": -53824051, "dividendsPaid": -68282000, "netBorrowings": -69312130, "otherCashflowsFromFinancingActivities": 9139164, "totalCashFromFinancingActivities": -69312130, "changeInCash": -15979569, "issuanceOfStock": 144000000}], "maxAge": 86400}, "institutionOwnership": {"ownershipList": [], "maxAge": 1}, "majorHoldersBreakdown": {"maxAge": 1, "insidersPercentHeld": 0.0, "institutionsPercentHeld": 0.0274, "institutionsFloatPercentHeld": 0.0274, "institutionsCount": 2}, "balanceSheetHistoryQuarterly": {"balanceSheetStatements": [{"maxAge": 1, "endDate": "2020-12-31", "totalStockholderEquity": 1796464000, "netTangibleAssets": 1746639000}, {"maxAge": 1, "endDate": "2020-09-30", "cash": 693059000, "shortTermInvestments": 14386000, "netReceivables": 399324000, "inventory": 493320000, "otherCurrentAssets": 107971000, "totalCurrentAssets": 1708060000, "propertyPlantEquipment": 366452000, "intangibleAssets": 49825000, "otherAssets": 44935000, "deferredLongTermAssetCharges": 29121000, "totalAssets": 2169272000, "accountsPayable": 136294000, "otherCurrentLiab": 59852000, "otherLiab": 2020000, "totalCurrentLiabilities": 370788000, "totalLiab": 372808000, "commonStock": 274044000, "treasuryStock": 1522420000, "otherStockholderEquity": 1522420000, "totalStockholderEquity": 1796464000, "netTangibleAssets": 1746639000}, {"maxAge": 1, "endDate": "2020-06-30", "totalStockholderEquity": 1846554000, "netTangibleAssets": 1796489000}, {"maxAge": 1, "endDate": "2020-03-31", "cash": 498555000, "netReceivables": 464532000, "inventory": 514450000, "otherCurrentAssets": 90514000, "totalCurrentAssets": 1569839000, "propertyPlantEquipment": 453018000, "intangibleAssets": 50065000, "otherAssets": 25311000, "deferredLongTermAssetCharges": 9464000, "totalAssets": 2098233000, "accountsPayable": 202975000, "shortLongTermDebt": 824000, "otherCurrentLiab": 16888000, "otherLiab": 1804000, "totalCurrentLiabilities": 249875000, "totalLiab": 251679000, "commonStock": 274044000, "retainedEarnings": 734887000, "treasuryStock": 295000, "capitalSurplus": 837328000, "otherStockholderEquity": 295000, "totalStockholderEquity": 1846554000, "netTangibleAssets": 1796489000}], "maxAge": 86400}, "indexTrend": {"maxAge": 1, "symbol": "SP5", "peRatio": 19.7411, "pegRatio": 1.34172, "estimates": [{"period": "0q", "growth": 0.549}, {"period": "+1q", "growth": 0.431}, {"period": "0y", "growth": 0.305}, {"period": "+1y", "growth": 0.109}, {"period": "+5y", "growth": 0.120865}, {"period": "-5y"}]}, "defaultKeyStatistics": {"maxAge": 1, "priceHint": 2, "enterpriseValue": 8789481472, "profitMargins": 0.02898, "floatShares": 5552292, "sharesOutstanding": 27404400, "heldPercentInsiders": 0.0, "heldPercentInstitutions": 0.0274, "beta": 0.473649, "category": null, "bookValue": 65.423, "priceToBook": 5.2030635, "fundFamily": null, "legalType": null, "lastFiscalYearEnd": "2020-03-31 05:30:00", "nextFiscalYearEnd": "2022-03-31 05:30:00", "mostRecentQuarter": "2020-12-31 05:30:00", "earningsQuarterlyGrowth": -0.039, "netIncomeToCommon": 37003000, "trailingEps": 1.355, "lastSplitFactor": "3:2", "lastSplitDate": "2019-07-09 05:30:00", "enterpriseToRevenue": 6.885, "enterpriseToEbitda": 50.217}, "summaryProfile": {"address1": "Plot No 50, Badli Industrial Area", "address2": "Phase -2 Near Tata Power Office", "city": "Delhi", "zip": "110042", "country": "India", "phone": "91 11 4208 3083", "website": "http://www.sircapaints.com", "industry": "Specialty Chemicals", "sector": "Basic Materials", "longBusinessSummary": "Sirca Paints India Limited markets, trades in, and distributes wood, metal, and glass coatings in India. The company provides wood coatings including wood stains, polyurethane polishes, polyester products, acrylic finishes, UV products, wood fillers, wood care products, handmade effects, special effects, and additives; bicomponent water-borne and solvent-borne pigmented topcoats; paints and coatings for metals used in corrosion protection and artistic applications; and nitrocellulose and melamine coatings and thinners. It also offers hand cleansers and surface disinfectants. The company also exports its products to Nepal, Bangladesh, and Sri Lanka. Sirca Paints India Limited was founded in 2006 and is based in Delhi, India.", "fullTimeEmployees": 327, "companyOfficers": [], "maxAge": 86400}, "netSharePurchaseActivity": {"maxAge": 1, "period": "6m", "buyInfoCount": 0, "buyInfoShares": 0, "sellInfoCount": 0, "netInfoCount": 0, "netInfoShares": 0, "totalInsiderShares": 0}, "quoteType": {"exchange": "NSI", "quoteType": "EQUITY", "symbol": "SIRCA.NS", "underlyingSymbol": "SIRCA.NS", "shortName": "Sirca Paint India Limited", "longName": "Sirca Paints India Limited", "firstTradeDateEpochUtc": "2018-06-13 09:15:00", "timeZoneFullName": "Asia/Kolkata", "timeZoneShortName": "IST", "uuid": "60d91160-d552-3d41-8bdb-98b790d450ef", "gmtOffSetMilliseconds": 19800000, "maxAge": 1}, "incomeStatementHistory": {"incomeStatementHistory": [{"maxAge": 1, "endDate": "2020-03-31", "totalRevenue": 1350525000, "costOfRevenue": 715909000, "grossProfit": 634616000, "researchDevelopment": {}, "sellingGeneralAdministrative": 199260000, "nonRecurring": {}, "otherOperatingExpenses": 113747000, "totalOperatingExpenses": 1052911000, "operatingIncome": 297614000, "totalOtherIncomeExpenseNet": 44235000, "ebit": 297614000, "interestExpense": -256000, "incomeBeforeTax": 341849000, "incomeTaxExpense": 90274000, "minorityInterest": {}, "netIncomeFromContinuingOps": 251575000, "discontinuedOperations": {}, "extraordinaryItems": {}, "effectOfAccountingCharges": {}, "otherItems": {}, "netIncome": 251575000, "netIncomeApplicableToCommonShares": 251575000}, {"maxAge": 1, "endDate": "2019-03-31", "totalRevenue": 1162248000, "costOfRevenue": 683283000, "grossProfit": 478965000, "researchDevelopment": {}, "sellingGeneralAdministrative": 104484000, "nonRecurring": {}, "otherOperatingExpenses": 53293000, "totalOperatingExpenses": 850407000, "operatingIncome": 311841000, "totalOtherIncomeExpenseNet": 58036000, "ebit": 311841000, "interestExpense": -585000, "incomeBeforeTax": 369877000, "incomeTaxExpense": 110891000, "minorityInterest": {}, "netIncomeFromContinuingOps": 258986000, "discontinuedOperations": {}, "extraordinaryItems": {}, "effectOfAccountingCharges": {}, "otherItems": {}, "netIncome": 258986000, "netIncomeApplicableToCommonShares": 258986000}, {"maxAge": 1, "endDate": "2018-03-31", "totalRevenue": 892207788, "costOfRevenue": 454347646, "grossProfit": 437860142, "researchDevelopment": {}, "sellingGeneralAdministrative": 114878289, "nonRecurring": {}, "otherOperatingExpenses": 57918593, "totalOperatingExpenses": 633122542, "operatingIncome": 259085246, "totalOtherIncomeExpenseNet": 36372495, "ebit": 259085246, "interestExpense": -1084837, "incomeBeforeTax": 295457741, "incomeTaxExpense": 101559420, "minorityInterest": {}, "netIncomeFromContinuingOps": 193898321, "discontinuedOperations": {}, "extraordinaryItems": {}, "effectOfAccountingCharges": {}, "otherItems": {}, "netIncome": 193898321, "netIncomeApplicableToCommonShares": 193898321}, {"maxAge": 1, "endDate": "2017-03-31", "totalRevenue": 825100331, "costOfRevenue": 489613006, "grossProfit": 335487325, "researchDevelopment": {}, "sellingGeneralAdministrative": 77036629, "nonRecurring": {}, "otherOperatingExpenses": 56157795, "totalOperatingExpenses": 626778399, "operatingIncome": 198321932, "totalOtherIncomeExpenseNet": 17235549, "ebit": 198321932, "interestExpense": -942383, "incomeBeforeTax": 215557481, "incomeTaxExpense": 78523089, "minorityInterest": {}, "netIncomeFromContinuingOps": 137034392, "discontinuedOperations": {}, "extraordinaryItems": {}, "effectOfAccountingCharges": {}, "otherItems": {}, "netIncome": 137034392, "netIncomeApplicableToCommonShares": 137034392}], "maxAge": 86400}, "fundOwnership": {"ownershipList": [{"maxAge": 1, "reportDate": "2020-12-31", "organization": "Alps Series Tr-Seven Canyons World Innovators Fd", "pctHeld": 0.0077, "position": 211401, "value": 62035623}, {"maxAge": 1, "reportDate": "2020-12-31", "organization": "Alps Series Tr-Seven Canyons Strategic Income Fd", "pctHeld": 0.0031, "position": 85000, "value": 24943250}], "maxAge": 1}, "summaryDetail": {"maxAge": 1, "priceHint": 2, "previousClose": 346.65, "open": 347.1, "dayLow": 338.0, "dayHigh": 347.1, "regularMarketPreviousClose": 346.65, "regularMarketOpen": 347.1, "regularMarketDayLow": 338.0, "regularMarketDayHigh": 347.1, "exDividendDate": "2020-03-12 05:30:00", "payoutRatio": 1.1194, "beta": 0.473649, "trailingPE": 251.2177, "volume": 11975, "regularMarketVolume": 11975, "averageVolume": 37851, "averageVolume10days": 6683, "averageDailyVolume10Day": 6683, "bid": 0.0, "ask": 0.0, "marketCap": 9328457728, "fiftyTwoWeekLow": 158.0, "fiftyTwoWeekHigh": 369.1, "priceToSalesTrailing12Months": 7.306804, "fiftyDayAverage": 326.64243, "twoHundredDayAverage": 289.6557, "trailingAnnualDividendRate": 0.0, "trailingAnnualDividendYield": 0.0, "currency": "INR", "fromCurrency": null, "lastMarket": null, "algorithm": null, "tradeable": false}, "incomeStatementHistoryQuarterly": {"incomeStatementHistory": [{"maxAge": 1, "endDate": "2020-12-31", "totalRevenue": 458101000, "costOfRevenue": 266263000, "grossProfit": 191838000, "researchDevelopment": {}, "sellingGeneralAdministrative": 44903000, "nonRecurring": {}, "otherOperatingExpenses": 61127000, "totalOperatingExpenses": 380616000, "operatingIncome": 77485000, "totalOtherIncomeExpenseNet": 8333000, "ebit": 77485000, "interestExpense": -284000, "incomeBeforeTax": 85818000, "incomeTaxExpense": 22008000, "minorityInterest": {}, "netIncomeFromContinuingOps": 63810000, "discontinuedOperations": {}, "extraordinaryItems": {}, "effectOfAccountingCharges": {}, "otherItems": {}, "netIncome": 63810000, "netIncomeApplicableToCommonShares": 63810000}, {"maxAge": 1, "endDate": "2020-09-30", "totalRevenue": 381000000, "costOfRevenue": 235690000, "grossProfit": 145310000, "researchDevelopment": {}, "sellingGeneralAdministrative": 41302000, "nonRecurring": {}, "otherOperatingExpenses": 52832000, "totalOperatingExpenses": 338355000, "operatingIncome": 42645000, "totalOtherIncomeExpenseNet": -99345000, "ebit": 42645000, "interestExpense": -436000, "incomeBeforeTax": -56700000, "incomeTaxExpense": -13589000, "minorityInterest": {}, "netIncomeFromContinuingOps": -43111000, "discontinuedOperations": {}, "extraordinaryItems": {}, "effectOfAccountingCharges": {}, "otherItems": {}, "netIncome": -43111000, "netIncomeApplicableToCommonShares": -43111000}, {"maxAge": 1, "endDate": "2020-06-30", "totalRevenue": 116903000, "costOfRevenue": 68849000, "grossProfit": 48054000, "researchDevelopment": {}, "sellingGeneralAdministrative": 29705000, "nonRecurring": {}, "otherOperatingExpenses": 20943000, "totalOperatingExpenses": 131288000, "operatingIncome": -14385000, "totalOtherIncomeExpenseNet": 5116000, "ebit": -14385000, "interestExpense": -254000, "incomeBeforeTax": -9269000, "incomeTaxExpense": -2291000, "minorityInterest": {}, "netIncomeFromContinuingOps": -6978000, "discontinuedOperations": {}, "extraordinaryItems": {}, "effectOfAccountingCharges": {}, "otherItems": {}, "netIncome": -6978000, "netIncomeApplicableToCommonShares": -6978000}, {"maxAge": 1, "endDate": "2020-03-31", "totalRevenue": 320678000, "costOfRevenue": 198172000, "grossProfit": 122506000, "researchDevelopment": {}, "sellingGeneralAdministrative": 100461000, "nonRecurring": {}, "otherOperatingExpenses": -21365000, "totalOperatingExpenses": 288161000, "operatingIncome": 32517000, "totalOtherIncomeExpenseNet": -1932000, "ebit": 32517000, "interestExpense": -254000, "incomeBeforeTax": 30585000, "incomeTaxExpense": 7483000, "minorityInterest": {}, "netIncomeFromContinuingOps": 23102000, "discontinuedOperations": {}, "extraordinaryItems": {}, "effectOfAccountingCharges": {}, "otherItems": {}, "netIncome": 23102000, "netIncomeApplicableToCommonShares": 23102000}], "maxAge": 86400}, "cashflowStatementHistoryQuarterly": {"cashflowStatements": [{"maxAge": 1, "endDate": "2020-12-31", "netIncome": 63810000, "changeToLiabilities": 0}, {"maxAge": 1, "endDate": "2020-09-30", "netIncome": -43111000, "changeToLiabilities": 0}, {"maxAge": 1, "endDate": "2020-06-30", "netIncome": -6978000, "changeToLiabilities": 0}, {"maxAge": 1, "endDate": "2020-03-31", "netIncome": 23102000, "changeToLiabilities": 0}], "maxAge": 86400}, "insiderHolders": {"holders": [], "maxAge": 1}, "calendarEvents": {"maxAge": 1, "earnings": {"earningsDate": ["2020-08-20 05:30:S"]}, "exDividendDate": "2020-03-12 05:30:00"}, "upgradeDowngradeHistory": {"history": [], "maxAge": 86400}, "price": {"maxAge": 1, "regularMarketChangePercent": -0.018029714, "regularMarketChange": -6.25, "regularMarketTime": "2021-04-30 15:29:46", "priceHint": 2, "regularMarketPrice": 340.4, "regularMarketDayHigh": 347.1, "regularMarketDayLow": 338.0, "regularMarketVolume": 11975, "averageDailyVolume10Day": 6683, "averageDailyVolume3Month": 37851, "regularMarketPreviousClose": 346.65, "regularMarketSource": "FREE_REALTIME", "regularMarketOpen": 347.1, "exchange": "NSI", "exchangeName": "NSE", "exchangeDataDelayedBy": 15, "marketState": "CLOSED", "quoteType": "EQUITY", "symbol": "SIRCA.NS", "underlyingSymbol": null, "shortName": "Sirca Paint India Limited", "longName": "Sirca Paints India Limited", "currency": "INR", "quoteSourceName": "Delayed Quote", "currencySymbol": "\u20b9", "fromCurrency": null, "lastMarket": null, "marketCap": 9328457728}, "balanceSheetHistory": {"balanceSheetStatements": [{"maxAge": 1, "endDate": "2020-03-31", "cash": 498555000, "netReceivables": 464532000, "inventory": 514450000, "otherCurrentAssets": 90514000, "totalCurrentAssets": 1569839000, "propertyPlantEquipment": 453018000, "intangibleAssets": 50065000, "otherAssets": 25311000, "deferredLongTermAssetCharges": 9464000, "totalAssets": 2098233000, "accountsPayable": 202975000, "shortLongTermDebt": 824000, "otherCurrentLiab": 16888000, "otherLiab": 1804000, "totalCurrentLiabilities": 249875000, "totalLiab": 251679000, "commonStock": 274044000, "retainedEarnings": 734887000, "treasuryStock": 295000, "capitalSurplus": 837328000, "otherStockholderEquity": 295000, "totalStockholderEquity": 1846554000, "netTangibleAssets": 1796489000}, {"maxAge": 1, "endDate": "2019-03-31", "cash": 815368000, "netReceivables": 430258000, "inventory": 267745000, "otherCurrentAssets": 26512000, "totalCurrentAssets": 1540473000, "propertyPlantEquipment": 288558000, "intangibleAssets": 50226000, "otherAssets": 28684000, "deferredLongTermAssetCharges": 13269000, "totalAssets": 1907941000, "accountsPayable": 170203000, "shortLongTermDebt": 1338000, "otherCurrentLiab": 11479000, "longTermDebt": 824000, "otherLiab": 4075000, "totalCurrentLiabilities": 224570000, "totalLiab": 229469000, "commonStock": 182696000, "retainedEarnings": 657027000, "treasuryStock": 125000, "capitalSurplus": 838624000, "otherStockholderEquity": 125000, "totalStockholderEquity": 1678472000, "netTangibleAssets": 1628246000}, {"maxAge": 1, "endDate": "2018-03-31", "cash": 146513514, "netReceivables": 337707192, "inventory": 148521903, "otherCurrentAssets": 87962256, "totalCurrentAssets": 720704865, "propertyPlantEquipment": 200012040, "otherAssets": 24937674, "deferredLongTermAssetCharges": 1404242, "totalAssets": 945654579, "accountsPayable": 69366838, "shortLongTermDebt": 1517048, "otherCurrentLiab": 102708614, "longTermDebt": 2161366, "otherLiab": 1278895, "totalCurrentLiabilities": 265868874, "totalLiab": 269309135, "commonStock": 134000000, "retainedEarnings": 401245444, "capitalSurplus": 141100000, "totalStockholderEquity": 676345444, "netTangibleAssets": 676345444}, {"maxAge": 1, "endDate": "2017-03-31", "cash": 133348068, "netReceivables": 245299014, "inventory": 101467319, "otherCurrentAssets": 33441872, "totalCurrentAssets": 513556273, "longTermInvestments": 21419380, "propertyPlantEquipment": 77196121, "otherAssets": 952736, "deferredLongTermAssetCharges": 952736, "totalAssets": 613124510, "accountsPayable": 93652000, "shortLongTermDebt": 1066107, "otherCurrentLiab": 80234722, "longTermDebt": 282917, "totalCurrentLiabilities": 271555269, "totalLiab": 271838186, "commonStock": 1000000, "retainedEarnings": 332186322, "capitalSurplus": 8100000, "totalStockholderEquity": 341286322, "netTangibleAssets": 341286322}], "maxAge": 86400}, "financialData": {"maxAge": 86400, "currentPrice": 340.4, "recommendationKey": "none", "totalCash": 707444992, "totalCashPerShare": 25.832, "ebitda": 175030496, "totalDebt": 174642000, "totalRevenue": 1276680960, "debtToEquity": 9.721, "revenuePerShare": 46.761, "grossProfits": 634616000, "earningsGrowth": -0.037, "revenueGrowth": 0.369, "grossMargins": 0.39768, "ebitdaMargins": 0.1371, "operatingMargins": 0.11052, "profitMargins": 0.02898, "financialCurrency": "INR"}}}