{"SITINET.NS": {"assetProfile": {"address1": "FC -19 & 20", "address2": "Upper ground Floor Sector -16A Film City", "city": "Noida", "zip": "201301", "country": "India", "phone": "91 12 0452 6707", "website": "http://www.sitinetworks.com", "industry": "Entertainment", "sector": "Communication Services", "longBusinessSummary": "SITI Networks Limited, a multi-system operator, provides cable television network, Internet, and allied services in India. Its product includes digital and analogue cable television, and broadband and local television channels. The company offers cable services through set top boxes. It also provides broadband Internet services. The company markets its products under the SITI brand. It serves approximately 11.3 million digital customers through 15 digital head ends, as well as a network of approximately 33,000 kilometers of optical fiber and coaxial cable in approximately 580 locations. The company was formerly known as SITI Cable Network Limited and changed its name to SITI Networks Limited in August 2016. SITI Networks Limited was founded in 1994 and is based in Noida, India.", "fullTimeEmployees": 302, "companyOfficers": [{"maxAge": 1, "name": "Mr. Anil Kumar Malhotra", "age": 56, "title": "Chief Exec. Officer", "yearBorn": 1964, "exercisedValue": 0, "unexercisedValue": 0}, {"maxAge": 1, "name": "Mr. Sanjay  Berry", "age": 51, "title": "Chief Financial Officer", "yearBorn": 1969, "exercisedValue": 0, "unexercisedValue": 0}, {"maxAge": 1, "name": "Mr. Ashish  Goel", "age": 50, "title": "Chief Human Resource Officer", "yearBorn": 1970, "exercisedValue": 0, "unexercisedValue": 0}, {"maxAge": 1, "name": "Mr. Rajesh  Sethi", "age": 49, "title": "Chief Bus. Transformation Officer", "yearBorn": 1971, "exercisedValue": 0, "unexercisedValue": 0}, {"maxAge": 1, "name": "Mr. Alok  Govil", "age": 59, "title": "Chief Operating Officer of Video", "yearBorn": 1961, "exercisedValue": 0, "unexercisedValue": 0}, {"maxAge": 1, "name": "Mr. Ashish Dindayal Bhatia", "age": 49, "title": "Chief Operating Officer of Broadband", "yearBorn": 1971, "exercisedValue": 0, "unexercisedValue": 0}, {"maxAge": 1, "name": "Mr. Vikas  Bajaj", "age": 47, "title": "Chief Operating Officer of Video", "yearBorn": 1973, "exercisedValue": 0, "unexercisedValue": 0}, {"maxAge": 1, "name": "Mr. Suresh Kumar Arora", "age": 56, "title": "Whole Time Director", "yearBorn": 1964, "fiscalYear": 2020, "totalPay": 1095740, "exercisedValue": 0, "unexercisedValue": 0}, {"maxAge": 1, "name": "Mr. Yogesh  Sharma", "age": 50, "title": "Chief Operating Officer of Video", "yearBorn": 1970, "exercisedValue": 0, "unexercisedValue": 0}, {"maxAge": 1, "name": "Mr. Sanjeev  Garg", "age": 53, "title": "Chief Operating Officer", "yearBorn": 1967, "fiscalYear": 2018, "exercisedValue": 0, "unexercisedValue": 0}], "compensationAsOfEpochDate": "2020-12-31 05:30:00", "maxAge": 86400}, "recommendationTrend": {"trend": [{"period": "0m", "strongBuy": 0, "buy": 0, "hold": 0, "sell": 0, "strongSell": 0}, {"period": "-1m", "strongBuy": 0, "buy": 0, "hold": 1, "sell": 0, "strongSell": 1}, {"period": "-2m", "strongBuy": 0, "buy": 0, "hold": 1, "sell": 0, "strongSell": 0}, {"period": "-3m", "strongBuy": 0, "buy": 1, "hold": 1, "sell": 0, "strongSell": 0}], "maxAge": 86400}, "cashflowStatementHistory": {"cashflowStatements": [{"maxAge": 1, "endDate": "2020-03-31", "netIncome": -1890370000, "depreciation": 2993270000, "changeToNetincome": 1963630000, "changeToAccountReceivables": 18560000, "changeToLiabilities": 809670000, "changeToInventory": 4500000, "changeToOperatingActivities": 679010000, "totalCashFromOperatingActivities": 5042070000, "capitalExpenditures": -1173940000, "investments": -35220000, "otherCashflowsFromInvestingActivities": 138670000, "totalCashflowsFromInvestingActivities": -421350000, "netBorrowings": -2597040000, "otherCashflowsFromFinancingActivities": -981710000, "totalCashFromFinancingActivities": -3578750000, "changeInCash": 1041970000}, {"maxAge": 1, "endDate": "2019-03-31", "netIncome": -2661940000, "depreciation": 3166240000, "changeToNetincome": 2745280000, "changeToAccountReceivables": -1503290000, "changeToLiabilities": 1399060000, "changeToInventory": 127230000, "changeToOperatingActivities": 657160000, "totalCashFromOperatingActivities": 4371040000, "capitalExpenditures": -2400400000, "investments": -101750000, "otherCashflowsFromInvestingActivities": 637280000, "totalCashflowsFromInvestingActivities": -1852690000, "netBorrowings": -1238540000, "otherCashflowsFromFinancingActivities": -1499430000, "totalCashFromFinancingActivities": -2737970000, "changeInCash": -219620000}, {"maxAge": 1, "endDate": "2018-03-31", "netIncome": -1938570000, "depreciation": 2848460000, "changeToNetincome": 2112710000, "changeToAccountReceivables": -813960000, "changeToLiabilities": 1028230000, "changeToInventory": -52320000, "changeToOperatingActivities": -141500000, "totalCashFromOperatingActivities": 3414160000, "capitalExpenditures": -3881620000, "investments": -1580000, "otherCashflowsFromInvestingActivities": -2610000, "totalCashflowsFromInvestingActivities": -3867260000, "netBorrowings": 760980000, "otherCashflowsFromFinancingActivities": -1079130000, "totalCashFromFinancingActivities": -318150000, "changeInCash": -771250000}, {"maxAge": 1, "endDate": "2017-03-31", "netIncome": -1885290000, "depreciation": 2113960000, "changeToNetincome": 1830000000, "changeToAccountReceivables": -1571470000, "changeToLiabilities": 845570000, "changeToInventory": 24960000, "changeToOperatingActivities": -266310000, "totalCashFromOperatingActivities": 1368660000, "capitalExpenditures": -6192350000, "investments": -29450000, "otherCashflowsFromInvestingActivities": -22150000, "totalCashflowsFromInvestingActivities": -6243950000, "netBorrowings": 2359620000, "otherCashflowsFromFinancingActivities": 539860000, "totalCashFromFinancingActivities": 2903630000, "changeInCash": -1971660000, "issuanceOfStock": 4150000}], "maxAge": 86400}, "indexTrend": {"maxAge": 1, "symbol": "SP5", "peRatio": 19.7411, "pegRatio": 1.34172, "estimates": [{"period": "0q", "growth": 0.549}, {"period": "+1q", "growth": 0.431}, {"period": "0y", "growth": 0.305}, {"period": "+1y", "growth": 0.109}, {"period": "+5y", "growth": 0.120865}, {"period": "-5y"}]}, "defaultKeyStatistics": {"maxAge": 1, "priceHint": 4, "enterpriseValue": 11828682752, "profitMargins": -0.13333, "floatShares": 689379170, "sharesOutstanding": 872054016, "heldPercentInsiders": 0.29755, "heldPercentInstitutions": 0.14752, "beta": 1.837368, "category": null, "bookValue": -0.796, "fundFamily": null, "legalType": null, "lastFiscalYearEnd": "2020-03-31 05:30:00", "nextFiscalYearEnd": "2022-03-31 05:30:00", "mostRecentQuarter": "2020-12-31 05:30:00", "netIncomeToCommon": -2086089984, "trailingEps": -2.371, "lastSplitFactor": null, "enterpriseToRevenue": 0.756, "enterpriseToEbitda": 4.899}, "industryTrend": {"maxAge": 1, "symbol": null, "estimates": []}, "quoteType": {"exchange": "NSI", "quoteType": "EQUITY", "symbol": "SITINET.NS", "underlyingSymbol": "SITINET.NS", "shortName": "SITI NETWORKS LTD", "longName": "SITI Networks Limited", "firstTradeDateEpochUtc": "2007-01-10 09:15:00", "timeZoneFullName": "Asia/Kolkata", "timeZoneShortName": "IST", "uuid": "91e97949-7b23-3bb4-a2bb-09defc01d57e", "gmtOffSetMilliseconds": 19800000, "maxAge": 1}, "incomeStatementHistory": {"incomeStatementHistory": [{"maxAge": 1, "endDate": "2020-03-31", "totalRevenue": 16185850000, "costOfRevenue": 8507900000, "grossProfit": 7677950000, "researchDevelopment": {}, "sellingGeneralAdministrative": 954210000, "nonRecurring": {}, "otherOperatingExpenses": 3271730000, "totalOperatingExpenses": 16211640000, "operatingIncome": -25790000, "totalOtherIncomeExpenseNet": -1921690000, "ebit": -25790000, "interestExpense": -1502950000, "incomeBeforeTax": -1947480000, "incomeTaxExpense": -65810000, "minorityInterest": 1055760000, "netIncomeFromContinuingOps": -1881670000, "discontinuedOperations": {}, "extraordinaryItems": {}, "effectOfAccountingCharges": {}, "otherItems": {}, "netIncome": -1890370000, "netIncomeApplicableToCommonShares": -1890370000}, {"maxAge": 1, "endDate": "2019-03-31", "totalRevenue": 14421340000, "costOfRevenue": 6640670000, "grossProfit": 7780670000, "researchDevelopment": {}, "sellingGeneralAdministrative": 1053120000, "nonRecurring": {}, "otherOperatingExpenses": 3379300000, "totalOperatingExpenses": 14718660000, "operatingIncome": -297320000, "totalOtherIncomeExpenseNet": -2245110000, "ebit": -297320000, "interestExpense": -1525650000, "incomeBeforeTax": -2542430000, "incomeTaxExpense": 100400000, "minorityInterest": 1047060000, "netIncomeFromContinuingOps": -2642830000, "discontinuedOperations": {}, "extraordinaryItems": {}, "effectOfAccountingCharges": {}, "otherItems": {}, "netIncome": -2661940000, "netIncomeApplicableToCommonShares": -2661940000}, {"maxAge": 1, "endDate": "2018-03-31", "totalRevenue": 14104010000, "costOfRevenue": 6447610000, "grossProfit": 7656400000, "researchDevelopment": {}, "sellingGeneralAdministrative": 1183470000, "nonRecurring": {}, "otherOperatingExpenses": 3258890000, "totalOperatingExpenses": 14138420000, "operatingIncome": -34410000, "totalOtherIncomeExpenseNet": -1546790000, "ebit": -34410000, "interestExpense": -1114580000, "incomeBeforeTax": -1581200000, "incomeTaxExpense": 117770000, "minorityInterest": 1160330000, "netIncomeFromContinuingOps": -1698970000, "discontinuedOperations": {}, "extraordinaryItems": {}, "effectOfAccountingCharges": {}, "otherItems": {}, "netIncome": -1938570000, "netIncomeApplicableToCommonShares": -1938570000}, {"maxAge": 1, "endDate": "2017-03-31", "totalRevenue": 11949160000, "costOfRevenue": 6156960000, "grossProfit": 5792200000, "researchDevelopment": {}, "sellingGeneralAdministrative": 1104880000, "nonRecurring": {}, "otherOperatingExpenses": 2608110000, "totalOperatingExpenses": 12234060000, "operatingIncome": -284900000, "totalOtherIncomeExpenseNet": -1314770000, "ebit": -284900000, "interestExpense": -1000140000, "incomeBeforeTax": -1599670000, "incomeTaxExpense": 192640000, "minorityInterest": 920440000, "netIncomeFromContinuingOps": -1792310000, "discontinuedOperations": {}, "extraordinaryItems": {}, "effectOfAccountingCharges": {}, "otherItems": {}, "netIncome": -1885290000, "netIncomeApplicableToCommonShares": -1885290000}], "maxAge": 86400}, "fundOwnership": {"ownershipList": [], "maxAge": 1}, "summaryDetail": {"maxAge": 1, "priceHint": 4, "previousClose": 0.8, "open": 0.85, "dayLow": 0.8, "dayHigh": 0.85, "regularMarketPreviousClose": 0.8, "regularMarketOpen": 0.85, "regularMarketDayLow": 0.8, "regularMarketDayHigh": 0.85, "payoutRatio": 0.0, "beta": 1.837368, "volume": 1074969, "regularMarketVolume": 1074969, "averageVolume": 5545205, "averageVolume10days": 2782225, "averageDailyVolume10Day": 2782225, "bid": 0.0, "ask": 0.0, "bidSize": 0, "askSize": 0, "marketCap": 715083968, "fiftyTwoWeekLow": 0.4, "fiftyTwoWeekHigh": 2.4, "priceToSalesTrailing12Months": 0.045702778, "fiftyDayAverage": 0.90882355, "twoHundredDayAverage": 1.0531915, "currency": "INR", "fromCurrency": null, "lastMarket": null, "algorithm": null, "tradeable": false}, "insiderHolders": {"holders": [{"maxAge": 1, "name": "Arrow Media & Broadband Pvt. Ltd.", "relation": "Promoter", "url": "", "transactionDescription": "Sale", "latestTransDate": "2019-02-28", "positionDirect": 0, "positionDirectDate": "2019-02-28"}, {"maxAge": 1, "name": "Bioscope Cinemas Pvt Ltd", "relation": "Institution- Corporation", "url": "", "transactionDescription": "Sale", "latestTransDate": "2020-08-12", "positionDirect": 65549946, "positionDirectDate": "2020-08-12"}, {"maxAge": 1, "name": "Digital Satellite Holdings Pvt Ltd", "relation": "Institution- Corporation", "url": "", "transactionDescription": "Sale", "latestTransDate": "2020-08-12", "positionDirect": 72150816, "positionDirectDate": "2020-08-12"}, {"maxAge": 1, "name": "Digital Satellite Media & Broadband Pvt. Ltd.", "relation": "Institution- Corporation", "url": "", "transactionDescription": "Sale", "latestTransDate": "2020-08-12", "positionDirect": 15273, "positionDirectDate": "2020-08-12"}, {"maxAge": 1, "name": "Direct Media & Cable Pvt. Ltd.", "relation": "Promoter", "url": "", "transactionDescription": "Sale", "latestTransDate": "2020-11-12", "positionDirect": 0, "positionDirectDate": "2020-11-12"}, {"maxAge": 1, "name": "Direct Media Solutions Pvt Ltd", "relation": "Promoter", "url": "", "transactionDescription": "Sale", "latestTransDate": "2017-03-27", "positionDirect": 121000000, "positionDirectDate": "2017-03-27"}, {"maxAge": 1, "name": "Goel (Laxmi Narain)", "relation": "Promoter", "url": "", "transactionDescription": "Sale", "latestTransDate": "2012-08-16", "positionDirect": 0, "positionDirectDate": "2012-08-16"}, {"maxAge": 1, "name": "Manaaska Fashions L.L.P.", "relation": "Institution- Corporation", "url": "", "transactionDescription": "Sale", "latestTransDate": "2020-08-12", "positionDirect": 36000, "positionDirectDate": "2020-08-12"}], "maxAge": 1}, "calendarEvents": {"maxAge": 1, "earnings": {"earningsDate": ["2018-08-09 05:30:S", "2018-08-13 05:30:S"], "revenueAverage": 16847000000, "revenueLow": 16257000000, "revenueHigh": 17437000000}}, "upgradeDowngradeHistory": {"history": [], "maxAge": 86400}, "price": {"maxAge": 1, "regularMarketChangePercent": 0.0, "regularMarketChange": 0.0, "regularMarketTime": "2021-04-30 15:29:38", "priceHint": 4, "regularMarketPrice": 0.8, "regularMarketDayHigh": 0.85, "regularMarketDayLow": 0.8, "regularMarketVolume": 1074969, "averageDailyVolume10Day": 2782225, "averageDailyVolume3Month": 5545205, "regularMarketPreviousClose": 0.8, "regularMarketSource": "FREE_REALTIME", "regularMarketOpen": 0.85, "exchange": "NSI", "exchangeName": "NSE", "exchangeDataDelayedBy": 15, "marketState": "CLOSED", "quoteType": "EQUITY", "symbol": "SITINET.NS", "underlyingSymbol": null, "shortName": "SITI NETWORKS LTD", "longName": "SITI Networks Limited", "currency": "INR", "quoteSourceName": "Delayed Quote", "currencySymbol": "\u20b9", "fromCurrency": null, "lastMarket": null, "marketCap": 715083968}, "balanceSheetHistory": {"balanceSheetStatements": [{"maxAge": 1, "endDate": "2020-03-31", "cash": 1757640000, "shortTermInvestments": 20860000, "netReceivables": 4772300000, "inventory": 13490000, "otherCurrentAssets": 1231210000, "totalCurrentAssets": 7864530000, "longTermInvestments": 201100000, "propertyPlantEquipment": 12410980000, "goodWill": 485520000, "intangibleAssets": 2109730000, "otherAssets": 1163000000, "deferredLongTermAssetCharges": 26390000, "totalAssets": 24234860000, "accountsPayable": 7383910000, "shortLongTermDebt": 6270270000, "otherCurrentLiab": 1183030000, "longTermDebt": 4223820000, "otherLiab": 1202390000, "minorityInterest": 1055760000, "totalCurrentLiabilities": 17657440000, "totalLiab": 23093960000, "commonStock": 872050000, "retainedEarnings": -16846930000, "treasuryStock": 42650000, "capitalSurplus": 16017370000, "otherStockholderEquity": 42650000, "totalStockholderEquity": 85140000, "netTangibleAssets": -2510110000}, {"maxAge": 1, "endDate": "2019-03-31", "cash": 715670000, "shortTermInvestments": 65400000, "netReceivables": 6448680000, "inventory": 18020000, "otherCurrentAssets": 1494080000, "totalCurrentAssets": 8779410000, "longTermInvestments": 148580000, "propertyPlantEquipment": 15027220000, "goodWill": 485520000, "intangibleAssets": 2444410000, "otherAssets": 1258820000, "deferredLongTermAssetCharges": 13070000, "totalAssets": 28143960000, "accountsPayable": 6580880000, "shortLongTermDebt": 5353160000, "otherCurrentLiab": 1629290000, "longTermDebt": 7422280000, "otherLiab": 1348830000, "minorityInterest": 1047060000, "totalCurrentLiabilities": 16344050000, "totalLiab": 25116730000, "commonStock": 872050000, "retainedEarnings": -14951900000, "treasuryStock": 42650000, "capitalSurplus": 16017370000, "otherStockholderEquity": 42650000, "totalStockholderEquity": 1980170000, "netTangibleAssets": -949760000}, {"maxAge": 1, "endDate": "2018-03-31", "cash": 935310000, "shortTermInvestments": 325520000, "netReceivables": 4994450000, "inventory": 145250000, "otherCurrentAssets": 1606040000, "totalCurrentAssets": 8065700000, "longTermInvestments": 47170000, "propertyPlantEquipment": 17952880000, "goodWill": 540450000, "intangibleAssets": 2674950000, "otherAssets": 1621700000, "deferredLongTermAssetCharges": 10430000, "totalAssets": 30902850000, "accountsPayable": 5255950000, "shortLongTermDebt": 6929140000, "otherCurrentLiab": 2288640000, "longTermDebt": 5959670000, "otherLiab": 3381770000, "minorityInterest": 1160330000, "totalCurrentLiabilities": 16958850000, "totalLiab": 26312560000, "commonStock": 872050000, "retainedEarnings": -13521090000, "treasuryStock": 61630000, "capitalSurplus": 16017370000, "otherStockholderEquity": 61630000, "totalStockholderEquity": 3429960000, "netTangibleAssets": 214560000}, {"maxAge": 1, "endDate": "2017-03-31", "cash": 1706560000, "netReceivables": 5296130000, "inventory": 92930000, "otherCurrentAssets": 1412430000, "totalCurrentAssets": 8545910000, "longTermInvestments": 46970000, "propertyPlantEquipment": 18154240000, "goodWill": 582580000, "intangibleAssets": 2668920000, "otherAssets": 1398730000, "deferredLongTermAssetCharges": 5880000, "totalAssets": 31397350000, "accountsPayable": 4087260000, "shortLongTermDebt": 3113210000, "otherCurrentLiab": 2355590000, "longTermDebt": 10354220000, "otherLiab": 3395490000, "minorityInterest": 920440000, "totalCurrentLiabilities": 11326530000, "totalLiab": 25103630000, "commonStock": 872050000, "retainedEarnings": -11582510000, "treasuryStock": 66370000, "capitalSurplus": 16017370000, "otherStockholderEquity": 66370000, "totalStockholderEquity": 5373280000, "netTangibleAssets": 2121780000}], "maxAge": 86400}, "earningsTrend": {"trend": [{"maxAge": 1, "period": "0q", "endDate": "2010-12-31", "growth": {}, "earningsEstimate": {"avg": 0.0, "low": 0.0, "high": 0.0, "yearAgoEps": {}, "numberOfAnalysts": 0, "growth": {}}, "revenueEstimate": {"avg": 16847000000, "low": 16257000000, "high": 17437000000, "numberOfAnalysts": 2, "yearAgoRevenue": 14104000000, "growth": 0.19399999}, "epsTrend": {"current": 0.0, "7daysAgo": -1.5, "30daysAgo": -1.5, "60daysAgo": -1.5, "90daysAgo": -1.5}, "epsRevisions": {"upLast7days": 0, "upLast30days": 0, "downLast30days": 0, "downLast90days": {}}}, {"maxAge": 1, "period": "+1q", "endDate": "2011-03-31", "growth": {}, "earningsEstimate": {"avg": 0.0, "low": 0.0, "high": 0.0, "yearAgoEps": {}, "numberOfAnalysts": 0, "growth": {}}, "revenueEstimate": {"avg": 16847000000, "low": 16257000000, "high": 17437000000, "numberOfAnalysts": 2, "yearAgoRevenue": 14104000000, "growth": 0.19399999}, "epsTrend": {"current": 0.0, "7daysAgo": 0.0, "30daysAgo": 0.0, "60daysAgo": 0.0, "90daysAgo": 0.0}, "epsRevisions": {"upLast7days": 0, "upLast30days": 0, "downLast30days": 0, "downLast90days": {}}}, {"maxAge": 1, "period": "0y", "endDate": "2019-03-31", "growth": {}, "earningsEstimate": {"avg": 0.0, "low": 0.0, "high": 0.0, "yearAgoEps": {}, "numberOfAnalysts": 0, "growth": {}}, "revenueEstimate": {"avg": 16847000000, "low": 16257000000, "high": 17437000000, "numberOfAnalysts": 2, "yearAgoRevenue": 14104000000, "growth": 0.19399999}, "epsTrend": {"current": 0.0, "7daysAgo": 0.0, "30daysAgo": 0.0, "60daysAgo": 0.0, "90daysAgo": 0.0}, "epsRevisions": {"upLast7days": 0, "upLast30days": 0, "downLast30days": 0, "downLast90days": {}}}, {"maxAge": 1, "period": "+1y", "endDate": "2011-03-31", "growth": {}, "earningsEstimate": {"avg": 0.0, "low": 0.0, "high": 0.0, "yearAgoEps": {}, "numberOfAnalysts": 0, "growth": {}}, "revenueEstimate": {"avg": 3059540000, "low": 2934000000, "high": 2934000000, "numberOfAnalysts": 1, "yearAgoRevenue": 16847000000, "growth": -0.818}, "epsTrend": {"current": 0.0, "7daysAgo": -1.6, "30daysAgo": -1.6, "60daysAgo": -1.6, "90daysAgo": -1.6}, "epsRevisions": {"upLast7days": 0, "upLast30days": 0, "downLast30days": 0, "downLast90days": {}}}, {"maxAge": 1, "period": "+5y", "endDate": null, "growth": {}, "earningsEstimate": {"avg": {}, "low": {}, "high": {}, "yearAgoEps": {}, "numberOfAnalysts": {}, "growth": {}}, "revenueEstimate": {"avg": {}, "low": {}, "high": {}, "numberOfAnalysts": {}, "yearAgoRevenue": {}, "growth": {}}, "epsTrend": {"current": {}, "7daysAgo": {}, "30daysAgo": {}, "60daysAgo": {}, "90daysAgo": {}}, "epsRevisions": {"upLast7days": {}, "upLast30days": {}, "downLast30days": {}, "downLast90days": {}}}, {"maxAge": 1, "period": "-5y", "endDate": null, "growth": {}, "earningsEstimate": {"avg": {}, "low": {}, "high": {}, "yearAgoEps": {}, "numberOfAnalysts": {}, "growth": {}}, "revenueEstimate": {"avg": {}, "low": {}, "high": {}, "numberOfAnalysts": {}, "yearAgoRevenue": {}, "growth": {}}, "epsTrend": {"current": {}, "7daysAgo": {}, "30daysAgo": {}, "60daysAgo": {}, "90daysAgo": {}}, "epsRevisions": {"upLast7days": {}, "upLast30days": {}, "downLast30days": {}, "downLast90days": {}}}], "maxAge": 1}, "institutionOwnership": {"ownershipList": [], "maxAge": 1}, "majorHoldersBreakdown": {"maxAge": 1, "insidersPercentHeld": 0.29755, "institutionsPercentHeld": 0.14752, "institutionsFloatPercentHeld": 0.21, "institutionsCount": 1}, "balanceSheetHistoryQuarterly": {"balanceSheetStatements": [{"maxAge": 1, "endDate": "2020-12-31", "totalStockholderEquity": -790050000, "netTangibleAssets": -3222730000}, {"maxAge": 1, "endDate": "2020-09-30", "cash": 963260000, "shortTermInvestments": 1153580000, "netReceivables": 3028030000, "inventory": 19620000, "otherCurrentAssets": 1399470000, "totalCurrentAssets": 6563960000, "longTermInvestments": 219600000, "propertyPlantEquipment": 11257340000, "goodWill": 485520000, "intangibleAssets": 1947160000, "otherAssets": 1212160000, "deferredLongTermAssetCharges": 34950000, "totalAssets": 21685740000, "accountsPayable": 7787460000, "shortLongTermDebt": 7629130000, "otherCurrentLiab": 1217110000, "longTermDebt": 3135760000, "otherLiab": 182280000, "minorityInterest": 1120610000, "totalCurrentLiabilities": 18037140000, "totalLiab": 21355180000, "commonStock": 872050000, "treasuryStock": -1662100000, "otherStockholderEquity": -1662100000, "totalStockholderEquity": -790050000, "netTangibleAssets": -3222730000}, {"maxAge": 1, "endDate": "2020-06-30", "totalStockholderEquity": 85140000, "netTangibleAssets": -2510110000}, {"maxAge": 1, "endDate": "2020-03-31", "cash": 1757640000, "shortTermInvestments": 20860000, "netReceivables": 4772300000, "inventory": 13490000, "otherCurrentAssets": 1231210000, "totalCurrentAssets": 7864530000, "longTermInvestments": 201100000, "propertyPlantEquipment": 12410980000, "goodWill": 485520000, "intangibleAssets": 2109730000, "otherAssets": 1163000000, "deferredLongTermAssetCharges": 26390000, "totalAssets": 24234860000, "accountsPayable": 7383910000, "shortLongTermDebt": 6270270000, "otherCurrentLiab": 1183030000, "longTermDebt": 4223820000, "otherLiab": 1202390000, "minorityInterest": 1055760000, "totalCurrentLiabilities": 17657440000, "totalLiab": 23093960000, "commonStock": 872050000, "retainedEarnings": -16846930000, "treasuryStock": 42650000, "capitalSurplus": 16017370000, "otherStockholderEquity": 42650000, "totalStockholderEquity": 85140000, "netTangibleAssets": -2510110000}], "maxAge": 86400}, "earningsHistory": {"history": [{"maxAge": 1, "epsActual": {}, "epsEstimate": {}, "epsDifference": {}, "surprisePercent": {}, "quarter": {}, "period": "-4q"}, {"maxAge": 1, "epsActual": {}, "epsEstimate": {}, "epsDifference": {}, "surprisePercent": {}, "quarter": {}, "period": "-3q"}, {"maxAge": 1, "epsActual": {}, "epsEstimate": {}, "epsDifference": {}, "surprisePercent": {}, "quarter": {}, "period": "-2q"}, {"maxAge": 1, "epsActual": {}, "epsEstimate": {}, "epsDifference": {}, "surprisePercent": {}, "quarter": {}, "period": "-1q"}], "maxAge": 86400}, "summaryProfile": {"address1": "FC -19 & 20", "address2": "Upper ground Floor Sector -16A Film City", "city": "Noida", "zip": "201301", "country": "India", "phone": "91 12 0452 6707", "website": "http://www.sitinetworks.com", "industry": "Entertainment", "sector": "Communication Services", "longBusinessSummary": "SITI Networks Limited, a multi-system operator, provides cable television network, Internet, and allied services in India. Its product includes digital and analogue cable television, and broadband and local television channels. The company offers cable services through set top boxes. It also provides broadband Internet services. The company markets its products under the SITI brand. It serves approximately 11.3 million digital customers through 15 digital head ends, as well as a network of approximately 33,000 kilometers of optical fiber and coaxial cable in approximately 580 locations. The company was formerly known as SITI Cable Network Limited and changed its name to SITI Networks Limited in August 2016. SITI Networks Limited was founded in 1994 and is based in Noida, India.", "fullTimeEmployees": 302, "companyOfficers": [], "maxAge": 86400}, "netSharePurchaseActivity": {"maxAge": 1, "period": "6m", "buyInfoCount": 0, "buyInfoShares": 0, "sellInfoCount": 0, "netInfoCount": 0, "netInfoShares": 0, "netPercentInsiderShares": 0.0, "totalInsiderShares": 244207776}, "insiderTransactions": {"transactions": [{"maxAge": 1, "shares": 85714285, "filerUrl": "", "transactionText": "", "filerName": "Direct Media & Cable Pvt. Ltd.", "filerRelation": "Promoter", "moneyText": "", "startDate": "2020-11-12", "ownership": "D"}, {"maxAge": 1, "shares": 18964000, "filerUrl": "", "transactionText": "", "filerName": "Manaaska Fashions L.L.P.", "filerRelation": "Institution- Corporation", "moneyText": "", "startDate": "2020-08-12", "ownership": "D"}, {"maxAge": 1, "shares": 46232910, "filerUrl": "", "transactionText": "", "filerName": "Digital Satellite Holdings Pvt Ltd", "filerRelation": "Institution- Corporation", "moneyText": "", "startDate": "2020-08-12", "ownership": "D"}, {"maxAge": 1, "shares": 29940000, "filerUrl": "", "transactionText": "", "filerName": "Bioscope Cinemas Pvt Ltd", "filerRelation": "Institution- Corporation", "moneyText": "", "startDate": "2020-08-12", "ownership": "D"}, {"maxAge": 1, "shares": 40775000, "filerUrl": "", "transactionText": "", "filerName": "Digital Satellite Media & Broadband Pvt. Ltd.", "filerRelation": "Institution- Corporation", "moneyText": "", "startDate": "2020-08-12", "ownership": "D"}, {"maxAge": 1, "shares": 16519000, "filerUrl": "", "transactionText": "", "filerName": "Bioscope Cinemas Pvt Ltd", "filerRelation": "Institution- Corporation", "moneyText": "", "startDate": "2020-04-07", "ownership": "D"}, {"maxAge": 1, "shares": 11883115, "filerUrl": "", "transactionText": "", "filerName": "Arrow Media & Broadband Pvt. Ltd.", "filerRelation": "Promoter", "moneyText": "", "startDate": "2019-02-28", "ownership": "D"}, {"maxAge": 1, "shares": 6017355, "filerUrl": "", "transactionText": "", "filerName": "Arrow Media & Broadband Pvt. Ltd.", "filerRelation": "Promoter", "moneyText": "", "startDate": "2019-02-27", "ownership": "D"}, {"maxAge": 1, "shares": 39242387, "filerUrl": "", "transactionText": "", "filerName": "Arrow Media & Broadband Pvt. Ltd.", "filerRelation": "Promoter", "moneyText": "", "startDate": "2019-01-28", "ownership": "D"}, {"maxAge": 1, "shares": 7058298, "filerUrl": "", "transactionText": "", "filerName": "Digital Satellite Media & Broadband Pvt. Ltd.", "filerRelation": "Promoter", "moneyText": "", "startDate": "2018-06-18", "ownership": "D"}, {"maxAge": 1, "shares": 1580000, "filerUrl": "", "transactionText": "", "filerName": "Digital Satellite Media & Broadband Pvt. Ltd.", "filerRelation": "Promoter", "moneyText": "", "startDate": "2018-06-13", "ownership": "D"}, {"maxAge": 1, "shares": 2000000, "filerUrl": "", "transactionText": "", "filerName": "Digital Satellite Media & Broadband Pvt. Ltd.", "filerRelation": "Promoter", "moneyText": "", "startDate": "2018-06-06", "ownership": "D"}, {"maxAge": 1, "shares": 17013828, "filerUrl": "", "transactionText": "", "filerName": "Digital Satellite Holdings Pvt Ltd", "filerRelation": "Promoter", "moneyText": "", "startDate": "2017-06-09", "ownership": "D"}, {"maxAge": 1, "shares": 30000000, "filerUrl": "", "transactionText": "", "filerName": "Digital Satellite Holdings Pvt Ltd", "filerRelation": "Promoter", "moneyText": "", "startDate": "2017-05-30", "ownership": "D"}, {"maxAge": 1, "shares": 19000000, "filerUrl": "", "transactionText": "", "filerName": "Direct Media Solutions Pvt Ltd", "filerRelation": "Promoter", "moneyText": "", "startDate": "2017-03-27", "ownership": "D"}, {"maxAge": 1, "shares": 19000000, "filerUrl": "", "transactionText": "", "filerName": "Manaaska Fashions L.L.P.", "filerRelation": "Institution- Corporation", "moneyText": "", "startDate": "2017-03-27", "ownership": "D"}, {"maxAge": 1, "shares": 51800000, "filerUrl": "", "transactionText": "", "filerName": "Digital Satellite Holdings Pvt Ltd", "filerRelation": "Institution- Corporation", "moneyText": "", "startDate": "2013-12-17", "ownership": "D"}, {"maxAge": 1, "shares": 8769898, "filerUrl": "", "transactionText": "", "filerName": "Digital Satellite Holdings Pvt Ltd", "filerRelation": "Institution- Corporation", "moneyText": "", "startDate": "2013-12-11", "ownership": "D"}, {"maxAge": 1, "shares": 10800000, "filerUrl": "", "transactionText": "", "filerName": "Digital Satellite Holdings Pvt Ltd", "filerRelation": "Institution- Corporation", "moneyText": "", "startDate": "2013-12-10", "ownership": "D"}, {"maxAge": 1, "shares": 400000, "filerUrl": "", "transactionText": "", "filerName": "Goel (Laxmi Narain)", "filerRelation": "Promoter", "moneyText": "", "startDate": "2012-08-16", "ownership": "D"}, {"maxAge": 1, "shares": 475000, "filerUrl": "", "transactionText": "", "filerName": "Goel (Laxmi Narain)", "filerRelation": "Promoter", "moneyText": "", "startDate": "2012-08-08", "ownership": "D"}], "maxAge": 1}, "sectorTrend": {"maxAge": 1, "symbol": null, "estimates": []}, "incomeStatementHistoryQuarterly": {"incomeStatementHistory": [{"maxAge": 1, "endDate": "2020-12-31", "totalRevenue": 3892000000, "costOfRevenue": 2243390000, "grossProfit": 1648610000, "researchDevelopment": {}, "sellingGeneralAdministrative": 190020000, "nonRecurring": {}, "otherOperatingExpenses": 834960000, "totalOperatingExpenses": 4130030000, "operatingIncome": -238030000, "totalOtherIncomeExpenseNet": -359590000, "ebit": -238030000, "interestExpense": -303190000, "incomeBeforeTax": -597620000, "incomeTaxExpense": -20950000, "minorityInterest": {}, "netIncomeFromContinuingOps": -576670000, "discontinuedOperations": {}, "extraordinaryItems": {}, "effectOfAccountingCharges": {}, "otherItems": {}, "netIncome": -574510000, "netIncomeApplicableToCommonShares": -574510000}, {"maxAge": 1, "endDate": "2020-09-30", "totalRevenue": 3898360000, "costOfRevenue": 2154060000, "grossProfit": 1744300000, "researchDevelopment": {}, "sellingGeneralAdministrative": 169920000, "nonRecurring": {}, "otherOperatingExpenses": 794240000, "totalOperatingExpenses": 3951210000, "operatingIncome": -52850000, "totalOtherIncomeExpenseNet": -287570000, "ebit": -52850000, "interestExpense": -314840000, "incomeBeforeTax": -340420000, "incomeTaxExpense": -530000, "minorityInterest": 1120610000, "netIncomeFromContinuingOps": -339890000, "discontinuedOperations": {}, "extraordinaryItems": {}, "effectOfAccountingCharges": {}, "otherItems": {}, "netIncome": -397100000, "netIncomeApplicableToCommonShares": -397100000}, {"maxAge": 1, "endDate": "2020-06-30", "totalRevenue": 3773110000, "costOfRevenue": 2081020000, "grossProfit": 1692090000, "researchDevelopment": {}, "sellingGeneralAdministrative": 164650000, "nonRecurring": {}, "otherOperatingExpenses": 842480000, "totalOperatingExpenses": 3949060000, "operatingIncome": -175950000, "totalOtherIncomeExpenseNet": -272360000, "ebit": -175950000, "interestExpense": -338790000, "incomeBeforeTax": -448310000, "incomeTaxExpense": 9850000, "minorityInterest": 1120610000, "netIncomeFromContinuingOps": -458160000, "discontinuedOperations": {}, "extraordinaryItems": {}, "effectOfAccountingCharges": {}, "otherItems": {}, "netIncome": -466720000, "netIncomeApplicableToCommonShares": -466720000}, {"maxAge": 1, "endDate": "2020-03-31", "totalRevenue": 4082930000, "costOfRevenue": 2185570000, "grossProfit": 1897360000, "researchDevelopment": {}, "sellingGeneralAdministrative": 375940000, "nonRecurring": {}, "otherOperatingExpenses": 660060000, "totalOperatingExpenses": 4130230000, "operatingIncome": -47300000, "totalOtherIncomeExpenseNet": -637810000, "ebit": -47300000, "interestExpense": -281350000, "incomeBeforeTax": -685110000, "incomeTaxExpense": 17900000, "minorityInterest": 1055760000, "netIncomeFromContinuingOps": -703010000, "discontinuedOperations": {}, "extraordinaryItems": {}, "effectOfAccountingCharges": {}, "otherItems": {}, "netIncome": -688940000, "netIncomeApplicableToCommonShares": -688940000}], "maxAge": 86400}, "cashflowStatementHistoryQuarterly": {"cashflowStatements": [{"maxAge": 1, "endDate": "2020-12-31", "netIncome": -574510000, "changeToLiabilities": 0}, {"maxAge": 1, "endDate": "2020-09-30", "netIncome": -397100000, "changeToLiabilities": 0}, {"maxAge": 1, "endDate": "2020-06-30", "netIncome": -466720000, "changeToLiabilities": 0}, {"maxAge": 1, "endDate": "2020-03-31", "netIncome": -688940000, "changeToLiabilities": 0}], "maxAge": 86400}, "earnings": {"maxAge": 86400, "earningsChart": {"quarterly": [], "earningsDate": ["2018-08-09 05:30:S", "2018-08-13 05:30:S"]}, "financialsChart": {"yearly": [{"date": 2017, "revenue": 11949160000, "earnings": -1885290000}, {"date": 2018, "revenue": 14104010000, "earnings": -1938570000}, {"date": 2019, "revenue": 14421340000, "earnings": -2661940000}, {"date": 2020, "revenue": 16185850000, "earnings": -1890370000}], "quarterly": [{"date": "1Q2020", "revenue": 4082930000, "earnings": -688940000}, {"date": "2Q2020", "revenue": 3773110000, "earnings": -466720000}, {"date": "3Q2020", "revenue": 3898360000, "earnings": -397100000}, {"date": "4Q2020", "revenue": 3892000000, "earnings": -574510000}]}, "financialCurrency": "INR"}, "financialData": {"maxAge": 86400, "currentPrice": 0.8, "targetHighPrice": 27.0, "targetLowPrice": 16.0, "targetMeanPrice": 21.5, "targetMedianPrice": 21.5, "recommendationMean": 3.0, "recommendationKey": "hold", "numberOfAnalystOpinions": 2, "totalCash": 2116839936, "totalCashPerShare": 2.579, "ebitda": 2414412544, "totalDebt": 12168330240, "totalRevenue": 15646400512, "debtToEquity": 3681.126, "revenuePerShare": 17.768, "grossProfits": 7677950000, "revenueGrowth": -0.033, "grossMargins": 0.45145, "ebitdaMargins": 0.15431, "operatingMargins": -0.0277, "profitMargins": -0.13333, "financialCurrency": "INR"}}}