{"SITINET.BO": {"recommendationTrend": {"trend": [{"period": "0m", "strongBuy": 0, "buy": 0, "hold": 0, "sell": 0, "strongSell": 0}, {"period": "-1m", "strongBuy": 0, "buy": 0, "hold": 0, "sell": 0, "strongSell": 0}, {"period": "-2m", "strongBuy": 0, "buy": 0, "hold": 0, "sell": 0, "strongSell": 0}, {"period": "-3m", "strongBuy": 0, "buy": 0, "hold": 0, "sell": 0, "strongSell": 0}], "maxAge": 86400}, "cashflowStatementHistory": {"cashflowStatements": [{"maxAge": 1, "endDate": "2020-03-31", "netIncome": -1890370000, "depreciation": 2993270000, "changeToNetincome": 1963630000, "changeToAccountReceivables": 18560000, "changeToLiabilities": 809670000, "changeToInventory": 4500000, "changeToOperatingActivities": 679010000, "totalCashFromOperatingActivities": 5042070000, "capitalExpenditures": -1173940000, "investments": -35220000, "otherCashflowsFromInvestingActivities": 138670000, "totalCashflowsFromInvestingActivities": -421350000, "netBorrowings": -2597040000, "otherCashflowsFromFinancingActivities": -981710000, "totalCashFromFinancingActivities": -3578750000, "changeInCash": 1041970000}, {"maxAge": 1, "endDate": "2019-03-31", "netIncome": -2661940000, "depreciation": 3166240000, "changeToNetincome": 2745280000, "changeToAccountReceivables": -1503290000, "changeToLiabilities": 1399060000, "changeToInventory": 127230000, "changeToOperatingActivities": 657160000, "totalCashFromOperatingActivities": 4371040000, "capitalExpenditures": -2400400000, "investments": -101750000, "otherCashflowsFromInvestingActivities": 637280000, "totalCashflowsFromInvestingActivities": -1852690000, "netBorrowings": -1238540000, "otherCashflowsFromFinancingActivities": -1499430000, "totalCashFromFinancingActivities": -2737970000, "changeInCash": -219620000}, {"maxAge": 1, "endDate": "2018-03-31", "netIncome": -1938570000, "depreciation": 2848460000, "changeToNetincome": 2112710000, "changeToAccountReceivables": -813960000, "changeToLiabilities": 1028230000, "changeToInventory": -52320000, "changeToOperatingActivities": -141500000, "totalCashFromOperatingActivities": 3414160000, "capitalExpenditures": -3881620000, "investments": -1580000, "otherCashflowsFromInvestingActivities": -2610000, "totalCashflowsFromInvestingActivities": -3867260000, "netBorrowings": 760980000, "otherCashflowsFromFinancingActivities": -1079130000, "totalCashFromFinancingActivities": -318150000, "changeInCash": -771250000}, {"maxAge": 1, "endDate": "2017-03-31", "netIncome": -1885290000, "depreciation": 2113960000, "changeToNetincome": 1830000000, "changeToAccountReceivables": -1571470000, "changeToLiabilities": 845570000, "changeToInventory": 24960000, "changeToOperatingActivities": -266310000, "totalCashFromOperatingActivities": 1368660000, "capitalExpenditures": -6192350000, "investments": -29450000, "otherCashflowsFromInvestingActivities": -22150000, "totalCashflowsFromInvestingActivities": -6243950000, "netBorrowings": 2359620000, "otherCashflowsFromFinancingActivities": 539860000, "totalCashFromFinancingActivities": 2903630000, "changeInCash": -1971660000, "issuanceOfStock": 4150000}], "maxAge": 86400}, "institutionOwnership": {"ownershipList": [], "maxAge": 1}, "balanceSheetHistoryQuarterly": {"balanceSheetStatements": [{"maxAge": 1, "endDate": "2020-06-30", "totalStockholderEquity": 85140000, "netTangibleAssets": -2510110000}, {"maxAge": 1, "endDate": "2020-03-31", "cash": 1757640000, "shortTermInvestments": 20860000, "netReceivables": 4772300000, "inventory": 13490000, "otherCurrentAssets": 1231210000, "totalCurrentAssets": 7864530000, "longTermInvestments": 201100000, "propertyPlantEquipment": 12410980000, "goodWill": 485520000, "intangibleAssets": 2109730000, "otherAssets": 1163000000, "deferredLongTermAssetCharges": 26390000, "totalAssets": 24234860000, "accountsPayable": 7383910000, "shortLongTermDebt": 6270270000, "otherCurrentLiab": 1183030000, "longTermDebt": 4223820000, "otherLiab": 1202390000, "minorityInterest": 1055760000, "totalCurrentLiabilities": 17657440000, "totalLiab": 23093960000, "commonStock": 872050000, "retainedEarnings": -16846930000, "treasuryStock": 42650000, "capitalSurplus": 16017370000, "otherStockholderEquity": 42650000, "totalStockholderEquity": 85140000, "netTangibleAssets": -2510110000}, {"maxAge": 1, "endDate": "2019-12-31"}, {"maxAge": 1, "endDate": "2019-09-30"}], "maxAge": 86400}, "earningsHistory": {"history": [{"maxAge": 1, "epsActual": {}, "epsEstimate": {}, "epsDifference": {}, "surprisePercent": {}, "quarter": {}, "period": "-4q"}, {"maxAge": 1, "epsActual": {}, "epsEstimate": {}, "epsDifference": {}, "surprisePercent": {}, "quarter": {}, "period": "-3q"}, {"maxAge": 1, "epsActual": {}, "epsEstimate": {}, "epsDifference": {}, "surprisePercent": {}, "quarter": {}, "period": "-2q"}, {"maxAge": 1, "epsActual": {}, "epsEstimate": {}, "epsDifference": {}, "surprisePercent": {}, "quarter": {}, "period": "-1q"}], "maxAge": 86400}, "indexTrend": {"maxAge": 1, "symbol": "SP5", "peRatio": 19.7411, "pegRatio": 1.34172, "estimates": [{"period": "0q", "growth": 0.549}, {"period": "+1q", "growth": 0.431}, {"period": "0y", "growth": 0.305}, {"period": "+1y", "growth": 0.109}, {"period": "+5y", "growth": 0.120865}, {"period": "-5y"}]}, "industryTrend": {"maxAge": 1, "symbol": null, "estimates": []}, "insiderTransactions": {"transactions": [{"maxAge": 1, "shares": 18964000, "filerUrl": "", "transactionText": "", "filerName": "Manaaska Fashions L.L.P.", "filerRelation": "Institution- Corporation", "moneyText": "", "startDate": "2020-08-12", "ownership": "D"}, {"maxAge": 1, "shares": 40775000, "filerUrl": "", "transactionText": "", "filerName": "Digital Satellite Media & Broadband Pvt. Ltd.", "filerRelation": "Institution- Corporation", "moneyText": "", "startDate": "2020-08-12", "ownership": "D"}, {"maxAge": 1, "shares": 46232910, "filerUrl": "", "transactionText": "", "filerName": "Digital Satellite Holdings Pvt Ltd", "filerRelation": "Institution- Corporation", "moneyText": "", "startDate": "2020-08-12", "ownership": "D"}, {"maxAge": 1, "shares": 29940000, "filerUrl": "", "transactionText": "", "filerName": "Bioscope Cinemas Pvt Ltd", "filerRelation": "Institution- Corporation", "moneyText": "", "startDate": "2020-08-12", "ownership": "D"}, {"maxAge": 1, "shares": 16519000, "filerUrl": "", "transactionText": "", "filerName": "Bioscope Cinemas Pvt Ltd", "filerRelation": "Institution- Corporation", "moneyText": "", "startDate": "2020-04-07", "ownership": "D"}, {"maxAge": 1, "shares": 11883115, "filerUrl": "", "transactionText": "", "filerName": "Arrow Media & Broadband Pvt. Ltd.", "filerRelation": "Promoter", "moneyText": "", "startDate": "2019-02-28", "ownership": "D"}, {"maxAge": 1, "shares": 6017355, "filerUrl": "", "transactionText": "", "filerName": "Arrow Media & Broadband Pvt. Ltd.", "filerRelation": "Promoter", "moneyText": "", "startDate": "2019-02-27", "ownership": "D"}, {"maxAge": 1, "shares": 39242387, "filerUrl": "", "transactionText": "", "filerName": "Arrow Media & Broadband Pvt. Ltd.", "filerRelation": "Promoter", "moneyText": "", "startDate": "2019-01-28", "ownership": "D"}, {"maxAge": 1, "shares": 7058298, "filerUrl": "", "transactionText": "", "filerName": "Digital Satellite Media & Broadband Pvt. Ltd.", "filerRelation": "Promoter", "moneyText": "", "startDate": "2018-06-18", "ownership": "D"}, {"maxAge": 1, "shares": 1580000, "filerUrl": "", "transactionText": "", "filerName": "Digital Satellite Media & Broadband Pvt. Ltd.", "filerRelation": "Promoter", "moneyText": "", "startDate": "2018-06-13", "ownership": "D"}, {"maxAge": 1, "shares": 2000000, "filerUrl": "", "transactionText": "", "filerName": "Digital Satellite Media & Broadband Pvt. Ltd.", "filerRelation": "Promoter", "moneyText": "", "startDate": "2018-06-06", "ownership": "D"}, {"maxAge": 1, "shares": 17013828, "filerUrl": "", "transactionText": "", "filerName": "Digital Satellite Holdings Pvt Ltd", "filerRelation": "Promoter", "moneyText": "", "startDate": "2017-06-09", "ownership": "D"}, {"maxAge": 1, "shares": 30000000, "filerUrl": "", "transactionText": "", "filerName": "Digital Satellite Holdings Pvt Ltd", "filerRelation": "Promoter", "moneyText": "", "startDate": "2017-05-30", "ownership": "D"}, {"maxAge": 1, "shares": 19000000, "filerUrl": "", "transactionText": "", "filerName": "Manaaska Fashions L.L.P.", "filerRelation": "Institution- Corporation", "moneyText": "", "startDate": "2017-03-27", "ownership": "D"}, {"maxAge": 1, "shares": 19000000, "filerUrl": "", "transactionText": "", "filerName": "Direct Media Solutions Pvt Ltd", "filerRelation": "Promoter", "moneyText": "", "startDate": "2017-03-27", "ownership": "D"}, {"maxAge": 1, "shares": 51800000, "filerUrl": "", "transactionText": "", "filerName": "Digital Satellite Holdings Pvt Ltd", "filerRelation": "Institution- Corporation", "moneyText": "", "startDate": "2013-12-17", "ownership": "D"}, {"maxAge": 1, "shares": 8769898, "filerUrl": "", "transactionText": "", "filerName": "Digital Satellite Holdings Pvt Ltd", "filerRelation": "Institution- Corporation", "moneyText": "", "startDate": "2013-12-11", "ownership": "D"}, {"maxAge": 1, "shares": 10800000, "filerUrl": "", "transactionText": "", "filerName": "Digital Satellite Holdings Pvt Ltd", "filerRelation": "Institution- Corporation", "moneyText": "", "startDate": "2013-12-10", "ownership": "D"}, {"maxAge": 1, "shares": 400000, "filerUrl": "", "transactionText": "", "filerName": "Goel (Laxmi Narain)", "filerRelation": "Promoter", "moneyText": "", "startDate": "2012-08-16", "ownership": "D"}, {"maxAge": 1, "shares": 475000, "filerUrl": "", "transactionText": "", "filerName": "Goel (Laxmi Narain)", "filerRelation": "Promoter", "moneyText": "", "startDate": "2012-08-08", "ownership": "D"}], "maxAge": 1}, "quoteType": {"exchange": "BSE", "quoteType": "EQUITY", "symbol": "SITINET.BO", "underlyingSymbol": "SITINET.BO", "shortName": "Siti Networks Ltd.", "longName": "SITI Networks Limited", "firstTradeDateEpochUtc": "2000-01-03 09:15:00", "timeZoneFullName": "Asia/Kolkata", "timeZoneShortName": "IST", "uuid": "bc27cc94-8e45-3f1f-a19c-6df1f6b158c1", "gmtOffSetMilliseconds": 19800000, "maxAge": 1}, "incomeStatementHistory": {"incomeStatementHistory": [{"maxAge": 1, "endDate": "2020-03-31", "totalRevenue": 16185850000, "costOfRevenue": 8507900000, "grossProfit": 7677950000, "researchDevelopment": {}, "sellingGeneralAdministrative": 954210000, "nonRecurring": {}, "otherOperatingExpenses": 3271730000, "totalOperatingExpenses": 16211640000, "operatingIncome": -25790000, "totalOtherIncomeExpenseNet": -1921690000, "ebit": -25790000, "interestExpense": -1502950000, "incomeBeforeTax": -1947480000, "incomeTaxExpense": -65810000, "minorityInterest": 1055760000, "netIncomeFromContinuingOps": -1881670000, "discontinuedOperations": {}, "extraordinaryItems": {}, "effectOfAccountingCharges": {}, "otherItems": {}, "netIncome": -1890370000, "netIncomeApplicableToCommonShares": -1890370000}, {"maxAge": 1, "endDate": "2019-03-31", "totalRevenue": 14421340000, "costOfRevenue": 6640670000, "grossProfit": 7780670000, "researchDevelopment": {}, "sellingGeneralAdministrative": 1053120000, "nonRecurring": {}, "otherOperatingExpenses": 3379300000, "totalOperatingExpenses": 14718660000, "operatingIncome": -297320000, "totalOtherIncomeExpenseNet": -2245110000, "ebit": -297320000, "interestExpense": -1525650000, "incomeBeforeTax": -2542430000, "incomeTaxExpense": 100400000, "minorityInterest": 1047060000, "netIncomeFromContinuingOps": -2642830000, "discontinuedOperations": {}, "extraordinaryItems": {}, "effectOfAccountingCharges": {}, "otherItems": {}, "netIncome": -2661940000, "netIncomeApplicableToCommonShares": -2661940000}, {"maxAge": 1, "endDate": "2018-03-31", "totalRevenue": 14104010000, "costOfRevenue": 6447610000, "grossProfit": 7656400000, "researchDevelopment": {}, "sellingGeneralAdministrative": 1183470000, "nonRecurring": {}, "otherOperatingExpenses": 3258890000, "totalOperatingExpenses": 14138420000, "operatingIncome": -34410000, "totalOtherIncomeExpenseNet": -1546790000, "ebit": -34410000, "interestExpense": -1114580000, "incomeBeforeTax": -1581200000, "incomeTaxExpense": 117770000, "minorityInterest": 1160330000, "netIncomeFromContinuingOps": -1698970000, "discontinuedOperations": {}, "extraordinaryItems": {}, "effectOfAccountingCharges": {}, "otherItems": {}, "netIncome": -1938570000, "netIncomeApplicableToCommonShares": -1938570000}, {"maxAge": 1, "endDate": "2017-03-31", "totalRevenue": 11949160000, "costOfRevenue": 6156960000, "grossProfit": 5792200000, "researchDevelopment": {}, "sellingGeneralAdministrative": 1104880000, "nonRecurring": {}, "otherOperatingExpenses": 2608110000, "totalOperatingExpenses": 12234060000, "operatingIncome": -284900000, "totalOtherIncomeExpenseNet": -1314770000, "ebit": -284900000, "interestExpense": -1000140000, "incomeBeforeTax": -1599670000, "incomeTaxExpense": 192640000, "minorityInterest": 920440000, "netIncomeFromContinuingOps": -1792310000, "discontinuedOperations": {}, "extraordinaryItems": {}, "effectOfAccountingCharges": {}, "otherItems": {}, "netIncome": -1885290000, "netIncomeApplicableToCommonShares": -1885290000}], "maxAge": 86400}, "fundOwnership": {"ownershipList": [], "maxAge": 1}, "summaryDetail": {"maxAge": 1, "priceHint": 4, "previousClose": 0.82, "open": 0.82, "dayLow": 0.8, "dayHigh": 0.84, "regularMarketPreviousClose": 0.82, "regularMarketOpen": 0.82, "regularMarketDayLow": 0.8, "regularMarketDayHigh": 0.84, "volume": 1285150, "regularMarketVolume": 1285150, "averageVolume": 3943589, "averageVolume10days": 1281460, "averageDailyVolume10Day": 1281460, "bid": 0.0, "ask": 0.83, "bidSize": 0, "askSize": 0, "marketCap": 723804800, "fiftyTwoWeekLow": 0.5, "fiftyTwoWeekHigh": 2.75, "fiftyDayAverage": 1.3169698, "twoHundredDayAverage": 1.3221323, "currency": "INR", "fromCurrency": null, "lastMarket": null, "algorithm": null, "tradeable": false}, "sectorTrend": {"maxAge": 1, "symbol": null, "estimates": []}, "incomeStatementHistoryQuarterly": {"incomeStatementHistory": [{"maxAge": 1, "endDate": "2020-06-30", "totalRevenue": 3773110000, "costOfRevenue": 2081020000, "grossProfit": 1692090000, "researchDevelopment": {}, "sellingGeneralAdministrative": 164650000, "nonRecurring": {}, "otherOperatingExpenses": 842480000, "totalOperatingExpenses": 3949060000, "operatingIncome": -175950000, "totalOtherIncomeExpenseNet": -272360000, "ebit": -175950000, "interestExpense": -338790000, "incomeBeforeTax": -448310000, "incomeTaxExpense": 9850000, "minorityInterest": {}, "netIncomeFromContinuingOps": -458160000, "discontinuedOperations": {}, "extraordinaryItems": {}, "effectOfAccountingCharges": {}, "otherItems": {}, "netIncome": -466720000, "netIncomeApplicableToCommonShares": -466720000}, {"maxAge": 1, "endDate": "2020-03-31", "totalRevenue": 4082930000, "costOfRevenue": 2185570000, "grossProfit": 1897360000, "researchDevelopment": {}, "sellingGeneralAdministrative": 375940000, "nonRecurring": {}, "otherOperatingExpenses": 660060000, "totalOperatingExpenses": 4130230000, "operatingIncome": -47300000, "totalOtherIncomeExpenseNet": -637810000, "ebit": -47300000, "interestExpense": -281350000, "incomeBeforeTax": -685110000, "incomeTaxExpense": 17900000, "minorityInterest": 1055760000, "netIncomeFromContinuingOps": -703010000, "discontinuedOperations": {}, "extraordinaryItems": {}, "effectOfAccountingCharges": {}, "otherItems": {}, "netIncome": -688940000, "netIncomeApplicableToCommonShares": -688940000}, {"maxAge": 1, "endDate": "2019-12-31", "totalRevenue": 4026010000, "costOfRevenue": 2145990000, "grossProfit": 1880020000, "researchDevelopment": {}, "sellingGeneralAdministrative": 187490000, "nonRecurring": {}, "otherOperatingExpenses": 842880000, "totalOperatingExpenses": 4041070000, "operatingIncome": -15060000, "totalOtherIncomeExpenseNet": -319930000, "ebit": -15060000, "interestExpense": -380580000, "incomeBeforeTax": -334990000, "incomeTaxExpense": 960000, "minorityInterest": 1055760000, "netIncomeFromContinuingOps": -335950000, "discontinuedOperations": {}, "extraordinaryItems": {}, "effectOfAccountingCharges": {}, "otherItems": {}, "netIncome": -327900000, "netIncomeApplicableToCommonShares": -327900000}, {"maxAge": 1, "endDate": "2019-09-30", "totalRevenue": 4124960000, "costOfRevenue": 2198590000, "grossProfit": 1926370000, "researchDevelopment": {}, "sellingGeneralAdministrative": 185170000, "nonRecurring": {}, "otherOperatingExpenses": 812310000, "totalOperatingExpenses": 4053420000, "operatingIncome": 71540000, "totalOtherIncomeExpenseNet": -382150000, "ebit": 71540000, "interestExpense": -423760000, "incomeBeforeTax": -310610000, "incomeTaxExpense": 37220000, "minorityInterest": 1055760000, "netIncomeFromContinuingOps": -347830000, "discontinuedOperations": {}, "extraordinaryItems": {}, "effectOfAccountingCharges": {}, "otherItems": {}, "netIncome": -347830000, "netIncomeApplicableToCommonShares": -347830000}], "maxAge": 86400}, "cashflowStatementHistoryQuarterly": {"cashflowStatements": [{"maxAge": 1, "endDate": "2020-06-30", "netIncome": -466720000, "changeToLiabilities": 0}, {"maxAge": 1, "endDate": "2020-03-31", "netIncome": -688940000, "changeToLiabilities": 0}, {"maxAge": 1, "endDate": "2019-12-31", "netIncome": -327900000, "changeToLiabilities": 0}, {"maxAge": 1, "endDate": "2019-09-30", "netIncome": -347830000, "changeToLiabilities": 0}], "maxAge": 86400}, "insiderHolders": {"holders": [{"maxAge": 1, "name": "Arrow Media & Broadband Pvt. Ltd.", "relation": "Promoter", "url": "", "transactionDescription": "Sale", "latestTransDate": "2019-02-28", "positionDirect": 0, "positionDirectDate": "2019-02-28"}, {"maxAge": 1, "name": "Bioscope Cinemas Pvt Ltd", "relation": "Institution- Corporation", "url": "", "transactionDescription": "Sale", "latestTransDate": "2020-08-12", "positionDirect": 65549946, "positionDirectDate": "2020-08-12"}, {"maxAge": 1, "name": "Digital Satellite Holdings Pvt Ltd", "relation": "Institution- Corporation", "url": "", "transactionDescription": "Sale", "latestTransDate": "2020-08-12", "positionDirect": 72150816, "positionDirectDate": "2020-08-12"}, {"maxAge": 1, "name": "Digital Satellite Media & Broadband Pvt. Ltd.", "relation": "Institution- Corporation", "url": "", "transactionDescription": "Sale", "latestTransDate": "2020-08-12", "positionDirect": 15273, "positionDirectDate": "2020-08-12"}, {"maxAge": 1, "name": "Direct Media Solutions Pvt Ltd", "relation": "Promoter", "url": "", "transactionDescription": "Sale", "latestTransDate": "2017-03-27", "positionDirect": 121000000, "positionDirectDate": "2017-03-27"}, {"maxAge": 1, "name": "Goel (Laxmi Narain)", "relation": "Promoter", "url": "", "transactionDescription": "Sale", "latestTransDate": "2012-08-16", "positionDirect": 0, "positionDirectDate": "2012-08-16"}, {"maxAge": 1, "name": "Manaaska Fashions L.L.P.", "relation": "Institution- Corporation", "url": "", "transactionDescription": "Sale", "latestTransDate": "2020-08-12", "positionDirect": 36000, "positionDirectDate": "2020-08-12"}], "maxAge": 1}, "earnings": {"maxAge": 86400, "earningsChart": {"quarterly": [], "earningsDate": ["2020-02-07 05:30:S"]}, "financialsChart": {"yearly": [{"date": 2017, "revenue": 11949160000, "earnings": -1885290000}, {"date": 2018, "revenue": 14104010000, "earnings": -1938570000}, {"date": 2019, "revenue": 14421340000, "earnings": -2661940000}, {"date": 2020, "revenue": 16185850000, "earnings": -1890370000}], "quarterly": [{"date": "3Q2019", "revenue": 4124960000, "earnings": -347830000}, {"date": "4Q2019", "revenue": 4026010000, "earnings": -327900000}, {"date": "1Q2020", "revenue": 4082930000, "earnings": -688940000}, {"date": "2Q2020", "revenue": 3773110000, "earnings": -466720000}]}, "financialCurrency": "INR"}, "calendarEvents": {"maxAge": 1, "earnings": {"earningsDate": ["2020-02-07 05:30:S"], "revenueAverage": 15460000000, "revenueLow": 15460000000, "revenueHigh": 15460000000}}, "upgradeDowngradeHistory": {"history": [], "maxAge": 86400}, "price": {"maxAge": 1, "regularMarketChangePercent": 0.01219511, "regularMarketChange": 0.00999999, "regularMarketTime": "2021-04-30 15:57:39", "priceHint": 4, "regularMarketPrice": 0.83, "regularMarketDayHigh": 0.84, "regularMarketDayLow": 0.8, "regularMarketVolume": 1285150, "averageDailyVolume10Day": 1281460, "averageDailyVolume3Month": 3943589, "regularMarketPreviousClose": 0.82, "regularMarketSource": "FREE_REALTIME", "regularMarketOpen": 0.82, "exchange": "BSE", "exchangeName": "BSE", "exchangeDataDelayedBy": 0, "marketState": "CLOSED", "quoteType": "EQUITY", "symbol": "SITINET.BO", "underlyingSymbol": null, "shortName": "Siti Networks Ltd.", "longName": "SITI Networks Limited", "currency": "INR", "quoteSourceName": "Delayed Quote", "currencySymbol": "\u20b9", "fromCurrency": null, "lastMarket": null, "marketCap": 723804800}, "balanceSheetHistory": {"balanceSheetStatements": [{"maxAge": 1, "endDate": "2020-03-31", "cash": 1757640000, "shortTermInvestments": 20860000, "netReceivables": 4772300000, "inventory": 13490000, "otherCurrentAssets": 1231210000, "totalCurrentAssets": 7864530000, "longTermInvestments": 201100000, "propertyPlantEquipment": 12410980000, "goodWill": 485520000, "intangibleAssets": 2109730000, "otherAssets": 1163000000, "deferredLongTermAssetCharges": 26390000, "totalAssets": 24234860000, "accountsPayable": 7383910000, "shortLongTermDebt": 6270270000, "otherCurrentLiab": 1183030000, "longTermDebt": 4223820000, "otherLiab": 1202390000, "minorityInterest": 1055760000, "totalCurrentLiabilities": 17657440000, "totalLiab": 23093960000, "commonStock": 872050000, "retainedEarnings": -16846930000, "treasuryStock": 42650000, "capitalSurplus": 16017370000, "otherStockholderEquity": 42650000, "totalStockholderEquity": 85140000, "netTangibleAssets": -2510110000}, {"maxAge": 1, "endDate": "2019-03-31", "cash": 715670000, "shortTermInvestments": 65400000, "netReceivables": 6448680000, "inventory": 18020000, "otherCurrentAssets": 1494080000, "totalCurrentAssets": 8779410000, "longTermInvestments": 148580000, "propertyPlantEquipment": 15027220000, "goodWill": 485520000, "intangibleAssets": 2444410000, "otherAssets": 1258820000, "deferredLongTermAssetCharges": 13070000, "totalAssets": 28143960000, "accountsPayable": 6580880000, "shortLongTermDebt": 5353160000, "otherCurrentLiab": 1629290000, "longTermDebt": 7422280000, "otherLiab": 1348830000, "minorityInterest": 1047060000, "totalCurrentLiabilities": 16344050000, "totalLiab": 25116730000, "commonStock": 872050000, "retainedEarnings": -14951900000, "treasuryStock": 42650000, "capitalSurplus": 16017370000, "otherStockholderEquity": 42650000, "totalStockholderEquity": 1980170000, "netTangibleAssets": -949760000}, {"maxAge": 1, "endDate": "2018-03-31", "cash": 935310000, "shortTermInvestments": 325520000, "netReceivables": 4994450000, "inventory": 145250000, "otherCurrentAssets": 1606040000, "totalCurrentAssets": 8065700000, "longTermInvestments": 47170000, "propertyPlantEquipment": 17952880000, "goodWill": 540450000, "intangibleAssets": 2674950000, "otherAssets": 1621700000, "deferredLongTermAssetCharges": 10430000, "totalAssets": 30902850000, "accountsPayable": 5255950000, "shortLongTermDebt": 6929140000, "otherCurrentLiab": 2288640000, "longTermDebt": 5959670000, "otherLiab": 3381770000, "minorityInterest": 1160330000, "totalCurrentLiabilities": 16958850000, "totalLiab": 26312560000, "commonStock": 872050000, "retainedEarnings": -13521090000, "treasuryStock": 61630000, "capitalSurplus": 16017370000, "otherStockholderEquity": 61630000, "totalStockholderEquity": 3429960000, "netTangibleAssets": 214560000}, {"maxAge": 1, "endDate": "2017-03-31", "cash": 1706560000, "netReceivables": 5296130000, "inventory": 92930000, "otherCurrentAssets": 1412430000, "totalCurrentAssets": 8545910000, "longTermInvestments": 46970000, "propertyPlantEquipment": 18154240000, "goodWill": 582580000, "intangibleAssets": 2668920000, "otherAssets": 1398730000, "deferredLongTermAssetCharges": 5880000, "totalAssets": 31397350000, "accountsPayable": 4087260000, "shortLongTermDebt": 3113210000, "otherCurrentLiab": 2355590000, "longTermDebt": 10354220000, "otherLiab": 3395490000, "minorityInterest": 920440000, "totalCurrentLiabilities": 11326530000, "totalLiab": 25103630000, "commonStock": 872050000, "retainedEarnings": -11582510000, "treasuryStock": 66370000, "capitalSurplus": 16017370000, "otherStockholderEquity": 66370000, "totalStockholderEquity": 5373280000, "netTangibleAssets": 2121780000}], "maxAge": 86400}, "earningsTrend": {"trend": [{"maxAge": 1, "period": "0q", "endDate": "2010-12-31", "growth": {}, "earningsEstimate": {"avg": 0.0, "low": 0.0, "high": 0.0, "yearAgoEps": {}, "numberOfAnalysts": 0, "growth": {}}, "revenueEstimate": {"avg": 15460000000, "low": 15460000000, "high": 15460000000, "numberOfAnalysts": 1, "yearAgoRevenue": 14104000000, "growth": 0.096}, "epsTrend": {"current": 0.0, "7daysAgo": -1.5, "30daysAgo": -1.5, "60daysAgo": -1.5, "90daysAgo": -1.5}, "epsRevisions": {"upLast7days": 0, "upLast30days": 0, "downLast30days": 0, "downLast90days": {}}}, {"maxAge": 1, "period": "+1q", "endDate": "2011-03-31", "growth": {}, "earningsEstimate": {"avg": 0.0, "low": 0.0, "high": 0.0, "yearAgoEps": {}, "numberOfAnalysts": 0, "growth": {}}, "revenueEstimate": {"avg": 15460000000, "low": 15460000000, "high": 15460000000, "numberOfAnalysts": 1, "yearAgoRevenue": 14104000000, "growth": 0.096}, "epsTrend": {"current": 0.0, "7daysAgo": 0.0, "30daysAgo": 0.0, "60daysAgo": 0.0, "90daysAgo": 0.0}, "epsRevisions": {"upLast7days": 0, "upLast30days": 0, "downLast30days": 0, "downLast90days": {}}}, {"maxAge": 1, "period": "0y", "endDate": "2019-03-31", "growth": {}, "earningsEstimate": {"avg": 0.0, "low": 0.0, "high": 0.0, "yearAgoEps": {}, "numberOfAnalysts": 0, "growth": {}}, "revenueEstimate": {"avg": 15460000000, "low": 15460000000, "high": 15460000000, "numberOfAnalysts": 1, "yearAgoRevenue": 14104000000, "growth": 0.096}, "epsTrend": {"current": 0.0, "7daysAgo": 0.0, "30daysAgo": 0.0, "60daysAgo": 0.0, "90daysAgo": 0.0}, "epsRevisions": {"upLast7days": 0, "upLast30days": 0, "downLast30days": 0, "downLast90days": {}}}, {"maxAge": 1, "period": "+1y", "endDate": "2011-03-31", "growth": {}, "earningsEstimate": {"avg": 0.0, "low": 0.0, "high": 0.0, "yearAgoEps": {}, "numberOfAnalysts": 0, "growth": {}}, "revenueEstimate": {"avg": 3059540000, "low": 2934000000, "high": 2934000000, "numberOfAnalysts": 1, "yearAgoRevenue": 15460000000, "growth": -0.802}, "epsTrend": {"current": 0.0, "7daysAgo": -1.6, "30daysAgo": -1.6, "60daysAgo": -1.6, "90daysAgo": -1.6}, "epsRevisions": {"upLast7days": 0, "upLast30days": 0, "downLast30days": 0, "downLast90days": {}}}, {"maxAge": 1, "period": "+5y", "endDate": null, "growth": -0.18, "earningsEstimate": {"avg": {}, "low": {}, "high": {}, "yearAgoEps": {}, "numberOfAnalysts": {}, "growth": {}}, "revenueEstimate": {"avg": {}, "low": {}, "high": {}, "numberOfAnalysts": {}, "yearAgoRevenue": {}, "growth": {}}, "epsTrend": {"current": {}, "7daysAgo": {}, "30daysAgo": {}, "60daysAgo": {}, "90daysAgo": {}}, "epsRevisions": {"upLast7days": {}, "upLast30days": {}, "downLast30days": {}, "downLast90days": {}}}, {"maxAge": 1, "period": "-5y", "endDate": null, "growth": {}, "earningsEstimate": {"avg": {}, "low": {}, "high": {}, "yearAgoEps": {}, "numberOfAnalysts": {}, "growth": {}}, "revenueEstimate": {"avg": {}, "low": {}, "high": {}, "numberOfAnalysts": {}, "yearAgoRevenue": {}, "growth": {}}, "epsTrend": {"current": {}, "7daysAgo": {}, "30daysAgo": {}, "60daysAgo": {}, "90daysAgo": {}}, "epsRevisions": {"upLast7days": {}, "upLast30days": {}, "downLast30days": {}, "downLast90days": {}}}], "maxAge": 1}, "financialData": {"maxAge": 86400, "currentPrice": 0.83, "targetHighPrice": 27.0, "targetLowPrice": 13.0, "targetMeanPrice": 20.0, "targetMedianPrice": 20.0, "recommendationKey": "none", "numberOfAnalystOpinions": 2, "grossProfits": 7677950000, "financialCurrency": "INR"}}}