{"SJVN.BO": {"cashflowStatementHistory": {"cashflowStatements": [{"maxAge": 1, "endDate": "2020-03-31", "netIncome": 16556400000, "depreciation": 3840900000, "changeToNetincome": -1017800000, "changeToAccountReceivables": 150900000, "changeToLiabilities": 155100000, "changeToInventory": -46100000, "changeToOperatingActivities": -2504100000, "totalCashFromOperatingActivities": 17135300000, "capitalExpenditures": -12686700000, "investments": 8905500000, "otherCashflowsFromInvestingActivities": 2834400000, "totalCashflowsFromInvestingActivities": -946800000, "dividendsPaid": -9220000000, "netBorrowings": -1268100000, "otherCashflowsFromFinancingActivities": -2966200000, "totalCashFromFinancingActivities": -13454300000, "changeInCash": 2734200000}, {"maxAge": 1, "endDate": "2019-03-31", "netIncome": 13625800000, "depreciation": 3902600000, "changeToNetincome": -163300000, "changeToAccountReceivables": -4873900000, "changeToLiabilities": -12000000, "changeToInventory": 56000000, "changeToOperatingActivities": -2356300000, "totalCashFromOperatingActivities": 10178900000, "capitalExpenditures": -7738400000, "investments": 4868000000, "otherCashflowsFromInvestingActivities": 2529900000, "totalCashflowsFromInvestingActivities": -340500000, "dividendsPaid": -6679600000, "netBorrowings": -2054500000, "otherCashflowsFromFinancingActivities": -2336100000, "totalCashFromFinancingActivities": -11070200000, "changeInCash": -1231800000}, {"maxAge": 1, "endDate": "2018-03-31", "netIncome": 12215700000, "depreciation": 3645100000, "changeToNetincome": -1566800000, "changeToAccountReceivables": 3361000000, "changeToLiabilities": -14800000, "changeToInventory": -109400000, "changeToOperatingActivities": -1117200000, "totalCashFromOperatingActivities": 16413600000, "capitalExpenditures": -3494500000, "investments": 603700000, "otherCashflowsFromInvestingActivities": 3041700000, "totalCashflowsFromInvestingActivities": 150900000, "dividendsPaid": -9926100000, "netBorrowings": -1860900000, "otherCashflowsFromFinancingActivities": -2864300000, "totalCashFromFinancingActivities": -22722900000, "changeInCash": -6158400000, "repurchaseOfStock": -8071600000}, {"maxAge": 1, "endDate": "2017-03-31", "netIncome": 15411800000, "depreciation": 6798800000, "changeToNetincome": -3148200000, "changeToAccountReceivables": 3811300000, "changeToLiabilities": 97100000, "changeToInventory": -3500000, "changeToOperatingActivities": 796800000, "totalCashFromOperatingActivities": 23764100000, "capitalExpenditures": -5943200000, "investments": -9236200000, "otherCashflowsFromInvestingActivities": 3187100000, "totalCashflowsFromInvestingActivities": -11992300000, "dividendsPaid": -11251600000, "netBorrowings": -1829600000, "otherCashflowsFromFinancingActivities": -3131500000, "totalCashFromFinancingActivities": -16212700000, "changeInCash": -4440900000, "repurchaseOfStock": -8071600000}], "maxAge": 86400}, "institutionOwnership": {"ownershipList": [], "maxAge": 1}, "balanceSheetHistoryQuarterly": {"balanceSheetStatements": [{"maxAge": 1, "endDate": "2020-06-30", "totalStockholderEquity": 117760700000, "netTangibleAssets": 117427500000}, {"maxAge": 1, "endDate": "2020-03-31", "cash": 3125000000, "shortTermInvestments": 19126000000, "netReceivables": 10812600000, "inventory": 528700000, "otherCurrentAssets": 1866500000, "totalCurrentAssets": 36033400000, "longTermInvestments": 1951100000, "propertyPlantEquipment": 102829100000, "intangibleAssets": 333200000, "otherAssets": 15653800000, "deferredLongTermAssetCharges": 5096300000, "totalAssets": 156800600000, "accountsPayable": 399100000, "shortLongTermDebt": 2416100000, "otherCurrentLiab": 3833300000, "longTermDebt": 19721900000, "otherLiab": 9311400000, "deferredLongTermLiab": 5328700000, "totalCurrentLiabilities": 9865900000, "totalLiab": 39039900000, "commonStock": 39298000000, "retainedEarnings": 76394400000, "treasuryStock": 2068300000, "otherStockholderEquity": 2068300000, "totalStockholderEquity": 117760700000, "netTangibleAssets": 117427500000}, {"maxAge": 1, "endDate": "2019-12-31", "totalStockholderEquity": 119764900000, "netTangibleAssets": 119497600000}, {"maxAge": 1, "endDate": "2019-09-30", "cash": 32874100000, "shortTermInvestments": 4012200000, "netReceivables": 10833600000, "inventory": 518000000, "otherCurrentAssets": 2255300000, "totalCurrentAssets": 50493200000, "longTermInvestments": 1711100000, "propertyPlantEquipment": 98131200000, "intangibleAssets": 267300000, "otherAssets": 9737900000, "deferredLongTermAssetCharges": 2805100000, "totalAssets": 160340700000, "accountsPayable": 313400000, "otherCurrentLiab": 11739000000, "longTermDebt": 19677600000, "otherLiab": 8845800000, "deferredLongTermLiab": 3927400000, "totalCurrentLiabilities": 12052400000, "totalLiab": 40575800000, "commonStock": 39298000000, "treasuryStock": 80466900000, "otherStockholderEquity": 80466900000, "totalStockholderEquity": 119764900000, "netTangibleAssets": 119497600000}], "maxAge": 86400}, "indexTrend": {"maxAge": 1, "symbol": "SP5", "peRatio": 19.7411, "pegRatio": 1.34172, "estimates": [{"period": "0q", "growth": 0.549}, {"period": "+1q", "growth": 0.431}, {"period": "0y", "growth": 0.305}, {"period": "+1y", "growth": 0.109}, {"period": "+5y", "growth": 0.120865}, {"period": "-5y"}]}, "insiderTransactions": {"transactions": [{"maxAge": 1, "shares": 44324919, "filerUrl": "", "transactionText": "", "filerName": "President of India", "filerRelation": "Promoter", "moneyText": "", "startDate": "2020-02-03", "ownership": "D"}, {"maxAge": 1, "shares": 4272044, "filerUrl": "", "transactionText": "", "filerName": "President of India", "filerRelation": "Promoter", "moneyText": "", "startDate": "2019-10-10", "ownership": "D"}, {"maxAge": 1, "shares": 30476470, "filerUrl": "", "transactionText": "", "filerName": "President of India", "filerRelation": "Promoter", "moneyText": "", "startDate": "2019-07-22", "ownership": "D"}, {"maxAge": 1, "shares": 19902572, "filerUrl": "", "transactionText": "", "filerName": "President of India", "filerRelation": "Promoter", "moneyText": "", "startDate": "2019-03-25", "ownership": "D"}, {"maxAge": 1, "shares": 9578964, "filerUrl": "", "transactionText": "", "filerName": "President of India", "filerRelation": "Promoter", "moneyText": "", "startDate": "2019-02-19", "ownership": "D"}, {"maxAge": 1, "shares": 43266555, "filerUrl": "", "transactionText": "", "filerName": "President of India", "filerRelation": "Promoter", "moneyText": "", "startDate": "2018-12-04", "ownership": "D"}, {"maxAge": 1, "shares": 149977422, "filerUrl": "", "transactionText": "", "filerName": "President of India", "filerRelation": "Promoter", "moneyText": "", "startDate": "2018-06-22", "ownership": "D"}, {"maxAge": 1, "shares": 10010621, "filerUrl": "", "transactionText": "", "filerName": "President of India", "filerRelation": "Promoter", "moneyText": "", "startDate": "2017-11-17", "ownership": "D"}], "maxAge": 1}, "quoteType": {"exchange": "BSE", "quoteType": "EQUITY", "symbol": "SJVN.BO", "underlyingSymbol": "SJVN.BO", "shortName": "SJVN LTD", "longName": "SJVN Limited", "firstTradeDateEpochUtc": "2010-05-20 09:15:00", "timeZoneFullName": "Asia/Kolkata", "timeZoneShortName": "IST", "uuid": "89b28d8a-7076-3f73-ba21-800911757731", "gmtOffSetMilliseconds": 19800000, "maxAge": 1}, "incomeStatementHistory": {"incomeStatementHistory": [{"maxAge": 1, "endDate": "2020-03-31", "totalRevenue": 26967100000, "costOfRevenue": 433000000, "grossProfit": 26534100000, "researchDevelopment": {}, "sellingGeneralAdministrative": 3174500000, "nonRecurring": {}, "otherOperatingExpenses": 2289600000, "totalOperatingExpenses": 9738000000, "operatingIncome": 17229100000, "totalOtherIncomeExpenseNet": 2485800000, "ebit": 17229100000, "interestExpense": -3050400000, "incomeBeforeTax": 19714900000, "incomeTaxExpense": 3102800000, "minorityInterest": {}, "netIncomeFromContinuingOps": 16612100000, "discontinuedOperations": {}, "extraordinaryItems": {}, "effectOfAccountingCharges": {}, "otherItems": {}, "netIncome": 16556400000, "netIncomeApplicableToCommonShares": 16556400000}, {"maxAge": 1, "endDate": "2019-03-31", "totalRevenue": 26446600000, "costOfRevenue": 485900000, "grossProfit": 25960700000, "researchDevelopment": {}, "sellingGeneralAdministrative": 3424600000, "nonRecurring": {}, "otherOperatingExpenses": 2146300000, "totalOperatingExpenses": 9959400000, "operatingIncome": 16487200000, "totalOtherIncomeExpenseNet": 1460700000, "ebit": 16487200000, "interestExpense": -2082300000, "incomeBeforeTax": 17947900000, "incomeTaxExpense": 4282500000, "minorityInterest": {}, "netIncomeFromContinuingOps": 13665400000, "discontinuedOperations": {}, "extraordinaryItems": {}, "effectOfAccountingCharges": {}, "otherItems": {}, "netIncome": 13625800000, "netIncomeApplicableToCommonShares": 13625800000}, {"maxAge": 1, "endDate": "2018-03-31", "totalRevenue": 22285000000, "costOfRevenue": 288000000, "grossProfit": 21997000000, "researchDevelopment": {}, "sellingGeneralAdministrative": 2892600000, "nonRecurring": {}, "otherOperatingExpenses": 2050900000, "totalOperatingExpenses": 8876600000, "operatingIncome": 13408400000, "totalOtherIncomeExpenseNet": 3072600000, "ebit": 13408400000, "interestExpense": -553500000, "incomeBeforeTax": 16481000000, "incomeTaxExpense": 4234900000, "minorityInterest": {}, "netIncomeFromContinuingOps": 12246100000, "discontinuedOperations": {}, "extraordinaryItems": {}, "effectOfAccountingCharges": {}, "otherItems": {}, "netIncome": 12215700000, "netIncomeApplicableToCommonShares": 12215700000}, {"maxAge": 1, "endDate": "2017-03-31", "totalRevenue": 26791400000, "costOfRevenue": 220300000, "grossProfit": 26571100000, "researchDevelopment": {}, "sellingGeneralAdministrative": 2737400000, "nonRecurring": {}, "otherOperatingExpenses": 1847500000, "totalOperatingExpenses": 11605000000, "operatingIncome": 15186400000, "totalOtherIncomeExpenseNet": 3564300000, "ebit": 15186400000, "interestExpense": -152200000, "incomeBeforeTax": 18750700000, "incomeTaxExpense": 3297900000, "minorityInterest": {}, "netIncomeFromContinuingOps": 15452800000, "discontinuedOperations": {}, "extraordinaryItems": {}, "effectOfAccountingCharges": {}, "otherItems": {}, "netIncome": 15411800000, "netIncomeApplicableToCommonShares": 15411800000}], "maxAge": 86400}, "fundOwnership": {"ownershipList": [{"maxAge": 1, "reportDate": "2020-08-31", "organization": "WisdomTree Tr-WisdomTree Emerging Markets Small Cap Dividend Fund", "pctHeld": 0.0014, "position": 5424121, "value": 126924431}, {"maxAge": 1, "reportDate": "2020-06-30", "organization": "Clearwater International Fund", "pctHeld": 0.00029999999, "position": 1107100, "value": 24134780}, {"maxAge": 1, "reportDate": "2020-08-31", "organization": "WisdomTree Tr-WisdomTree India Earnings Fd", "pctHeld": 0.00029999999, "position": 1005852, "value": 23536936}, {"maxAge": 1, "reportDate": "2020-07-31", "organization": "FlexShares Tr-FlexShares Morningstar Emerging Mkts Factor Tilt Index", "pctHeld": 0.0001, "position": 217657, "value": 4799336}], "maxAge": 1}, "summaryDetail": {"maxAge": 1, "priceHint": 2, "previousClose": 25.6, "open": 25.35, "dayLow": 25.15, "dayHigh": 25.65, "regularMarketPreviousClose": 25.6, "regularMarketOpen": 25.35, "regularMarketDayLow": 25.15, "regularMarketDayHigh": 25.65, "trailingPE": 6.430212, "volume": 62422, "regularMarketVolume": 62422, "averageVolume": 235175, "averageVolume10days": 123786, "averageDailyVolume10Day": 123786, "bid": 25.2, "ask": 25.5, "bidSize": 0, "askSize": 0, "marketCap": 98802147328, "fiftyTwoWeekLow": 17.15, "fiftyTwoWeekHigh": 27.6, "fiftyDayAverage": 25.574242, "twoHundredDayAverage": 23.47647, "trailingAnnualDividendRate": 2.2, "trailingAnnualDividendYield": 0.0859375, "currency": "INR", "fromCurrency": null, "lastMarket": null, "algorithm": null, "tradeable": false}, "incomeStatementHistoryQuarterly": {"incomeStatementHistory": [{"maxAge": 1, "endDate": "2020-06-30", "totalRevenue": 6737200000, "costOfRevenue": 0, "grossProfit": 6737200000, "researchDevelopment": {}, "sellingGeneralAdministrative": 818900000, "nonRecurring": {}, "otherOperatingExpenses": 751800000, "totalOperatingExpenses": 2520300000, "operatingIncome": 4216900000, "totalOtherIncomeExpenseNet": -338700000, "ebit": 4216900000, "interestExpense": -161200000, "incomeBeforeTax": 3878200000, "incomeTaxExpense": 839200000, "minorityInterest": {}, "netIncomeFromContinuingOps": 3039000000, "discontinuedOperations": {}, "extraordinaryItems": {}, "effectOfAccountingCharges": {}, "otherItems": {}, "netIncome": 3027200000, "netIncomeApplicableToCommonShares": 3027200000}, {"maxAge": 1, "endDate": "2020-03-31", "totalRevenue": 5380200000, "costOfRevenue": 433000000, "grossProfit": 4947200000, "researchDevelopment": {}, "sellingGeneralAdministrative": 971100000, "nonRecurring": {}, "otherOperatingExpenses": 143800000, "totalOperatingExpenses": 2610400000, "operatingIncome": 2769800000, "totalOtherIncomeExpenseNet": 1148700000, "ebit": 2769800000, "interestExpense": -1324300000, "incomeBeforeTax": 3918500000, "incomeTaxExpense": -73600000, "minorityInterest": {}, "netIncomeFromContinuingOps": 3992100000, "discontinuedOperations": {}, "extraordinaryItems": {}, "effectOfAccountingCharges": {}, "otherItems": {}, "netIncome": 3966200000, "netIncomeApplicableToCommonShares": 3966200000}, {"maxAge": 1, "endDate": "2019-12-31", "totalRevenue": 4884900000, "costOfRevenue": 0, "grossProfit": 4884900000, "researchDevelopment": {}, "sellingGeneralAdministrative": 717800000, "nonRecurring": {}, "otherOperatingExpenses": 361400000, "totalOperatingExpenses": 2011200000, "operatingIncome": 2873700000, "totalOtherIncomeExpenseNet": -92700000, "ebit": 2873700000, "interestExpense": -825900000, "incomeBeforeTax": 2781000000, "incomeTaxExpense": 620300000, "minorityInterest": {}, "netIncomeFromContinuingOps": 2160700000, "discontinuedOperations": {}, "extraordinaryItems": {}, "effectOfAccountingCharges": {}, "otherItems": {}, "netIncome": 2150800000, "netIncomeApplicableToCommonShares": 2150800000}, {"maxAge": 1, "endDate": "2019-09-30", "totalRevenue": 9457100000, "costOfRevenue": 0, "grossProfit": 9457100000, "researchDevelopment": {}, "sellingGeneralAdministrative": 682100000, "nonRecurring": {}, "otherOperatingExpenses": 706500000, "totalOperatingExpenses": 2312600000, "operatingIncome": 7144500000, "totalOtherIncomeExpenseNet": 355500000, "ebit": 7144500000, "interestExpense": -1081900000, "incomeBeforeTax": 7500000000, "incomeTaxExpense": 1265000000, "minorityInterest": {}, "netIncomeFromContinuingOps": 6235000000, "discontinuedOperations": {}, "extraordinaryItems": {}, "effectOfAccountingCharges": {}, "otherItems": {}, "netIncome": 6223800000, "netIncomeApplicableToCommonShares": 6223800000}], "maxAge": 86400}, "cashflowStatementHistoryQuarterly": {"cashflowStatements": [{"maxAge": 1, "endDate": "2020-06-30", "netIncome": 3027200000, "changeToLiabilities": 0}, {"maxAge": 1, "endDate": "2020-03-31", "netIncome": 3966200000, "changeToLiabilities": 0}, {"maxAge": 1, "endDate": "2019-12-31", "netIncome": 2150800000, "changeToLiabilities": 0}, {"maxAge": 1, "endDate": "2019-09-30", "netIncome": 6223800000, "changeToLiabilities": 0}], "maxAge": 86400}, "insiderHolders": {"holders": [{"maxAge": 1, "name": "President of India", "relation": "Promoter", "url": "", "transactionDescription": "Sale", "latestTransDate": "2020-02-03", "positionDirect": 2354802133, "positionDirectDate": "2020-02-03"}], "maxAge": 1}, "calendarEvents": {"maxAge": 1, "earnings": {"earningsDate": []}}, "upgradeDowngradeHistory": {"history": [], "maxAge": 86400}, "price": {"maxAge": 1, "regularMarketChangePercent": -0.015624986, "regularMarketChange": -0.39999962, "regularMarketTime": "2021-04-30 15:50:19", "priceHint": 2, "regularMarketPrice": 25.2, "regularMarketDayHigh": 25.65, "regularMarketDayLow": 25.15, "regularMarketVolume": 62422, "averageDailyVolume10Day": 123786, "averageDailyVolume3Month": 235175, "regularMarketPreviousClose": 25.6, "regularMarketSource": "FREE_REALTIME", "regularMarketOpen": 25.35, "exchange": "BSE", "exchangeName": "BSE", "exchangeDataDelayedBy": 0, "marketState": "CLOSED", "quoteType": "EQUITY", "symbol": "SJVN.BO", "underlyingSymbol": null, "shortName": "SJVN LTD", "longName": "SJVN Limited", "currency": "INR", "quoteSourceName": "Delayed Quote", "currencySymbol": "\u20b9", "fromCurrency": null, "lastMarket": null, "marketCap": 98802147328}, "balanceSheetHistory": {"balanceSheetStatements": [{"maxAge": 1, "endDate": "2020-03-31", "cash": 3125000000, "shortTermInvestments": 19126000000, "netReceivables": 10812600000, "inventory": 528700000, "otherCurrentAssets": 1866500000, "totalCurrentAssets": 36033400000, "longTermInvestments": 1951100000, "propertyPlantEquipment": 102829100000, "intangibleAssets": 333200000, "otherAssets": 15653800000, "deferredLongTermAssetCharges": 5096300000, "totalAssets": 156800600000, "accountsPayable": 399100000, "shortLongTermDebt": 2416100000, "otherCurrentLiab": 3833300000, "longTermDebt": 19721900000, "otherLiab": 9311400000, "deferredLongTermLiab": 5328700000, "totalCurrentLiabilities": 9865900000, "totalLiab": 39039900000, "commonStock": 39298000000, "retainedEarnings": 76394400000, "treasuryStock": 2068300000, "otherStockholderEquity": 2068300000, "totalStockholderEquity": 117760700000, "netTangibleAssets": 117427500000}, {"maxAge": 1, "endDate": "2019-03-31", "cash": 390800000, "shortTermInvestments": 28101800000, "netReceivables": 11594700000, "inventory": 482700000, "otherCurrentAssets": 1862600000, "totalCurrentAssets": 43052200000, "longTermInvestments": 1603000000, "propertyPlantEquipment": 94265300000, "intangibleAssets": 187000000, "otherAssets": 10628800000, "deferredLongTermAssetCharges": 3084700000, "totalAssets": 149736300000, "accountsPayable": 244000000, "shortLongTermDebt": 2146500000, "otherCurrentLiab": 3351300000, "longTermDebt": 19404600000, "otherLiab": 8872500000, "deferredLongTermLiab": 3399300000, "totalCurrentLiabilities": 8997000000, "totalLiab": 37274100000, "commonStock": 39298000000, "retainedEarnings": 71095900000, "treasuryStock": 2068300000, "otherStockholderEquity": 2068300000, "totalStockholderEquity": 112462200000, "netTangibleAssets": 112275200000}, {"maxAge": 1, "endDate": "2018-03-31", "cash": 1622600000, "shortTermInvestments": 33892700000, "netReceivables": 6350100000, "inventory": 537100000, "otherCurrentAssets": 1741900000, "totalCurrentAssets": 44515200000, "longTermInvestments": 1202300000, "propertyPlantEquipment": 90191900000, "intangibleAssets": 117200000, "otherAssets": 7877900000, "deferredLongTermAssetCharges": 3507200000, "totalAssets": 143904500000, "accountsPayable": 256000000, "shortLongTermDebt": 1953400000, "otherCurrentLiab": 3210900000, "longTermDebt": 20353400000, "otherLiab": 8370000000, "deferredLongTermLiab": 1526200000, "totalCurrentLiabilities": 8179500000, "totalLiab": 36902900000, "commonStock": 39298000000, "retainedEarnings": 65635300000, "treasuryStock": 2068300000, "otherStockholderEquity": 2068300000, "totalStockholderEquity": 107001600000, "netTangibleAssets": 106884400000}, {"maxAge": 1, "endDate": "2017-03-31", "cash": 7781000000, "shortTermInvestments": 34853800000, "netReceivables": 9166400000, "inventory": 426500000, "otherCurrentAssets": 1491300000, "totalCurrentAssets": 54110500000, "longTermInvestments": 898800000, "propertyPlantEquipment": 90832200000, "intangibleAssets": 28700000, "otherAssets": 8047800000, "deferredLongTermAssetCharges": 4227800000, "totalAssets": 153918000000, "accountsPayable": 270800000, "shortLongTermDebt": 1869500000, "otherCurrentLiab": 2940000000, "longTermDebt": 22294700000, "otherLiab": 8735700000, "deferredLongTermLiab": 1015200000, "totalCurrentLiabilities": 7992100000, "totalLiab": 39022500000, "commonStock": 41366300000, "retainedEarnings": 73397900000, "capitalSurplus": 131300000, "totalStockholderEquity": 114895500000, "netTangibleAssets": 114866800000}], "maxAge": 86400}, "financialData": {"maxAge": 86400, "currentPrice": 25.2, "recommendationKey": "none", "grossProfits": 26534100000, "financialCurrency": "INR"}}}