{"SKCIL.BO": {"cashflowStatementHistory": {"cashflowStatements": [{"maxAge": 1, "endDate": "2020-03-31", "netIncome": -76389000, "depreciation": 115211000, "changeToNetincome": 229583000, "changeToAccountReceivables": 15456000, "changeToLiabilities": 37242000, "changeToInventory": -10627000, "changeToOperatingActivities": -88276000, "totalCashFromOperatingActivities": 222200000, "capitalExpenditures": -61270000, "otherCashflowsFromInvestingActivities": 1080000, "totalCashflowsFromInvestingActivities": -60000000, "netBorrowings": -278868000, "otherCashflowsFromFinancingActivities": -175774000, "totalCashFromFinancingActivities": -172908000, "changeInCash": -10707000, "issuanceOfStock": 281734000}, {"maxAge": 1, "endDate": "2019-03-31", "netIncome": -202500000, "depreciation": 117437000, "changeToNetincome": 339891000, "changeToAccountReceivables": -51460000, "changeToLiabilities": 42007000, "changeToInventory": -28558000, "changeToOperatingActivities": -133954000, "totalCashFromOperatingActivities": 82863000, "capitalExpenditures": -63695000, "otherCashflowsFromInvestingActivities": 1268000, "totalCashflowsFromInvestingActivities": -62427000, "netBorrowings": 125702000, "otherCashflowsFromFinancingActivities": -185290000, "totalCashFromFinancingActivities": -59588000, "changeInCash": -39152000, "issuanceOfStock": 281734000}, {"maxAge": 1, "endDate": "2018-03-31", "netIncome": -17182000, "depreciation": 65157000, "changeToNetincome": 26439000, "changeToAccountReceivables": -27659000, "changeToLiabilities": -20985000, "changeToInventory": -40113000, "changeToOperatingActivities": -89652000, "totalCashFromOperatingActivities": -103995000, "capitalExpenditures": -889652000, "otherCashflowsFromInvestingActivities": 3247000, "totalCashflowsFromInvestingActivities": -886405000, "netBorrowings": 886576000, "otherCashflowsFromFinancingActivities": -90099000, "totalCashFromFinancingActivities": 796477000, "changeInCash": -193923000, "issuanceOfStock": 281734000}, {"maxAge": 1, "endDate": "2017-03-31", "netIncome": 17627000, "depreciation": 43858000, "changeToNetincome": 73081000, "changeToAccountReceivables": -22744000, "changeToLiabilities": 38214000, "changeToInventory": -52705000, "changeToOperatingActivities": -11455000, "totalCashFromOperatingActivities": 85876000, "capitalExpenditures": -357911000, "otherCashflowsFromInvestingActivities": 5384000, "totalCashflowsFromInvestingActivities": -352527000, "netBorrowings": 453878000, "otherCashflowsFromFinancingActivities": -77925000, "totalCashFromFinancingActivities": 375953000, "changeInCash": 109301000, "issuanceOfStock": 281734000}], "maxAge": 86400}, "institutionOwnership": {"maxAge": 1, "ownershipList": []}, "balanceSheetHistoryQuarterly": {"balanceSheetStatements": [{"maxAge": 1, "endDate": "2020-06-30", "totalStockholderEquity": 210689000, "netTangibleAssets": 210689000}, {"maxAge": 1, "endDate": "2020-03-31", "cash": 22022000, "netReceivables": 115156000, "inventory": 196373000, "otherCurrentAssets": 15927000, "totalCurrentAssets": 350288000, "longTermInvestments": 908000, "propertyPlantEquipment": 1818040000, "otherAssets": 17334000, "totalAssets": 2186570000, "accountsPayable": 67170000, "shortLongTermDebt": 130025000, "otherCurrentLiab": 27208000, "longTermDebt": 972640000, "otherLiab": 271328000, "totalCurrentLiabilities": 730797000, "totalLiab": 1975881000, "commonStock": 119958000, "retainedEarnings": -117514000, "treasuryStock": -4773000, "capitalSurplus": 213018000, "otherStockholderEquity": -4773000, "totalStockholderEquity": 210689000, "netTangibleAssets": 210689000}, {"maxAge": 1, "endDate": "2019-12-31", "totalStockholderEquity": -2669000, "netTangibleAssets": -2669000}, {"maxAge": 1, "endDate": "2019-09-30", "cash": 22297000, "netReceivables": 79046000, "inventory": 204341000, "otherCurrentAssets": 20173000, "totalCurrentAssets": 325857000, "propertyPlantEquipment": 1867984000, "otherAssets": 17296000, "totalAssets": 2211137000, "accountsPayable": 64973000, "otherCurrentLiab": 256221000, "longTermDebt": 1001417000, "otherLiab": 226156000, "totalCurrentLiabilities": 986233000, "totalLiab": 2213806000, "commonStock": 51242000, "retainedEarnings": -49550000, "treasuryStock": -4361000, "otherStockholderEquity": -4361000, "totalStockholderEquity": -2669000, "netTangibleAssets": -2669000}], "maxAge": 86400}, "indexTrend": {"maxAge": 1, "symbol": "SP5", "peRatio": 19.7411, "pegRatio": 1.34172, "estimates": [{"period": "0q", "growth": 0.549}, {"period": "+1q", "growth": 0.431}, {"period": "0y", "growth": 0.305}, {"period": "+1y", "growth": 0.109}, {"period": "+5y", "growth": 0.120859005}, {"period": "-5y"}]}, "insiderTransactions": {"transactions": [{"maxAge": 1, "shares": 978974, "filerUrl": "", "transactionText": "", "filerName": "Mitcon Consultancy & Engineering Services Ltd", "filerRelation": "Institution- Corporation", "moneyText": "", "startDate": "2019-10-31", "ownership": "D"}, {"maxAge": 1, "shares": 51200, "filerUrl": "", "transactionText": "", "filerName": "Katwa (Tina Vilas)", "filerRelation": "Promoter", "moneyText": "", "startDate": "2019-10-30", "ownership": "D"}, {"maxAge": 1, "shares": 1237015, "filerUrl": "", "transactionText": "", "filerName": "Katwa (Venkatesh Hanamantsa)", "filerRelation": "Promoter", "moneyText": "", "startDate": "2019-10-30", "ownership": "D"}, {"maxAge": 1, "shares": 1185800, "filerUrl": "", "transactionText": "", "filerName": "Katwa (Tina Vilas)", "filerRelation": "Promoter", "moneyText": "", "startDate": "2019-10-30", "ownership": "D"}, {"maxAge": 1, "shares": 525000, "filerUrl": "", "transactionText": "", "filerName": "Katwa (Roopa)", "filerRelation": "Promoter", "moneyText": "", "startDate": "2019-10-30", "ownership": "D"}, {"maxAge": 1, "shares": 525000, "filerUrl": "", "transactionText": "", "filerName": "Katwa (Prajakta)", "filerRelation": "Promoter", "moneyText": "", "startDate": "2019-10-30", "ownership": "D"}, {"maxAge": 1, "shares": 1237000, "filerUrl": "", "transactionText": "", "filerName": "Katwa (Deepak)", "filerRelation": "Promoter", "moneyText": "", "startDate": "2019-10-30", "ownership": "D"}], "maxAge": 1}, "quoteType": {"exchange": "BSE", "quoteType": "EQUITY", "symbol": "SKCIL.BO", "underlyingSymbol": "SKCIL.BO", "shortName": "Shri Keshav Cements and Infra", "longName": "Shri Keshav Cements and Infra Limited", "firstTradeDateEpochUtc": "2002-01-03 09:15:00", "timeZoneFullName": "Asia/Kolkata", "timeZoneShortName": "IST", "uuid": "1c1c4e24-c3ff-31f9-9503-f6add8388d81", "messageBoardId": null, "gmtOffSetMilliseconds": 19800000, "maxAge": 1}, "incomeStatementHistory": {"incomeStatementHistory": [{"maxAge": 1, "endDate": "2020-03-31", "totalRevenue": 684045000, "costOfRevenue": 313987000, "grossProfit": 370058000, "researchDevelopment": {}, "sellingGeneralAdministrative": 35776000, "nonRecurring": {}, "otherOperatingExpenses": 64585000, "totalOperatingExpenses": 529559000, "operatingIncome": 154486000, "totalOtherIncomeExpenseNet": -173210000, "ebit": 154486000, "interestExpense": -173797000, "incomeBeforeTax": -18724000, "incomeTaxExpense": 57665000, "minorityInterest": {}, "netIncomeFromContinuingOps": -76389000, "discontinuedOperations": {}, "extraordinaryItems": {}, "effectOfAccountingCharges": {}, "otherItems": {}, "netIncome": -76389000, "netIncomeApplicableToCommonShares": -76389000}, {"maxAge": 1, "endDate": "2019-03-31", "totalRevenue": 703357000, "costOfRevenue": 374974000, "grossProfit": 328383000, "researchDevelopment": {}, "sellingGeneralAdministrative": 35061000, "nonRecurring": {}, "otherOperatingExpenses": 37712000, "totalOperatingExpenses": 565184000, "operatingIncome": 138173000, "totalOtherIncomeExpenseNet": -182290000, "ebit": 138173000, "interestExpense": -183470000, "incomeBeforeTax": -44117000, "incomeTaxExpense": 158383000, "minorityInterest": {}, "netIncomeFromContinuingOps": -202500000, "discontinuedOperations": {}, "extraordinaryItems": {}, "effectOfAccountingCharges": {}, "otherItems": {}, "netIncome": -202500000, "netIncomeApplicableToCommonShares": -202500000}, {"maxAge": 1, "endDate": "2018-03-31", "totalRevenue": 507584000, "costOfRevenue": 365781000, "grossProfit": 141803000, "researchDevelopment": {}, "sellingGeneralAdministrative": 29993000, "nonRecurring": {}, "otherOperatingExpenses": 36514000, "totalOperatingExpenses": 497445000, "operatingIncome": 10139000, "totalOtherIncomeExpenseNet": -7292000, "ebit": 10139000, "interestExpense": -8652000, "incomeBeforeTax": 2847000, "incomeTaxExpense": 20029000, "minorityInterest": {}, "netIncomeFromContinuingOps": -17182000, "discontinuedOperations": {}, "extraordinaryItems": {}, "effectOfAccountingCharges": {}, "otherItems": {}, "netIncome": -17182000, "netIncomeApplicableToCommonShares": -17182000}, {"maxAge": 1, "endDate": "2017-03-31", "totalRevenue": 501322000, "costOfRevenue": 280663000, "grossProfit": 220659000, "researchDevelopment": {}, "sellingGeneralAdministrative": 25755000, "nonRecurring": {}, "otherOperatingExpenses": 37409000, "totalOperatingExpenses": 387685000, "operatingIncome": 113637000, "totalOtherIncomeExpenseNet": -82696000, "ebit": 113637000, "interestExpense": -31340000, "incomeBeforeTax": 30941000, "incomeTaxExpense": 13314000, "minorityInterest": {}, "netIncomeFromContinuingOps": 17627000, "discontinuedOperations": {}, "extraordinaryItems": {}, "effectOfAccountingCharges": {}, "otherItems": {}, "netIncome": 17627000, "netIncomeApplicableToCommonShares": 17627000}], "maxAge": 86400}, "fundOwnership": {"maxAge": 1, "ownershipList": []}, "summaryDetail": {"maxAge": 1, "priceHint": 2, "previousClose": 35.7, "open": 34.05, "dayLow": 34.0, "dayHigh": 37.4, "regularMarketPreviousClose": 35.7, "regularMarketOpen": 34.05, "regularMarketDayLow": 34.0, "regularMarketDayHigh": 37.4, "volume": 4324, "regularMarketVolume": 4324, "averageVolume": 1451, "averageVolume10days": 917, "averageDailyVolume10Day": 917, "bid": 34.2, "ask": 37.25, "bidSize": 0, "askSize": 0, "marketCap": 448043104, "fiftyTwoWeekLow": 19.5, "fiftyTwoWeekHigh": 42.5, "fiftyDayAverage": 37.06286, "twoHundredDayAverage": 31.332972, "currency": "INR", "fromCurrency": null, "toCurrency": null, "lastMarket": null, "algorithm": null, "tradeable": false}, "incomeStatementHistoryQuarterly": {"incomeStatementHistory": [{"maxAge": 1, "endDate": "2020-06-30", "totalRevenue": 143031000, "costOfRevenue": 51250000, "grossProfit": 91781000, "researchDevelopment": {}, "sellingGeneralAdministrative": 8576000, "nonRecurring": {}, "otherOperatingExpenses": 9487000, "totalOperatingExpenses": 116568000, "operatingIncome": 26463000, "totalOtherIncomeExpenseNet": -37245000, "ebit": 26463000, "interestExpense": -37244000, "incomeBeforeTax": -10782000, "incomeTaxExpense": -8106000, "minorityInterest": {}, "netIncomeFromContinuingOps": -2676000, "discontinuedOperations": {}, "extraordinaryItems": {}, "effectOfAccountingCharges": {}, "otherItems": {}, "netIncome": -2676000, "netIncomeApplicableToCommonShares": -2676000}, {"maxAge": 1, "endDate": "2020-03-31", "totalRevenue": 174334000, "costOfRevenue": 58041000, "grossProfit": 116293000, "researchDevelopment": {}, "sellingGeneralAdministrative": 9108000, "nonRecurring": {}, "otherOperatingExpenses": 31602000, "totalOperatingExpenses": 127456000, "operatingIncome": 46878000, "totalOtherIncomeExpenseNet": -56103000, "ebit": 46878000, "interestExpense": -56690000, "incomeBeforeTax": -9225000, "incomeTaxExpense": 37222000, "minorityInterest": {}, "netIncomeFromContinuingOps": -46447000, "discontinuedOperations": {}, "extraordinaryItems": {}, "effectOfAccountingCharges": {}, "otherItems": {}, "netIncome": -46447000, "netIncomeApplicableToCommonShares": -46447000}, {"maxAge": 1, "endDate": "2019-12-31", "totalRevenue": 161353000, "costOfRevenue": 92702000, "grossProfit": 68651000, "researchDevelopment": {}, "sellingGeneralAdministrative": 8329000, "nonRecurring": {}, "otherOperatingExpenses": 8083000, "totalOperatingExpenses": 138152000, "operatingIncome": 23201000, "totalOtherIncomeExpenseNet": -38669000, "ebit": 23201000, "interestExpense": -38668000, "incomeBeforeTax": -15468000, "incomeTaxExpense": 6049000, "minorityInterest": {}, "netIncomeFromContinuingOps": -21517000, "discontinuedOperations": {}, "extraordinaryItems": {}, "effectOfAccountingCharges": {}, "otherItems": {}, "netIncome": -21517000, "netIncomeApplicableToCommonShares": -21517000}, {"maxAge": 1, "endDate": "2019-09-30", "totalRevenue": 147631000, "costOfRevenue": 80972000, "grossProfit": 66659000, "researchDevelopment": {}, "sellingGeneralAdministrative": 9516000, "nonRecurring": {}, "otherOperatingExpenses": 11536000, "totalOperatingExpenses": 130967000, "operatingIncome": 16664000, "totalOtherIncomeExpenseNet": -39120000, "ebit": 16664000, "interestExpense": -39120000, "incomeBeforeTax": -22456000, "incomeTaxExpense": 18868000, "minorityInterest": {}, "netIncomeFromContinuingOps": -41324000, "discontinuedOperations": {}, "extraordinaryItems": {}, "effectOfAccountingCharges": {}, "otherItems": {}, "netIncome": -41324000, "netIncomeApplicableToCommonShares": -41324000}], "maxAge": 86400}, "cashflowStatementHistoryQuarterly": {"cashflowStatements": [{"maxAge": 1, "endDate": "2020-06-30", "netIncome": -2676000, "changeToLiabilities": 0}, {"maxAge": 1, "endDate": "2020-03-31", "netIncome": -46447000, "changeToLiabilities": 0}, {"maxAge": 1, "endDate": "2019-12-31", "netIncome": -21517000, "changeToLiabilities": 0}, {"maxAge": 1, "endDate": "2019-09-30", "netIncome": -41324000, "changeToLiabilities": 0}], "maxAge": 86400}, "insiderHolders": {"holders": [{"maxAge": 1, "name": "Katwa (Deepak)", "relation": "Promoter", "url": "", "transactionDescription": "Other", "latestTransDate": "2019-10-30", "positionDirect": 1720800, "positionDirectDate": "2019-10-30"}, {"maxAge": 1, "name": "Katwa (Prajakta)", "relation": "Promoter", "url": "", "transactionDescription": "Other", "latestTransDate": "2019-10-30", "positionDirect": 535000, "positionDirectDate": "2019-10-30"}, {"maxAge": 1, "name": "Katwa (Roopa)", "relation": "Promoter", "url": "", "transactionDescription": "Other", "latestTransDate": "2019-10-30", "positionDirect": 535000, "positionDirectDate": "2019-10-30"}, {"maxAge": 1, "name": "Katwa (Tina Vilas)", "relation": "Promoter", "url": "", "transactionDescription": "Other", "latestTransDate": "2019-10-30", "positionDirect": 535000, "positionDirectDate": "2019-10-30"}, {"maxAge": 1, "name": "Katwa (Venkatesh Hanamantsa)", "relation": "Promoter", "url": "", "transactionDescription": "Other", "latestTransDate": "2019-10-30", "positionDirect": 1720815, "positionDirectDate": "2019-10-30"}, {"maxAge": 1, "name": "Mitcon Consultancy & Engineering Services Ltd", "relation": "Institution- Corporation", "url": "", "transactionDescription": "Other", "latestTransDate": "2019-10-31", "positionDirect": 978974, "positionDirectDate": "2019-10-31"}], "maxAge": 1}, "calendarEvents": {"maxAge": 1, "earnings": {"earningsDate": ["2020-08-24 05:30:S"]}}, "price": {"maxAge": 1, "regularMarketChangePercent": 0.046218418, "regularMarketChange": 1.6499977, "regularMarketTime": "2021-04-30 14:35:28", "priceHint": 2, "regularMarketPrice": 37.35, "regularMarketDayHigh": 37.4, "regularMarketDayLow": 34.0, "regularMarketVolume": 4324, "averageDailyVolume10Day": 917, "averageDailyVolume3Month": 1451, "regularMarketPreviousClose": 35.7, "regularMarketSource": "FREE_REALTIME", "regularMarketOpen": 34.05, "exchange": "BSE", "exchangeName": "BSE", "exchangeDataDelayedBy": 0, "marketState": "CLOSED", "quoteType": "EQUITY", "symbol": "SKCIL.BO", "underlyingSymbol": null, "shortName": "Shri Keshav Cements and Infra", "longName": "Shri Keshav Cements and Infra Limited", "currency": "INR", "quoteSourceName": "Delayed Quote", "currencySymbol": "\u20b9", "fromCurrency": null, "toCurrency": null, "lastMarket": null, "marketCap": 448043104}, "balanceSheetHistory": {"balanceSheetStatements": [{"maxAge": 1, "endDate": "2020-03-31", "cash": 22022000, "netReceivables": 115156000, "inventory": 196373000, "otherCurrentAssets": 15927000, "totalCurrentAssets": 350288000, "longTermInvestments": 908000, "propertyPlantEquipment": 1818040000, "otherAssets": 17334000, "totalAssets": 2186570000, "accountsPayable": 67170000, "shortLongTermDebt": 130025000, "otherCurrentLiab": 27208000, "longTermDebt": 972640000, "otherLiab": 271328000, "totalCurrentLiabilities": 730797000, "totalLiab": 1975881000, "commonStock": 119958000, "retainedEarnings": -117514000, "treasuryStock": -4773000, "capitalSurplus": 213018000, "otherStockholderEquity": -4773000, "totalStockholderEquity": 210689000, "netTangibleAssets": 210689000}, {"maxAge": 1, "endDate": "2019-03-31", "cash": 15273000, "shortTermInvestments": 643000, "netReceivables": 120525000, "inventory": 185746000, "otherCurrentAssets": 5230000, "totalCurrentAssets": 327382000, "longTermInvestments": 17298000, "propertyPlantEquipment": 1899918000, "otherAssets": 17298000, "totalAssets": 2244598000, "accountsPayable": 61087000, "shortLongTermDebt": 125600000, "otherCurrentLiab": 109023000, "longTermDebt": 1032430000, "otherLiab": 213466000, "totalCurrentLiabilities": 992296000, "totalLiab": 2238192000, "commonStock": 51242000, "retainedEarnings": -41125000, "treasuryStock": -3711000, "otherStockholderEquity": -3711000, "totalStockholderEquity": 6406000, "netTangibleAssets": 6406000}, {"maxAge": 1, "endDate": "2018-03-31", "cash": 17633000, "shortTermInvestments": 1283000, "netReceivables": 147820000, "inventory": 157187000, "otherCurrentAssets": 146000, "totalCurrentAssets": 324887000, "longTermInvestments": 4675000, "propertyPlantEquipment": 1954458000, "otherAssets": 14860000, "totalAssets": 2298880000, "accountsPayable": 21453000, "shortLongTermDebt": 76493000, "otherCurrentLiab": 364232000, "longTermDebt": 974216000, "otherLiab": 54708000, "totalCurrentLiabilities": 1059425000, "totalLiab": 2088349000, "commonStock": 51242000, "retainedEarnings": 161374000, "treasuryStock": -2085000, "otherStockholderEquity": -2085000, "totalStockholderEquity": 210531000, "netTangibleAssets": 210531000}, {"maxAge": 1, "endDate": "2017-03-31", "cash": 58811000, "shortTermInvestments": 369000, "netReceivables": 33738000, "inventory": 117075000, "otherCurrentAssets": 40718000, "totalCurrentAssets": 250711000, "longTermInvestments": 4675000, "propertyPlantEquipment": 770183000, "otherAssets": 12261000, "totalAssets": 1037830000, "accountsPayable": 42438000, "shortLongTermDebt": 47166000, "otherCurrentLiab": 56357000, "longTermDebt": 348208000, "otherLiab": 83908000, "totalCurrentLiabilities": 401991000, "totalLiab": 834107000, "commonStock": 51242000, "retainedEarnings": 154207000, "treasuryStock": -1726000, "otherStockholderEquity": -1726000, "totalStockholderEquity": 203723000, "netTangibleAssets": 203723000}], "maxAge": 86400}, "financialData": {"maxAge": 86400, "currentPrice": 37.35, "recommendationKey": "none", "grossProfits": 370058000, "financialCurrency": "INR"}}}