{"SKFINDIA.NS": {"assetProfile": {"address1": "Chinchwad", "city": "Pune", "zip": "411033", "country": "India", "phone": "91 22 2285 7777", "fax": "91 22 2281 9074", "website": "http://www.skf.com/in", "industry": "Specialty Industrial Machinery", "sector": "Industrials", "longBusinessSummary": "SKF India Limited manufactures and supplies products, solutions, and services in the area of rolling bearings, seals, mechatronics, and lubrication systems primarily in India. It offers rolling bearings, bearings accessories, engineered products, and track rollers; and mounted bearings and housings, super-precision bearings, slewing bearings, plain bearings, magnetic bearings and systems. The company also provides industrial seals, such as power transmission, hydraulic, fluid handling, and machined seals, as well as engineering services; automotive seals; lubrication management products, such as lubricants, lubricators, and manual lubrication tools; automatic lubrication systems; and lubrication system components, including pumps and pump units, lubricant metering and monitoring devices, control units and software, and accessories. In addition, it offers maintenance products comprises hydraulic, mechanical, and alignment tools, as well as heaters; condition monitoring systems, such as basic and portable monitoring products, surveillance systems, and machine protection products; and power transmission solutions, including belts, pulleys, chains, sprockets, bushings and hubs, couplings, and bolts and tightening systems. Further, the company provides test and measuring equipment consisting of noise and vibration testers, grease test rigs, and waviness, roundness, and form analyzers, as well as services for test and measuring equipment; and supplies replacement parts. Additionally, it offers technical consultancy, numerical simulation and design, and root cause analysis services; asset management; mechanical and condition based maintenance; industrial and railway bearings remanufacturing; and training services in various fields. SKF India Limited also exports its products. The company was formerly known as SKF Bearings India Limited and changed its name to SKF India Limited in 2004. SKF India Limited was founded in 1923 and is based in Pune, India.", "fullTimeEmployees": 1716, "companyOfficers": [{"maxAge": 1, "name": "Mr. Manish  Bhatnagar", "age": 51, "title": "MD, CEO & Director", "yearBorn": 1969, "fiscalYear": 2020, "totalPay": 25620000, "exercisedValue": 0, "unexercisedValue": 0}, {"maxAge": 1, "name": "Mr. Anurag  Bhagania", "title": "CFO & Director of Fin.", "fiscalYear": 2020, "totalPay": 12348000, "exercisedValue": 0, "unexercisedValue": 0}, {"maxAge": 1, "name": "Mr. Ranjan  Kumar", "title": "Director of Ethics, Legal, Compliance & Internal Audit and Company Sec.", "fiscalYear": 2020, "totalPay": 6600000, "exercisedValue": 0, "unexercisedValue": 0}, {"maxAge": 1, "name": "Ms. Dilnavaz  Gulestani", "title": "Deputy Mang. of Legal & Secretarial", "exercisedValue": 0, "unexercisedValue": 0}, {"maxAge": 1, "name": "Mr. Gautam  Kumar", "title": "Director of HR", "exercisedValue": 0, "unexercisedValue": 0}, {"maxAge": 1, "name": "Ms. Bharti  Deshpande", "age": 50, "title": "Head of Internal Audit", "yearBorn": 1970, "exercisedValue": 0, "unexercisedValue": 0}, {"maxAge": 1, "name": "Mr. Soami  Pamnani", "age": 56, "title": "Head of Knowledge Engineering", "yearBorn": 1964, "exercisedValue": 0, "unexercisedValue": 0}, {"maxAge": 1, "name": "Mr. Mattias  Axelsson", "title": "Regional Head of Logistics & Demand Chain Asia", "exercisedValue": 0, "unexercisedValue": 0}, {"maxAge": 1, "name": "Mr. Sandip  Sen", "title": "Head of SKF Lincoln Bus. Unit", "exercisedValue": 0, "unexercisedValue": 0}, {"maxAge": 1, "name": "Mr. Mandeep  Sehgal", "title": "Head of Automotive Aftermarket Bus.", "exercisedValue": 0, "unexercisedValue": 0}], "compensationAsOfEpochDate": "2020-12-31 05:30:00", "maxAge": 86400}, "cashflowStatementHistory": {"cashflowStatements": [{"maxAge": 1, "endDate": "2020-03-31", "netIncome": 2889900000, "depreciation": 570100000, "changeToNetincome": -1069300000, "changeToAccountReceivables": 855600000, "changeToLiabilities": 628700000, "changeToInventory": 92200000, "changeToOperatingActivities": -670400000, "totalCashFromOperatingActivities": 3297900000, "capitalExpenditures": -953000000, "investments": -1700200000, "otherCashflowsFromInvestingActivities": 752100000, "totalCashflowsFromInvestingActivities": -1540400000, "dividendsPaid": -593300000, "netBorrowings": -968600000, "otherCashflowsFromFinancingActivities": -216700000, "totalCashFromFinancingActivities": -1778600000, "changeInCash": -21100000}, {"maxAge": 1, "endDate": "2019-03-31", "netIncome": 3357700000, "depreciation": 462900000, "changeToNetincome": -939600000, "changeToAccountReceivables": -305000000, "changeToLiabilities": -405600000, "changeToInventory": -581200000, "changeToOperatingActivities": 219600000, "totalCashFromOperatingActivities": 1809800000, "capitalExpenditures": -456700000, "investments": 2593500000, "otherCashflowsFromInvestingActivities": 882200000, "totalCashflowsFromInvestingActivities": 3064100000, "dividendsPaid": -616100000, "netBorrowings": 50000000, "otherCashflowsFromFinancingActivities": -203200000, "totalCashFromFinancingActivities": -4765400000, "changeInCash": 108500000, "repurchaseOfStock": -3996100000}, {"maxAge": 1, "endDate": "2018-03-31", "netIncome": 2958900000, "depreciation": 456600000, "changeToNetincome": -680900000, "changeToAccountReceivables": 235600000, "changeToLiabilities": 857800000, "changeToInventory": 137600000, "changeToOperatingActivities": -294300000, "totalCashFromOperatingActivities": 3672100000, "capitalExpenditures": -504000000, "investments": -2786800000, "otherCashflowsFromInvestingActivities": 632000000, "totalCashflowsFromInvestingActivities": -2649200000, "dividendsPaid": -513400000, "netBorrowings": 509700000, "otherCashflowsFromFinancingActivities": -154200000, "totalCashFromFinancingActivities": -2252700000, "changeInCash": -1229800000, "repurchaseOfStock": -2094800000}, {"maxAge": 1, "endDate": "2017-03-31", "netIncome": 2438900000, "depreciation": 478600000, "changeToNetincome": -719900000, "changeToAccountReceivables": -314600000, "changeToLiabilities": 110900000, "changeToInventory": -816000000, "changeToOperatingActivities": -28400000, "totalCashFromOperatingActivities": 1149700000, "capitalExpenditures": -416300000, "investments": 933000000, "otherCashflowsFromInvestingActivities": 943100000, "totalCashflowsFromInvestingActivities": 1471100000, "dividendsPaid": -791000000, "netBorrowings": -309700000, "otherCashflowsFromFinancingActivities": -161000000, "totalCashFromFinancingActivities": -1261700000, "changeInCash": 1359100000, "repurchaseOfStock": -2094800000}], "maxAge": 86400}, "institutionOwnership": {"ownershipList": [], "maxAge": 1}, "majorHoldersBreakdown": {"maxAge": 1, "insidersPercentHeld": 0.52998, "institutionsPercentHeld": 0.34070998, "institutionsFloatPercentHeld": 0.72489, "institutionsCount": 32}, "balanceSheetHistoryQuarterly": {"balanceSheetStatements": [{"maxAge": 1, "endDate": "2020-12-31", "totalStockholderEquity": 13273000000, "netTangibleAssets": 13271500000}, {"maxAge": 1, "endDate": "2020-09-30", "cash": 3218000000, "netReceivables": 5004200000, "inventory": 3513900000, "otherCurrentAssets": 598500000, "totalCurrentAssets": 12334600000, "longTermInvestments": 547200000, "propertyPlantEquipment": 3692100000, "intangibleAssets": 1500000, "otherAssets": 2192700000, "deferredLongTermAssetCharges": 186000000, "totalAssets": 18768100000, "accountsPayable": 3708500000, "otherCurrentLiab": 585900000, "otherLiab": 333800000, "totalCurrentLiabilities": 5020800000, "totalLiab": 5495100000, "commonStock": 494400000, "treasuryStock": 12778600000, "otherStockholderEquity": 12778600000, "totalStockholderEquity": 13273000000, "netTangibleAssets": 13271500000}, {"maxAge": 1, "endDate": "2020-06-30", "totalStockholderEquity": 19052500000, "netTangibleAssets": 19051600000}, {"maxAge": 1, "endDate": "2020-03-31", "cash": 1162500000, "shortTermInvestments": 6971800000, "netReceivables": 5350400000, "inventory": 4838800000, "otherCurrentAssets": 33200000, "totalCurrentAssets": 18401200000, "propertyPlantEquipment": 3762900000, "intangibleAssets": 900000, "otherAssets": 2528600000, "deferredLongTermAssetCharges": 169100000, "totalAssets": 24693600000, "accountsPayable": 4120100000, "otherCurrentLiab": 101600000, "otherLiab": 343100000, "totalCurrentLiabilities": 5165000000, "totalLiab": 5641100000, "commonStock": 494400000, "retainedEarnings": 18525200000, "treasuryStock": 32900000, "otherStockholderEquity": 32900000, "totalStockholderEquity": 19052500000, "netTangibleAssets": 19051600000}], "maxAge": 86400}, "indexTrend": {"maxAge": 1, "symbol": "SP5", "peRatio": 19.7411, "pegRatio": 1.34172, "estimates": [{"period": "0q", "growth": 0.549}, {"period": "+1q", "growth": 0.431}, {"period": "0y", "growth": 0.305}, {"period": "+1y", "growth": 0.109}, {"period": "+5y", "growth": 0.120865}, {"period": "-5y"}]}, "defaultKeyStatistics": {"maxAge": 1, "priceHint": 2, "enterpriseValue": 108464726016, "profitMargins": 0.11018, "floatShares": 23247760, "sharesOutstanding": 49438000, "heldPercentInsiders": 0.52998, "heldPercentInstitutions": 0.34070998, "beta": 0.6455, "category": null, "bookValue": 269.461, "priceToBook": 8.300088, "fundFamily": null, "legalType": null, "lastFiscalYearEnd": "2020-03-31 05:30:00", "nextFiscalYearEnd": "2022-03-31 05:30:00", "mostRecentQuarter": "2020-12-31 05:30:00", "earningsQuarterlyGrowth": 1.503, "netIncomeToCommon": 2681200128, "trailingEps": 54.252, "lastSplitFactor": null, "enterpriseToRevenue": 4.457, "enterpriseToEbitda": 31.254}, "summaryProfile": {"address1": "Chinchwad", "city": "Pune", "zip": "411033", "country": "India", "phone": "91 22 2285 7777", "fax": "91 22 2281 9074", "website": "http://www.skf.com/in", "industry": "Specialty Industrial Machinery", "sector": "Industrials", "longBusinessSummary": "SKF India Limited manufactures and supplies products, solutions, and services in the area of rolling bearings, seals, mechatronics, and lubrication systems primarily in India. It offers rolling bearings, bearings accessories, engineered products, and track rollers; and mounted bearings and housings, super-precision bearings, slewing bearings, plain bearings, magnetic bearings and systems. The company also provides industrial seals, such as power transmission, hydraulic, fluid handling, and machined seals, as well as engineering services; automotive seals; lubrication management products, such as lubricants, lubricators, and manual lubrication tools; automatic lubrication systems; and lubrication system components, including pumps and pump units, lubricant metering and monitoring devices, control units and software, and accessories. In addition, it offers maintenance products comprises hydraulic, mechanical, and alignment tools, as well as heaters; condition monitoring systems, such as basic and portable monitoring products, surveillance systems, and machine protection products; and power transmission solutions, including belts, pulleys, chains, sprockets, bushings and hubs, couplings, and bolts and tightening systems. Further, the company provides test and measuring equipment consisting of noise and vibration testers, grease test rigs, and waviness, roundness, and form analyzers, as well as services for test and measuring equipment; and supplies replacement parts. Additionally, it offers technical consultancy, numerical simulation and design, and root cause analysis services; asset management; mechanical and condition based maintenance; industrial and railway bearings remanufacturing; and training services in various fields. SKF India Limited also exports its products. The company was formerly known as SKF Bearings India Limited and changed its name to SKF India Limited in 2004. SKF India Limited was founded in 1923 and is based in Pune, India.", "fullTimeEmployees": 1716, "companyOfficers": [], "maxAge": 86400}, "netSharePurchaseActivity": {"maxAge": 1, "period": "6m", "buyInfoCount": 0, "buyInfoShares": 0, "sellInfoCount": 0, "netInfoCount": 0, "netInfoShares": 0, "netPercentInsiderShares": 0.0, "totalInsiderShares": 26214570}, "insiderTransactions": {"transactions": [{"maxAge": 1, "shares": 757721, "filerUrl": "", "transactionText": "", "filerName": "Aktiebolaget SKF", "filerRelation": "Promoter", "moneyText": "", "startDate": "2019-02-14", "ownership": "D"}, {"maxAge": 1, "shares": 6566, "filerUrl": "", "transactionText": "", "filerName": "SKF Forvaltning AB", "filerRelation": "Promoter", "moneyText": "", "startDate": "2019-02-14", "ownership": "D"}, {"maxAge": 1, "shares": 104622, "filerUrl": "", "transactionText": "", "filerName": "SKF UK Ltd", "filerRelation": "Promoter", "moneyText": "", "startDate": "2019-02-14", "ownership": "D"}], "maxAge": 1}, "quoteType": {"exchange": "NSI", "quoteType": "EQUITY", "symbol": "SKFINDIA.NS", "underlyingSymbol": "SKFINDIA.NS", "shortName": "SKF INDIA", "longName": "SKF India Limited", "firstTradeDateEpochUtc": "2002-08-12 09:15:00", "timeZoneFullName": "Asia/Kolkata", "timeZoneShortName": "IST", "uuid": "2f620793-ca9c-33e5-9939-07397aa062d2", "gmtOffSetMilliseconds": 19800000, "maxAge": 1}, "incomeStatementHistory": {"incomeStatementHistory": [{"maxAge": 1, "endDate": "2020-03-31", "totalRevenue": 28415800000, "costOfRevenue": 18332900000, "grossProfit": 10082900000, "researchDevelopment": {}, "sellingGeneralAdministrative": 2508900000, "nonRecurring": {}, "otherOperatingExpenses": 3865300000, "totalOperatingExpenses": 25278300000, "operatingIncome": 3137500000, "totalOtherIncomeExpenseNet": 730200000, "ebit": 3137500000, "interestExpense": -94800000, "incomeBeforeTax": 3867700000, "incomeTaxExpense": 977800000, "minorityInterest": {}, "netIncomeFromContinuingOps": 2889900000, "discontinuedOperations": {}, "extraordinaryItems": {}, "effectOfAccountingCharges": {}, "otherItems": {}, "netIncome": 2889900000, "netIncomeApplicableToCommonShares": 2889900000}, {"maxAge": 1, "endDate": "2019-03-31", "totalRevenue": 30345300000, "costOfRevenue": 18233600000, "grossProfit": 12111700000, "researchDevelopment": {}, "sellingGeneralAdministrative": 2804100000, "nonRecurring": {}, "otherOperatingExpenses": 4408500000, "totalOperatingExpenses": 25911900000, "operatingIncome": 4433400000, "totalOtherIncomeExpenseNet": 808500000, "ebit": 4433400000, "interestExpense": -76600000, "incomeBeforeTax": 5241900000, "incomeTaxExpense": 1884200000, "minorityInterest": {}, "netIncomeFromContinuingOps": 3357700000, "discontinuedOperations": {}, "extraordinaryItems": {}, "effectOfAccountingCharges": {}, "otherItems": {}, "netIncome": 3357700000, "netIncomeApplicableToCommonShares": 3357700000}, {"maxAge": 1, "endDate": "2018-03-31", "totalRevenue": 27504100000, "costOfRevenue": 16529800000, "grossProfit": 10974300000, "researchDevelopment": {}, "sellingGeneralAdministrative": 2575900000, "nonRecurring": {}, "otherOperatingExpenses": 3880600000, "totalOperatingExpenses": 23444000000, "operatingIncome": 4060100000, "totalOtherIncomeExpenseNet": 494800000, "ebit": 4060100000, "interestExpense": -49700000, "incomeBeforeTax": 4554900000, "incomeTaxExpense": 1596000000, "minorityInterest": {}, "netIncomeFromContinuingOps": 2958900000, "discontinuedOperations": {}, "extraordinaryItems": {}, "effectOfAccountingCharges": {}, "otherItems": {}, "netIncome": 2958900000, "netIncomeApplicableToCommonShares": 2958900000}, {"maxAge": 1, "endDate": "2017-03-31", "totalRevenue": 26314100000, "costOfRevenue": 16673700000, "grossProfit": 9640400000, "researchDevelopment": {}, "sellingGeneralAdministrative": 2453100000, "nonRecurring": {}, "otherOperatingExpenses": 3729200000, "totalOperatingExpenses": 23335200000, "operatingIncome": 2978900000, "totalOtherIncomeExpenseNet": 777100000, "ebit": 2978900000, "interestExpense": -49700000, "incomeBeforeTax": 3756000000, "incomeTaxExpense": 1317100000, "minorityInterest": {}, "netIncomeFromContinuingOps": 2438900000, "discontinuedOperations": {}, "extraordinaryItems": {}, "effectOfAccountingCharges": {}, "otherItems": {}, "netIncome": 2438900000, "netIncomeApplicableToCommonShares": 2438900000}], "maxAge": 86400}, "fundOwnership": {"ownershipList": [{"maxAge": 1, "reportDate": "2021-01-31", "organization": "DFA Emerging Markets Small Cap Series", "pctHeld": 0.0021, "position": 101358, "value": 177503197}, {"maxAge": 1, "reportDate": "2021-01-31", "organization": "DFA Emerging Markets Core Equity Portfolio", "pctHeld": 0.0018000001, "position": 91184, "value": 159685980}, {"maxAge": 1, "reportDate": "2021-01-31", "organization": "Financial Investors Tr-Rondure New World Fd", "pctHeld": 0.00090000004, "position": 46424, "value": 81300030}, {"maxAge": 1, "reportDate": "2021-03-31", "organization": "SPDR (R) Idx Shares-SPDR (R) Emerging Markets Small Cap ETF", "pctHeld": 0.0005, "position": 23254, "value": 52307547}, {"maxAge": 1, "reportDate": "2021-02-28", "organization": "WisdomTree Tr-WisdomTree India Earnings Fd", "pctHeld": 0.00029999999, "position": 16760, "value": 37404968}, {"maxAge": 1, "reportDate": "2021-01-31", "organization": "DFA Emerging Markets Sustainability Core 1 Portfolio", "pctHeld": 0.0001, "position": 3480, "value": 6094350}, {"maxAge": 1, "reportDate": "2021-01-31", "organization": "DFA T.A. World Ex U.S. Core Equity Portfolio", "pctHeld": 0.0001, "position": 3394, "value": 5943742}, {"maxAge": 1, "reportDate": "2021-01-31", "organization": "DFA Investment Dimensions-Emerging Markets Social Core Equity", "pctHeld": 0.0001, "position": 3247, "value": 5686308}, {"maxAge": 1, "reportDate": "2021-01-31", "organization": "DFA Investment Dimensions-World Ex U.S. Core Equity Port", "pctHeld": 0.0001, "position": 2554, "value": 4472692}], "maxAge": 1}, "summaryDetail": {"maxAge": 1, "priceHint": 2, "previousClose": 2247.1, "open": 2226.7, "dayLow": 2195.15, "dayHigh": 2247.8, "regularMarketPreviousClose": 2247.1, "regularMarketOpen": 2226.7, "regularMarketDayLow": 2195.15, "regularMarketDayHigh": 2247.8, "exDividendDate": "2020-07-14 05:30:00", "payoutRatio": 0.0, "beta": 0.6455, "trailingPE": 41.22521, "volume": 26904, "regularMarketVolume": 26904, "averageVolume": 76101, "averageVolume10days": 38607, "averageDailyVolume10Day": 38607, "bid": 0.0, "ask": 0.0, "bidSize": 0, "askSize": 0, "marketCap": 110570561536, "fiftyTwoWeekLow": 1333.5, "fiftyTwoWeekHigh": 2512.4, "priceToSalesTrailing12Months": 4.5438523, "fiftyDayAverage": 2252.6177, "twoHundredDayAverage": 1796.6447, "trailingAnnualDividendRate": 12.0, "trailingAnnualDividendYield": 0.005340216, "currency": "INR", "fromCurrency": null, "lastMarket": null, "algorithm": null, "tradeable": false}, "incomeStatementHistoryQuarterly": {"incomeStatementHistory": [{"maxAge": 1, "endDate": "2020-12-31", "totalRevenue": 8187200000, "costOfRevenue": 4363300000, "grossProfit": 3823900000, "researchDevelopment": {}, "sellingGeneralAdministrative": 671700000, "nonRecurring": {}, "otherOperatingExpenses": 1348300000, "totalOperatingExpenses": 6535800000, "operatingIncome": 1651400000, "totalOtherIncomeExpenseNet": 85100000, "ebit": 1651400000, "interestExpense": -100000, "incomeBeforeTax": 1736500000, "incomeTaxExpense": 455400000, "minorityInterest": {}, "netIncomeFromContinuingOps": 1281100000, "discontinuedOperations": {}, "extraordinaryItems": {}, "effectOfAccountingCharges": {}, "otherItems": {}, "netIncome": 1281100000, "netIncomeApplicableToCommonShares": 1281100000}, {"maxAge": 1, "endDate": "2020-09-30", "totalRevenue": 7032400000, "costOfRevenue": 4416400000, "grossProfit": 2616000000, "researchDevelopment": {}, "sellingGeneralAdministrative": 578600000, "nonRecurring": {}, "otherOperatingExpenses": 1119200000, "totalOperatingExpenses": 6259400000, "operatingIncome": 773000000, "totalOtherIncomeExpenseNet": 69800000, "ebit": 773000000, "interestExpense": -8000000, "incomeBeforeTax": 842800000, "incomeTaxExpense": 192600000, "minorityInterest": {}, "netIncomeFromContinuingOps": 650200000, "discontinuedOperations": {}, "extraordinaryItems": {}, "effectOfAccountingCharges": {}, "otherItems": {}, "netIncome": 650200000, "netIncomeApplicableToCommonShares": 650200000}, {"maxAge": 1, "endDate": "2020-06-30", "totalRevenue": 3012400000, "costOfRevenue": 1838700000, "grossProfit": 1173700000, "researchDevelopment": {}, "sellingGeneralAdministrative": 567200000, "nonRecurring": {}, "otherOperatingExpenses": 612800000, "totalOperatingExpenses": 3163400000, "operatingIncome": -151000000, "totalOtherIncomeExpenseNet": 147700000, "ebit": -151000000, "interestExpense": -5000000, "incomeBeforeTax": -3300000, "incomeTaxExpense": -800000, "minorityInterest": {}, "netIncomeFromContinuingOps": -2500000, "discontinuedOperations": {}, "extraordinaryItems": {}, "effectOfAccountingCharges": {}, "otherItems": {}, "netIncome": -2500000, "netIncomeApplicableToCommonShares": -2500000}, {"maxAge": 1, "endDate": "2020-03-31", "totalRevenue": 6102100000, "costOfRevenue": 4226100000, "grossProfit": 1876000000, "researchDevelopment": {}, "sellingGeneralAdministrative": 693400000, "nonRecurring": {}, "otherOperatingExpenses": 349700000, "totalOperatingExpenses": 5415800000, "operatingIncome": 686300000, "totalOtherIncomeExpenseNet": 231000000, "ebit": 686300000, "interestExpense": -19200000, "incomeBeforeTax": 917300000, "incomeTaxExpense": 164900000, "minorityInterest": {}, "netIncomeFromContinuingOps": 752400000, "discontinuedOperations": {}, "extraordinaryItems": {}, "effectOfAccountingCharges": {}, "otherItems": {}, "netIncome": 752400000, "netIncomeApplicableToCommonShares": 752400000}], "maxAge": 86400}, "cashflowStatementHistoryQuarterly": {"cashflowStatements": [{"maxAge": 1, "endDate": "2020-12-31", "netIncome": 1281100000, "changeToLiabilities": 0}, {"maxAge": 1, "endDate": "2020-09-30", "netIncome": 650200000, "changeToLiabilities": 0}, {"maxAge": 1, "endDate": "2020-06-30", "netIncome": -2500000, "changeToLiabilities": 0}, {"maxAge": 1, "endDate": "2020-03-31", "netIncome": 752400000, "changeToLiabilities": 0}], "maxAge": 86400}, "insiderHolders": {"holders": [{"maxAge": 1, "name": "Aktiebolaget SKF", "relation": "Promoter", "url": "", "transactionDescription": "Other", "latestTransDate": "2019-02-14", "positionDirect": 22666055, "positionDirectDate": "2019-02-14"}, {"maxAge": 1, "name": "SKF Forvaltning AB", "relation": "Promoter", "url": "", "transactionDescription": "Other", "latestTransDate": "2019-02-14", "positionDirect": 196423, "positionDirectDate": "2019-02-14"}, {"maxAge": 1, "name": "SKF UK Ltd", "relation": "Promoter", "url": "", "transactionDescription": "Other", "latestTransDate": "2019-02-14", "positionDirect": 3129581, "positionDirectDate": "2019-02-14"}], "maxAge": 1}, "calendarEvents": {"maxAge": 1, "earnings": {"earningsDate": []}, "exDividendDate": "2020-07-14 05:30:00"}, "upgradeDowngradeHistory": {"history": [], "maxAge": 86400}, "price": {"maxAge": 1, "regularMarketChangePercent": -0.0046949615, "regularMarketChange": -10.550049, "regularMarketTime": "2021-04-30 15:29:49", "priceHint": 2, "regularMarketPrice": 2236.55, "regularMarketDayHigh": 2247.8, "regularMarketDayLow": 2195.15, "regularMarketVolume": 26904, "averageDailyVolume10Day": 38607, "averageDailyVolume3Month": 76101, "regularMarketPreviousClose": 2247.1, "regularMarketSource": "FREE_REALTIME", "regularMarketOpen": 2226.7, "exchange": "NSI", "exchangeName": "NSE", "exchangeDataDelayedBy": 15, "marketState": "CLOSED", "quoteType": "EQUITY", "symbol": "SKFINDIA.NS", "underlyingSymbol": null, "shortName": "SKF INDIA", "longName": "SKF India Limited", "currency": "INR", "quoteSourceName": "Delayed Quote", "currencySymbol": "\u20b9", "fromCurrency": null, "lastMarket": null, "marketCap": 110570561536}, "balanceSheetHistory": {"balanceSheetStatements": [{"maxAge": 1, "endDate": "2020-03-31", "cash": 1162500000, "shortTermInvestments": 6971800000, "netReceivables": 5350400000, "inventory": 4838800000, "otherCurrentAssets": 33200000, "totalCurrentAssets": 18401200000, "propertyPlantEquipment": 3762900000, "intangibleAssets": 900000, "otherAssets": 2528600000, "deferredLongTermAssetCharges": 169100000, "totalAssets": 24693600000, "accountsPayable": 4120100000, "otherCurrentLiab": 101600000, "otherLiab": 343100000, "totalCurrentLiabilities": 5165000000, "totalLiab": 5641100000, "commonStock": 494400000, "retainedEarnings": 18525200000, "treasuryStock": 32900000, "otherStockholderEquity": 32900000, "totalStockholderEquity": 19052500000, "netTangibleAssets": 19051600000}, {"maxAge": 1, "endDate": "2019-03-31", "cash": 1183600000, "shortTermInvestments": 5271700000, "netReceivables": 5879800000, "inventory": 4705100000, "otherCurrentAssets": 28800000, "totalCurrentAssets": 17112500000, "propertyPlantEquipment": 3291400000, "intangibleAssets": 1600000, "otherAssets": 2561300000, "deferredLongTermAssetCharges": 228400000, "totalAssets": 22966800000, "accountsPayable": 3491400000, "otherCurrentLiab": 340700000, "otherLiab": 323700000, "totalCurrentLiabilities": 5673700000, "totalLiab": 5997400000, "commonStock": 494400000, "retainedEarnings": 16442100000, "treasuryStock": 32900000, "otherStockholderEquity": 32900000, "totalStockholderEquity": 16969400000, "netTangibleAssets": 16967800000}, {"maxAge": 1, "endDate": "2018-03-31", "cash": 1075100000, "shortTermInvestments": 7865200000, "netReceivables": 5460700000, "inventory": 4291600000, "otherCurrentAssets": 196000000, "totalCurrentAssets": 18930600000, "propertyPlantEquipment": 3122200000, "intangibleAssets": 1700000, "otherAssets": 2383900000, "deferredLongTermAssetCharges": 175100000, "totalAssets": 24438400000, "accountsPayable": 3897000000, "otherCurrentLiab": 186800000, "otherLiab": 280900000, "totalCurrentLiabilities": 5784400000, "totalLiab": 6065300000, "commonStock": 513400000, "retainedEarnings": 17845800000, "treasuryStock": 13900000, "otherStockholderEquity": 13900000, "totalStockholderEquity": 18373100000, "netTangibleAssets": 18371400000}, {"maxAge": 1, "endDate": "2017-03-31", "cash": 2304900000, "shortTermInvestments": 5078300000, "netReceivables": 6301100000, "inventory": 4331200000, "otherCurrentAssets": 155200000, "totalCurrentAssets": 18197100000, "propertyPlantEquipment": 3156500000, "intangibleAssets": 1500000, "otherAssets": 1685200000, "deferredLongTermAssetCharges": 115200000, "totalAssets": 23040300000, "accountsPayable": 3040100000, "otherCurrentLiab": 253300000, "otherLiab": 293200000, "totalCurrentLiabilities": 4635000000, "totalLiab": 4928200000, "commonStock": 527300000, "retainedEarnings": 16879700000, "capitalSurplus": 705100000, "totalStockholderEquity": 18112100000, "netTangibleAssets": 18110600000}], "maxAge": 86400}, "financialData": {"maxAge": 86400, "currentPrice": 2236.55, "recommendationKey": "none", "totalCash": 3217999872, "totalCashPerShare": 65.058, "ebitda": 3470374912, "totalDebt": 533700000, "totalRevenue": 24334100480, "debtToEquity": 4.021, "revenuePerShare": 492.385, "grossProfits": 10082900000, "earningsGrowth": 1.49, "revenueGrowth": 0.157, "grossMargins": 0.38997, "ebitdaMargins": 0.14261, "operatingMargins": 0.12163, "profitMargins": 0.11018, "financialCurrency": "INR"}}}