{"SKFINDIA.BO": {"recommendationTrend": {"trend": [{"period": "0m", "strongBuy": 0, "buy": 0, "hold": 0, "sell": 0, "strongSell": 0}, {"period": "-1m", "strongBuy": 0, "buy": 0, "hold": 0, "sell": 0, "strongSell": 0}, {"period": "-2m", "strongBuy": 0, "buy": 0, "hold": 0, "sell": 0, "strongSell": 0}, {"period": "-3m", "strongBuy": 0, "buy": 0, "hold": 0, "sell": 0, "strongSell": 0}], "maxAge": 86400}, "cashflowStatementHistory": {"cashflowStatements": [{"maxAge": 1, "endDate": "2020-03-31", "netIncome": 2889900000, "depreciation": 570100000, "changeToNetincome": -1069300000, "changeToAccountReceivables": 855600000, "changeToLiabilities": 628700000, "changeToInventory": 92200000, "changeToOperatingActivities": -670400000, "totalCashFromOperatingActivities": 3297900000, "capitalExpenditures": -953000000, "investments": -1700200000, "otherCashflowsFromInvestingActivities": 752100000, "totalCashflowsFromInvestingActivities": -1540400000, "dividendsPaid": -593300000, "netBorrowings": -968600000, "otherCashflowsFromFinancingActivities": -216700000, "totalCashFromFinancingActivities": -1778600000, "changeInCash": -21100000}, {"maxAge": 1, "endDate": "2019-03-31", "netIncome": 3357700000, "depreciation": 462900000, "changeToNetincome": -939600000, "changeToAccountReceivables": -305000000, "changeToLiabilities": -405600000, "changeToInventory": -581200000, "changeToOperatingActivities": 219600000, "totalCashFromOperatingActivities": 1809800000, "capitalExpenditures": -456700000, "investments": 2593500000, "otherCashflowsFromInvestingActivities": 882200000, "totalCashflowsFromInvestingActivities": 3064100000, "dividendsPaid": -616100000, "netBorrowings": 50000000, "otherCashflowsFromFinancingActivities": -203200000, "totalCashFromFinancingActivities": -4765400000, "changeInCash": 108500000, "repurchaseOfStock": -3996100000}, {"maxAge": 1, "endDate": "2018-03-31", "netIncome": 2958900000, "depreciation": 456600000, "changeToNetincome": -680900000, "changeToAccountReceivables": 235600000, "changeToLiabilities": 857800000, "changeToInventory": 137600000, "changeToOperatingActivities": -294300000, "totalCashFromOperatingActivities": 3672100000, "capitalExpenditures": -504000000, "investments": -2786800000, "otherCashflowsFromInvestingActivities": 632000000, "totalCashflowsFromInvestingActivities": -2649200000, "dividendsPaid": -513400000, "netBorrowings": 509700000, "otherCashflowsFromFinancingActivities": -154200000, "totalCashFromFinancingActivities": -2252700000, "changeInCash": -1229800000, "repurchaseOfStock": -2094800000}, {"maxAge": 1, "endDate": "2017-03-31", "netIncome": 2438900000, "depreciation": 478600000, "changeToNetincome": -719900000, "changeToAccountReceivables": -314600000, "changeToLiabilities": 110900000, "changeToInventory": -816000000, "changeToOperatingActivities": -28400000, "totalCashFromOperatingActivities": 1149700000, "capitalExpenditures": -416300000, "investments": 933000000, "otherCashflowsFromInvestingActivities": 943100000, "totalCashflowsFromInvestingActivities": 1471100000, "dividendsPaid": -791000000, "netBorrowings": -309700000, "otherCashflowsFromFinancingActivities": -161000000, "totalCashFromFinancingActivities": -1261700000, "changeInCash": 1359100000, "repurchaseOfStock": -2094800000}], "maxAge": 86400}, "institutionOwnership": {"ownershipList": [], "maxAge": 1}, "balanceSheetHistoryQuarterly": {"balanceSheetStatements": [{"maxAge": 1, "endDate": "2020-06-30", "totalStockholderEquity": 19052500000, "netTangibleAssets": 19051600000}, {"maxAge": 1, "endDate": "2020-03-31", "cash": 1162500000, "shortTermInvestments": 6971800000, "netReceivables": 5350400000, "inventory": 4838800000, "otherCurrentAssets": 33200000, "totalCurrentAssets": 18401200000, "propertyPlantEquipment": 3762900000, "intangibleAssets": 900000, "otherAssets": 2528600000, "deferredLongTermAssetCharges": 169100000, "totalAssets": 24693600000, "accountsPayable": 4120100000, "otherCurrentLiab": 101600000, "otherLiab": 343100000, "totalCurrentLiabilities": 5165000000, "totalLiab": 5641100000, "commonStock": 494400000, "retainedEarnings": 18525200000, "treasuryStock": 32900000, "otherStockholderEquity": 32900000, "totalStockholderEquity": 19052500000, "netTangibleAssets": 19051600000}, {"maxAge": 1, "endDate": "2019-12-31", "totalStockholderEquity": 17879400000, "netTangibleAssets": 17878300000}, {"maxAge": 1, "endDate": "2019-09-30", "cash": 5450900000, "shortTermInvestments": 1472000000, "netReceivables": 5983600000, "inventory": 4581200000, "otherCurrentAssets": 615300000, "totalCurrentAssets": 18103000000, "longTermInvestments": 424100000, "propertyPlantEquipment": 3720000000, "intangibleAssets": 1100000, "otherAssets": 2209600000, "deferredLongTermAssetCharges": 216600000, "totalAssets": 24457800000, "accountsPayable": 4049700000, "otherCurrentLiab": 903700000, "otherLiab": 334100000, "totalCurrentLiabilities": 6073200000, "totalLiab": 6578400000, "commonStock": 494400000, "treasuryStock": 17385000000, "otherStockholderEquity": 17385000000, "totalStockholderEquity": 17879400000, "netTangibleAssets": 17878300000}], "maxAge": 86400}, "earningsHistory": {"history": [{"maxAge": 1, "epsActual": 16.8, "epsEstimate": 15.7, "epsDifference": 1.1, "surprisePercent": 0.07, "quarter": "2017-12-31", "period": "-4q"}, {"maxAge": 1, "epsActual": 13.9, "epsEstimate": 16.0, "epsDifference": -2.1, "surprisePercent": -0.131, "quarter": "2018-03-31", "period": "-3q"}, {"maxAge": 1, "epsActual": 15.7, "epsEstimate": 15.2, "epsDifference": 0.5, "surprisePercent": 0.033, "quarter": "2018-06-30", "period": "-2q"}, {"maxAge": 1, "epsActual": 16.4, "epsEstimate": 16.5, "epsDifference": -0.1, "surprisePercent": -0.006, "quarter": "2018-09-30", "period": "-1q"}], "maxAge": 86400}, "indexTrend": {"maxAge": 1, "symbol": "SP5", "peRatio": 19.7411, "pegRatio": 1.34172, "estimates": [{"period": "0q", "growth": 0.549}, {"period": "+1q", "growth": 0.431}, {"period": "0y", "growth": 0.305}, {"period": "+1y", "growth": 0.109}, {"period": "+5y", "growth": 0.120865}, {"period": "-5y"}]}, "industryTrend": {"maxAge": 1, "symbol": null, "estimates": []}, "insiderTransactions": {"transactions": [{"maxAge": 1, "shares": 757721, "filerUrl": "", "transactionText": "", "filerName": "Aktiebolaget SKF", "filerRelation": "Promoter", "moneyText": "", "startDate": "2019-02-14", "ownership": "D"}, {"maxAge": 1, "shares": 6566, "filerUrl": "", "transactionText": "", "filerName": "SKF Forvaltning AB", "filerRelation": "Promoter", "moneyText": "", "startDate": "2019-02-14", "ownership": "D"}, {"maxAge": 1, "shares": 104622, "filerUrl": "", "transactionText": "", "filerName": "SKF UK Ltd", "filerRelation": "Promoter", "moneyText": "", "startDate": "2019-02-14", "ownership": "D"}], "maxAge": 1}, "quoteType": {"exchange": "BSE", "quoteType": "EQUITY", "symbol": "SKFINDIA.BO", "underlyingSymbol": "SKFINDIA.BO", "shortName": "SKF INDIA LTD.", "longName": "SKF India Limited", "firstTradeDateEpochUtc": "2001-10-09 09:15:00", "timeZoneFullName": "Asia/Kolkata", "timeZoneShortName": "IST", "uuid": "5fad4da9-00aa-3106-8ba3-c83793c9f057", "gmtOffSetMilliseconds": 19800000, "maxAge": 1}, "incomeStatementHistory": {"incomeStatementHistory": [{"maxAge": 1, "endDate": "2020-03-31", "totalRevenue": 28415800000, "costOfRevenue": 18332900000, "grossProfit": 10082900000, "researchDevelopment": {}, "sellingGeneralAdministrative": 2508900000, "nonRecurring": {}, "otherOperatingExpenses": 3865300000, "totalOperatingExpenses": 25278300000, "operatingIncome": 3137500000, "totalOtherIncomeExpenseNet": 730200000, "ebit": 3137500000, "interestExpense": -94800000, "incomeBeforeTax": 3867700000, "incomeTaxExpense": 977800000, "minorityInterest": {}, "netIncomeFromContinuingOps": 2889900000, "discontinuedOperations": {}, "extraordinaryItems": {}, "effectOfAccountingCharges": {}, "otherItems": {}, "netIncome": 2889900000, "netIncomeApplicableToCommonShares": 2889900000}, {"maxAge": 1, "endDate": "2019-03-31", "totalRevenue": 30345300000, "costOfRevenue": 18233600000, "grossProfit": 12111700000, "researchDevelopment": {}, "sellingGeneralAdministrative": 2804100000, "nonRecurring": {}, "otherOperatingExpenses": 4408500000, "totalOperatingExpenses": 25911900000, "operatingIncome": 4433400000, "totalOtherIncomeExpenseNet": 808500000, "ebit": 4433400000, "interestExpense": -76600000, "incomeBeforeTax": 5241900000, "incomeTaxExpense": 1884200000, "minorityInterest": {}, "netIncomeFromContinuingOps": 3357700000, "discontinuedOperations": {}, "extraordinaryItems": {}, "effectOfAccountingCharges": {}, "otherItems": {}, "netIncome": 3357700000, "netIncomeApplicableToCommonShares": 3357700000}, {"maxAge": 1, "endDate": "2018-03-31", "totalRevenue": 27504100000, "costOfRevenue": 16529800000, "grossProfit": 10974300000, "researchDevelopment": {}, "sellingGeneralAdministrative": 2575900000, "nonRecurring": {}, "otherOperatingExpenses": 3880600000, "totalOperatingExpenses": 23444000000, "operatingIncome": 4060100000, "totalOtherIncomeExpenseNet": 494800000, "ebit": 4060100000, "interestExpense": -49700000, "incomeBeforeTax": 4554900000, "incomeTaxExpense": 1596000000, "minorityInterest": {}, "netIncomeFromContinuingOps": 2958900000, "discontinuedOperations": {}, "extraordinaryItems": {}, "effectOfAccountingCharges": {}, "otherItems": {}, "netIncome": 2958900000, "netIncomeApplicableToCommonShares": 2958900000}, {"maxAge": 1, "endDate": "2017-03-31", "totalRevenue": 26314100000, "costOfRevenue": 16673700000, "grossProfit": 9640400000, "researchDevelopment": {}, "sellingGeneralAdministrative": 2453100000, "nonRecurring": {}, "otherOperatingExpenses": 3729200000, "totalOperatingExpenses": 23335200000, "operatingIncome": 2978900000, "totalOtherIncomeExpenseNet": 777100000, "ebit": 2978900000, "interestExpense": -49700000, "incomeBeforeTax": 3756000000, "incomeTaxExpense": 1317100000, "minorityInterest": {}, "netIncomeFromContinuingOps": 2438900000, "discontinuedOperations": {}, "extraordinaryItems": {}, "effectOfAccountingCharges": {}, "otherItems": {}, "netIncome": 2438900000, "netIncomeApplicableToCommonShares": 2438900000}], "maxAge": 86400}, "fundOwnership": {"ownershipList": [{"maxAge": 1, "reportDate": "2020-07-31", "organization": "DFA Emerging Markets Small Cap Series", "pctHeld": 0.0023999999, "position": 119489, "value": 175804165}, {"maxAge": 1, "reportDate": "2020-07-31", "organization": "DFA Emerging Markets Core Equity Portfolio", "pctHeld": 0.0018000001, "position": 91184, "value": 134159019}, {"maxAge": 1, "reportDate": "2020-07-31", "organization": "Financial Investors Tr-Rondure New World Fd", "pctHeld": 0.0005, "position": 24500, "value": 36046850}, {"maxAge": 1, "reportDate": "2020-08-31", "organization": "SPDR (R) Idx Shares-SPDR (R) Emerging Markets Small Cap ETF", "pctHeld": 0.0005, "position": 24349, "value": 39257892}, {"maxAge": 1, "reportDate": "2020-07-31", "organization": "DFA Emerging Markets Sustainability Core 1 Portfolio", "pctHeld": 0.0001, "position": 3480, "value": 5120124}, {"maxAge": 1, "reportDate": "2020-07-31", "organization": "DFA T.A. World Ex U.S. Core Equity Portfolio", "pctHeld": 0.0001, "position": 3394, "value": 4993592}, {"maxAge": 1, "reportDate": "2020-07-31", "organization": "DFA Investment Dimensions-World Ex U.S. Core Equity Port", "pctHeld": 0.0001, "position": 2554, "value": 3757700}], "maxAge": 1}, "summaryDetail": {"maxAge": 1, "priceHint": 2, "previousClose": 2245.75, "open": 2241.0, "dayLow": 2200.0, "dayHigh": 2249.05, "regularMarketPreviousClose": 2245.75, "regularMarketOpen": 2241.0, "regularMarketDayLow": 2200.0, "regularMarketDayHigh": 2249.05, "trailingPE": 46.030525, "forwardPE": 38.414867, "volume": 793, "regularMarketVolume": 793, "averageVolume": 6950, "averageVolume10days": 1115, "averageDailyVolume10Day": 1115, "bid": 2222.05, "ask": 2250.0, "bidSize": 0, "askSize": 0, "marketCap": 110644715520, "fiftyTwoWeekLow": 1237.5, "fiftyTwoWeekHigh": 2249.05, "fiftyDayAverage": 1753.7091, "twoHundredDayAverage": 1589.089, "trailingAnnualDividendRate": 12.0, "trailingAnnualDividendYield": 0.0053434265, "currency": "INR", "fromCurrency": null, "lastMarket": null, "algorithm": null, "tradeable": false}, "sectorTrend": {"maxAge": 1, "symbol": null, "estimates": []}, "incomeStatementHistoryQuarterly": {"incomeStatementHistory": [{"maxAge": 1, "endDate": "2020-06-30", "totalRevenue": 3012400000, "costOfRevenue": 1838700000, "grossProfit": 1173700000, "researchDevelopment": {}, "sellingGeneralAdministrative": 567200000, "nonRecurring": {}, "otherOperatingExpenses": 612800000, "totalOperatingExpenses": 3163400000, "operatingIncome": -151000000, "totalOtherIncomeExpenseNet": 147700000, "ebit": -151000000, "interestExpense": -5000000, "incomeBeforeTax": -3300000, "incomeTaxExpense": -800000, "minorityInterest": {}, "netIncomeFromContinuingOps": -2500000, "discontinuedOperations": {}, "extraordinaryItems": {}, "effectOfAccountingCharges": {}, "otherItems": {}, "netIncome": -2500000, "netIncomeApplicableToCommonShares": -2500000}, {"maxAge": 1, "endDate": "2020-03-31", "totalRevenue": 6102100000, "costOfRevenue": 4226100000, "grossProfit": 1876000000, "researchDevelopment": {}, "sellingGeneralAdministrative": 693400000, "nonRecurring": {}, "otherOperatingExpenses": 349700000, "totalOperatingExpenses": 5415800000, "operatingIncome": 686300000, "totalOtherIncomeExpenseNet": 231000000, "ebit": 686300000, "interestExpense": -19200000, "incomeBeforeTax": 917300000, "incomeTaxExpense": 164900000, "minorityInterest": {}, "netIncomeFromContinuingOps": 752400000, "discontinuedOperations": {}, "extraordinaryItems": {}, "effectOfAccountingCharges": {}, "otherItems": {}, "netIncome": 752400000, "netIncomeApplicableToCommonShares": 752400000}, {"maxAge": 1, "endDate": "2019-12-31", "totalRevenue": 7073400000, "costOfRevenue": 4639900000, "grossProfit": 2433500000, "researchDevelopment": {}, "sellingGeneralAdministrative": 576100000, "nonRecurring": {}, "otherOperatingExpenses": 1131900000, "totalOperatingExpenses": 6492500000, "operatingIncome": 580900000, "totalOtherIncomeExpenseNet": 146300000, "ebit": 580900000, "interestExpense": -24800000, "incomeBeforeTax": 727200000, "incomeTaxExpense": 215300000, "minorityInterest": {}, "netIncomeFromContinuingOps": 511900000, "discontinuedOperations": {}, "extraordinaryItems": {}, "effectOfAccountingCharges": {}, "otherItems": {}, "netIncome": 511900000, "netIncomeApplicableToCommonShares": 511900000}, {"maxAge": 1, "endDate": "2019-09-30", "totalRevenue": 7472000000, "costOfRevenue": 4779000000, "grossProfit": 2693000000, "researchDevelopment": {}, "sellingGeneralAdministrative": 596400000, "nonRecurring": {}, "otherOperatingExpenses": 1146500000, "totalOperatingExpenses": 6663300000, "operatingIncome": 808700000, "totalOtherIncomeExpenseNet": 207700000, "ebit": 808700000, "interestExpense": -24500000, "incomeBeforeTax": 1016400000, "incomeTaxExpense": 170200000, "minorityInterest": {}, "netIncomeFromContinuingOps": 846200000, "discontinuedOperations": {}, "extraordinaryItems": {}, "effectOfAccountingCharges": {}, "otherItems": {}, "netIncome": 846200000, "netIncomeApplicableToCommonShares": 846200000}], "maxAge": 86400}, "cashflowStatementHistoryQuarterly": {"cashflowStatements": [{"maxAge": 1, "endDate": "2020-06-30", "netIncome": -2500000, "changeToLiabilities": 0}, {"maxAge": 1, "endDate": "2020-03-31", "netIncome": 752400000, "changeToLiabilities": 0}, {"maxAge": 1, "endDate": "2019-12-31", "netIncome": 511900000, "changeToLiabilities": 0}, {"maxAge": 1, "endDate": "2019-09-30", "netIncome": 846200000, "changeToLiabilities": 0}], "maxAge": 86400}, "insiderHolders": {"holders": [{"maxAge": 1, "name": "Aktiebolaget SKF", "relation": "Promoter", "url": "", "transactionDescription": "Other", "latestTransDate": "2019-02-14", "positionDirect": 22666055, "positionDirectDate": "2019-02-14"}, {"maxAge": 1, "name": "SKF Forvaltning AB", "relation": "Promoter", "url": "", "transactionDescription": "Other", "latestTransDate": "2019-02-14", "positionDirect": 196423, "positionDirectDate": "2019-02-14"}, {"maxAge": 1, "name": "SKF UK Ltd", "relation": "Promoter", "url": "", "transactionDescription": "Other", "latestTransDate": "2019-02-14", "positionDirect": 3129581, "positionDirectDate": "2019-02-14"}], "maxAge": 1}, "earnings": {"maxAge": 86400, "earningsChart": {"quarterly": [{"date": "4Q2017", "actual": 16.8, "estimate": 15.7}, {"date": "1Q2018", "actual": 13.9, "estimate": 16.0}, {"date": "2Q2018", "actual": 15.7, "estimate": 15.2}, {"date": "3Q2018", "actual": 16.4, "estimate": 16.5}], "currentQuarterEstimateDate": "4Q", "currentQuarterEstimateYear": 2018, "earningsDate": []}, "financialsChart": {"yearly": [{"date": 2017, "revenue": 26314100000, "earnings": 2438900000}, {"date": 2018, "revenue": 27504100000, "earnings": 2958900000}, {"date": 2019, "revenue": 30345300000, "earnings": 3357700000}, {"date": 2020, "revenue": 28415800000, "earnings": 2889900000}], "quarterly": [{"date": "3Q2019", "revenue": 7472000000, "earnings": 846200000}, {"date": "4Q2019", "revenue": 7073400000, "earnings": 511900000}, {"date": "1Q2020", "revenue": 6102100000, "earnings": 752400000}, {"date": "2Q2020", "revenue": 3012400000, "earnings": -2500000}]}, "financialCurrency": "INR"}, "calendarEvents": {"maxAge": 1, "earnings": {"earningsDate": [], "revenueAverage": 8043420000, "revenueLow": 8043420000, "revenueHigh": 8043420000}}, "upgradeDowngradeHistory": {"history": [], "maxAge": 86400}, "price": {"maxAge": 1, "regularMarketChangePercent": -0.0034286766, "regularMarketChange": -7.699951, "regularMarketTime": "2021-04-30 15:27:09", "priceHint": 2, "regularMarketPrice": 2238.05, "regularMarketDayHigh": 2249.05, "regularMarketDayLow": 2200.0, "regularMarketVolume": 793, "averageDailyVolume10Day": 1115, "averageDailyVolume3Month": 6950, "regularMarketPreviousClose": 2245.75, "regularMarketSource": "FREE_REALTIME", "regularMarketOpen": 2241.0, "exchange": "BSE", "exchangeName": "BSE", "exchangeDataDelayedBy": 0, "marketState": "CLOSED", "quoteType": "EQUITY", "symbol": "SKFINDIA.BO", "underlyingSymbol": null, "shortName": "SKF INDIA LTD.", "longName": "SKF India Limited", "currency": "INR", "quoteSourceName": "Delayed Quote", "currencySymbol": "\u20b9", "fromCurrency": null, "lastMarket": null, "marketCap": 110644715520}, "balanceSheetHistory": {"balanceSheetStatements": [{"maxAge": 1, "endDate": "2020-03-31", "cash": 1162500000, "shortTermInvestments": 6971800000, "netReceivables": 5350400000, "inventory": 4838800000, "otherCurrentAssets": 33200000, "totalCurrentAssets": 18401200000, "propertyPlantEquipment": 3762900000, "intangibleAssets": 900000, "otherAssets": 2528600000, "deferredLongTermAssetCharges": 169100000, "totalAssets": 24693600000, "accountsPayable": 4120100000, "otherCurrentLiab": 101600000, "otherLiab": 343100000, "totalCurrentLiabilities": 5165000000, "totalLiab": 5641100000, "commonStock": 494400000, "retainedEarnings": 18525200000, "treasuryStock": 32900000, "otherStockholderEquity": 32900000, "totalStockholderEquity": 19052500000, "netTangibleAssets": 19051600000}, {"maxAge": 1, "endDate": "2019-03-31", "cash": 1183600000, "shortTermInvestments": 5271700000, "netReceivables": 5879800000, "inventory": 4705100000, "otherCurrentAssets": 28800000, "totalCurrentAssets": 17112500000, "propertyPlantEquipment": 3291400000, "intangibleAssets": 1600000, "otherAssets": 2561300000, "deferredLongTermAssetCharges": 228400000, "totalAssets": 22966800000, "accountsPayable": 3491400000, "otherCurrentLiab": 340700000, "otherLiab": 323700000, "totalCurrentLiabilities": 5673700000, "totalLiab": 5997400000, "commonStock": 494400000, "retainedEarnings": 16442100000, "treasuryStock": 32900000, "otherStockholderEquity": 32900000, "totalStockholderEquity": 16969400000, "netTangibleAssets": 16967800000}, {"maxAge": 1, "endDate": "2018-03-31", "cash": 1075100000, "shortTermInvestments": 7865200000, "netReceivables": 5460700000, "inventory": 4291600000, "otherCurrentAssets": 196000000, "totalCurrentAssets": 18930600000, "propertyPlantEquipment": 3122200000, "intangibleAssets": 1700000, "otherAssets": 2383900000, "deferredLongTermAssetCharges": 175100000, "totalAssets": 24438400000, "accountsPayable": 3897000000, "otherCurrentLiab": 186800000, "otherLiab": 280900000, "totalCurrentLiabilities": 5784400000, "totalLiab": 6065300000, "commonStock": 513400000, "retainedEarnings": 17845800000, "treasuryStock": 13900000, "otherStockholderEquity": 13900000, "totalStockholderEquity": 18373100000, "netTangibleAssets": 18371400000}, {"maxAge": 1, "endDate": "2017-03-31", "cash": 2304900000, "shortTermInvestments": 5078300000, "netReceivables": 6301100000, "inventory": 4331200000, "otherCurrentAssets": 155200000, "totalCurrentAssets": 18197100000, "propertyPlantEquipment": 3156500000, "intangibleAssets": 1500000, "otherAssets": 1685200000, "deferredLongTermAssetCharges": 115200000, "totalAssets": 23040300000, "accountsPayable": 3040100000, "otherCurrentLiab": 253300000, "otherLiab": 293200000, "totalCurrentLiabilities": 4635000000, "totalLiab": 4928200000, "commonStock": 527300000, "retainedEarnings": 16879700000, "capitalSurplus": 705100000, "totalStockholderEquity": 18112100000, "netTangibleAssets": 18110600000}], "maxAge": 86400}, "earningsTrend": {"trend": [{"maxAge": 1, "period": "0q", "endDate": "2018-12-31", "growth": {}, "earningsEstimate": {"avg": 0.0, "low": 0.0, "high": 0.0, "yearAgoEps": 16.8, "numberOfAnalysts": 0, "growth": {}}, "revenueEstimate": {"avg": 8043420000, "low": 8043420000, "high": 8043420000, "numberOfAnalysts": 1, "yearAgoRevenue": 7004900000, "growth": 0.148}, "epsTrend": {"current": 0.0, "7daysAgo": 18.05, "30daysAgo": 18.05, "60daysAgo": 18.05, "90daysAgo": 18.05}, "epsRevisions": {"upLast7days": 0, "upLast30days": 0, "downLast30days": 0, "downLast90days": {}}}, {"maxAge": 1, "period": "+1q", "endDate": "2019-03-31", "growth": {}, "earningsEstimate": {"avg": 0.0, "low": 0.0, "high": 0.0, "yearAgoEps": 13.9, "numberOfAnalysts": 0, "growth": {}}, "revenueEstimate": {"avg": 25900000, "low": 25900000, "high": 25900000, "numberOfAnalysts": 1, "yearAgoRevenue": 7036400000, "growth": -0.996}, "epsTrend": {"current": 0.0, "7daysAgo": 0.0, "30daysAgo": 0.0, "60daysAgo": 0.0, "90daysAgo": 0.0}, "epsRevisions": {"upLast7days": 0, "upLast30days": 0, "downLast30days": 0, "downLast90days": {}}}, {"maxAge": 1, "period": "0y", "endDate": "2019-03-31", "growth": {}, "earningsEstimate": {"avg": 0.0, "low": 0.0, "high": 0.0, "yearAgoEps": {}, "numberOfAnalysts": 0, "growth": {}}, "revenueEstimate": {"avg": 30928100000, "low": 30384000000, "high": 31327000000, "numberOfAnalysts": 10, "yearAgoRevenue": 27504100000, "growth": 0.124}, "epsTrend": {"current": 0.0, "7daysAgo": 66.4, "30daysAgo": 66.4, "60daysAgo": 66.4, "90daysAgo": 66.4}, "epsRevisions": {"upLast7days": 0, "upLast30days": 1, "downLast30days": 0, "downLast90days": {}}}, {"maxAge": 1, "period": "+1y", "endDate": "2020-03-31", "growth": {}, "earningsEstimate": {"avg": 0.0, "low": 0.0, "high": 0.0, "yearAgoEps": {}, "numberOfAnalysts": 0, "growth": {}}, "revenueEstimate": {"avg": 34977000000, "low": 33795000000, "high": 36115000000, "numberOfAnalysts": 11, "yearAgoRevenue": 30928100000, "growth": 0.131}, "epsTrend": {"current": 0.0, "7daysAgo": 76.44, "30daysAgo": 76.44, "60daysAgo": 76.44, "90daysAgo": 76.44}, "epsRevisions": {"upLast7days": 0, "upLast30days": 1, "downLast30days": 0, "downLast90days": {}}}, {"maxAge": 1, "period": "+5y", "endDate": null, "growth": 0.3325, "earningsEstimate": {"avg": {}, "low": {}, "high": {}, "yearAgoEps": {}, "numberOfAnalysts": {}, "growth": {}}, "revenueEstimate": {"avg": {}, "low": {}, "high": {}, "numberOfAnalysts": {}, "yearAgoRevenue": {}, "growth": {}}, "epsTrend": {"current": {}, "7daysAgo": {}, "30daysAgo": {}, "60daysAgo": {}, "90daysAgo": {}}, "epsRevisions": {"upLast7days": {}, "upLast30days": {}, "downLast30days": {}, "downLast90days": {}}}, {"maxAge": 1, "period": "-5y", "endDate": null, "growth": {}, "earningsEstimate": {"avg": {}, "low": {}, "high": {}, "yearAgoEps": {}, "numberOfAnalysts": {}, "growth": {}}, "revenueEstimate": {"avg": {}, "low": {}, "high": {}, "numberOfAnalysts": {}, "yearAgoRevenue": {}, "growth": {}}, "epsTrend": {"current": {}, "7daysAgo": {}, "30daysAgo": {}, "60daysAgo": {}, "90daysAgo": {}}, "epsRevisions": {"upLast7days": {}, "upLast30days": {}, "downLast30days": {}, "downLast90days": {}}}], "maxAge": 1}, "financialData": {"maxAge": 86400, "currentPrice": 2238.05, "targetHighPrice": 2300.0, "targetLowPrice": 1857.0, "targetMeanPrice": 2052.0, "targetMedianPrice": 2063.0, "recommendationKey": "none", "numberOfAnalystOpinions": 10, "grossProfits": 10082900000, "financialCurrency": "INR"}}}