{"SKPMIL.BO": {"cashflowStatementHistory": {"cashflowStatements": [{"maxAge": 1, "endDate": "2020-03-31", "netIncome": -53660000, "depreciation": 36744000, "changeToNetincome": -28270000, "changeToAccountReceivables": 19697000, "changeToLiabilities": 90842000, "changeToInventory": 1913000, "totalCashFromOperatingActivities": 67266000, "capitalExpenditures": -46515000, "otherCashflowsFromInvestingActivities": -4161000, "totalCashflowsFromInvestingActivities": 22324000, "netBorrowings": -9980000, "otherCashflowsFromFinancingActivities": -87401000, "totalCashFromFinancingActivities": -97381000, "changeInCash": -7791000}, {"maxAge": 1, "endDate": "2019-03-31", "netIncome": 45022000, "depreciation": 32642000, "changeToNetincome": 22172000, "changeToAccountReceivables": 50483000, "changeToLiabilities": -22439000, "changeToInventory": -54162000, "totalCashFromOperatingActivities": 73718000, "capitalExpenditures": -79465000, "otherCashflowsFromInvestingActivities": -1956000, "totalCashflowsFromInvestingActivities": -50517000, "netBorrowings": 8161000, "otherCashflowsFromFinancingActivities": -21226000, "totalCashFromFinancingActivities": -13065000, "changeInCash": 10136000}, {"maxAge": 1, "endDate": "2018-03-31", "netIncome": 6184000, "depreciation": 31232000, "changeToNetincome": -33020000, "changeToAccountReceivables": -50435000, "changeToLiabilities": 47689000, "changeToInventory": -8523000, "totalCashFromOperatingActivities": -6873000, "capitalExpenditures": -73596000, "investments": -350000, "otherCashflowsFromInvestingActivities": 10134000, "totalCashflowsFromInvestingActivities": 23065000, "netBorrowings": -7830000, "otherCashflowsFromFinancingActivities": -20114000, "totalCashFromFinancingActivities": -27944000, "changeInCash": -11752000}, {"maxAge": 1, "endDate": "2017-03-31", "netIncome": 237409000, "depreciation": 31260000, "changeToNetincome": -21510000, "changeToAccountReceivables": 57762000, "changeToLiabilities": 7596000, "changeToInventory": -5790000, "totalCashFromOperatingActivities": 306727000, "capitalExpenditures": -39372000, "investments": -623000, "otherCashflowsFromInvestingActivities": 5479000, "totalCashflowsFromInvestingActivities": -34516000, "netBorrowings": -197876000, "otherCashflowsFromFinancingActivities": -22354000, "totalCashFromFinancingActivities": -270230000, "changeInCash": 1981000}], "maxAge": 86400}, "institutionOwnership": {"maxAge": 1, "ownershipList": []}, "balanceSheetHistoryQuarterly": {"balanceSheetStatements": [{"maxAge": 1, "endDate": "2020-06-30", "totalStockholderEquity": 240532000, "netTangibleAssets": 240532000}, {"maxAge": 1, "endDate": "2020-03-31", "cash": 7031000, "netReceivables": 148592000, "inventory": 163211000, "otherCurrentAssets": 96636000, "totalCurrentAssets": 416196000, "longTermInvestments": 16437000, "propertyPlantEquipment": 345068000, "otherAssets": 93843000, "deferredLongTermAssetCharges": 56416000, "totalAssets": 871544000, "accountsPayable": 260155000, "shortLongTermDebt": 1421000, "otherCurrentLiab": 89024000, "longTermDebt": 35723000, "otherLiab": 32680000, "totalCurrentLiabilities": 562609000, "totalLiab": 631012000, "commonStock": 135217000, "retainedEarnings": -20490000, "treasuryStock": 69256000, "capitalSurplus": 56549000, "otherStockholderEquity": 69256000, "totalStockholderEquity": 240532000, "netTangibleAssets": 240532000}, {"maxAge": 1, "endDate": "2019-12-31", "totalStockholderEquity": 273135000, "netTangibleAssets": 273135000}, {"maxAge": 1, "endDate": "2019-09-30", "cash": 28565000, "shortTermInvestments": 3796000, "netReceivables": 127219000, "inventory": 184379000, "otherCurrentAssets": 98676000, "totalCurrentAssets": 442635000, "longTermInvestments": 20845000, "propertyPlantEquipment": 344532000, "otherAssets": 75549000, "deferredLongTermAssetCharges": 44007000, "totalAssets": 883561000, "accountsPayable": 193676000, "otherCurrentLiab": 163118000, "longTermDebt": 34733000, "otherLiab": 32497000, "totalCurrentLiabilities": 543196000, "totalLiab": 610426000, "commonStock": 135217000, "treasuryStock": 137918000, "otherStockholderEquity": 137918000, "totalStockholderEquity": 273135000, "netTangibleAssets": 273135000}], "maxAge": 86400}, "indexTrend": {"maxAge": 1, "symbol": "SP5", "peRatio": 19.7411, "pegRatio": 1.34172, "estimates": [{"period": "0q", "growth": 0.549}, {"period": "+1q", "growth": 0.431}, {"period": "0y", "growth": 0.305}, {"period": "+1y", "growth": 0.109}, {"period": "+5y", "growth": 0.120859005}, {"period": "-5y"}]}, "quoteType": {"exchange": "BSE", "quoteType": "EQUITY", "symbol": "SKPMIL.BO", "underlyingSymbol": "SKPMIL.BO", "shortName": "SHREE KRISHNA PAPER MILLS & IN", "longName": "Shree Krishna Paper Mills & Industries Limited", "firstTradeDateEpochUtc": "2002-01-29 09:15:00", "timeZoneFullName": "Asia/Kolkata", "timeZoneShortName": "IST", "uuid": "d0ba8f7b-db6d-3cf5-b209-5da5b9f1afce", "messageBoardId": null, "gmtOffSetMilliseconds": 19800000, "maxAge": 1}, "incomeStatementHistory": {"incomeStatementHistory": [{"maxAge": 1, "endDate": "2020-03-31", "totalRevenue": 1012758000, "costOfRevenue": 596226000, "grossProfit": 416532000, "researchDevelopment": {}, "sellingGeneralAdministrative": 88050000, "nonRecurring": {}, "otherOperatingExpenses": 367071000, "totalOperatingExpenses": 1087913000, "operatingIncome": -75155000, "totalOtherIncomeExpenseNet": -1846000, "ebit": -75155000, "interestExpense": -27910000, "incomeBeforeTax": -77001000, "incomeTaxExpense": -23341000, "minorityInterest": {}, "netIncomeFromContinuingOps": -53660000, "discontinuedOperations": {}, "extraordinaryItems": {}, "effectOfAccountingCharges": {}, "otherItems": {}, "netIncome": -53660000, "netIncomeApplicableToCommonShares": -53660000}, {"maxAge": 1, "endDate": "2019-03-31", "totalRevenue": 1426124000, "costOfRevenue": 800088000, "grossProfit": 626036000, "researchDevelopment": {}, "sellingGeneralAdministrative": 86373000, "nonRecurring": {}, "otherOperatingExpenses": 425839000, "totalOperatingExpenses": 1344766000, "operatingIncome": 81358000, "totalOtherIncomeExpenseNet": -21652000, "ebit": 81358000, "interestExpense": -22819000, "incomeBeforeTax": 59706000, "incomeTaxExpense": 14684000, "minorityInterest": {}, "netIncomeFromContinuingOps": 45022000, "discontinuedOperations": {}, "extraordinaryItems": {}, "effectOfAccountingCharges": {}, "otherItems": {}, "netIncome": 45022000, "netIncomeApplicableToCommonShares": 45022000}, {"maxAge": 1, "endDate": "2018-03-31", "totalRevenue": 1363551000, "costOfRevenue": 841802000, "grossProfit": 521749000, "researchDevelopment": {}, "sellingGeneralAdministrative": 81562000, "nonRecurring": {}, "otherOperatingExpenses": 420696000, "totalOperatingExpenses": 1375114000, "operatingIncome": -11563000, "totalOtherIncomeExpenseNet": 27932000, "ebit": -11563000, "interestExpense": -26935000, "incomeBeforeTax": 16369000, "incomeTaxExpense": 10185000, "minorityInterest": {}, "netIncomeFromContinuingOps": 6184000, "discontinuedOperations": {}, "extraordinaryItems": {}, "effectOfAccountingCharges": {}, "otherItems": {}, "netIncome": 6184000, "netIncomeApplicableToCommonShares": 6184000}, {"maxAge": 1, "endDate": "2017-03-31", "totalRevenue": 1367803000, "costOfRevenue": 787721000, "grossProfit": 580082000, "researchDevelopment": {}, "sellingGeneralAdministrative": 75012000, "nonRecurring": {}, "otherOperatingExpenses": 392581000, "totalOperatingExpenses": 1286397000, "operatingIncome": 81406000, "totalOtherIncomeExpenseNet": 160604000, "ebit": 81406000, "interestExpense": -27905000, "incomeBeforeTax": 242010000, "incomeTaxExpense": 4601000, "minorityInterest": {}, "netIncomeFromContinuingOps": 237409000, "discontinuedOperations": {}, "extraordinaryItems": {}, "effectOfAccountingCharges": {}, "otherItems": {}, "netIncome": 237409000, "netIncomeApplicableToCommonShares": 235013000}], "maxAge": 86400}, "fundOwnership": {"maxAge": 1, "ownershipList": []}, "summaryDetail": {"maxAge": 1, "priceHint": 2, "previousClose": 14.4, "open": 14.4, "dayLow": 14.4, "dayHigh": 14.4, "regularMarketPreviousClose": 14.4, "regularMarketOpen": 14.4, "regularMarketDayLow": 14.4, "regularMarketDayHigh": 14.4, "volume": 30, "regularMarketVolume": 30, "averageVolume": 422, "averageVolume10days": 1794, "averageDailyVolume10Day": 1794, "bid": 0.0, "ask": 14.4, "bidSize": 0, "askSize": 0, "marketCap": 194712480, "fiftyTwoWeekLow": 12.0, "fiftyTwoWeekHigh": 28.35, "fiftyDayAverage": 16.465143, "twoHundredDayAverage": 22.343334, "currency": "INR", "fromCurrency": null, "toCurrency": null, "lastMarket": null, "algorithm": null, "tradeable": false}, "incomeStatementHistoryQuarterly": {"incomeStatementHistory": [{"maxAge": 1, "endDate": "2020-06-30", "totalRevenue": 80553000, "costOfRevenue": 68245000, "grossProfit": 12308000, "researchDevelopment": {}, "sellingGeneralAdministrative": 15836000, "nonRecurring": {}, "otherOperatingExpenses": 3042000, "totalOperatingExpenses": 95967000, "operatingIncome": -15414000, "totalOtherIncomeExpenseNet": -6078000, "ebit": -15414000, "interestExpense": -7470000, "incomeBeforeTax": -21492000, "incomeTaxExpense": -5196000, "minorityInterest": {}, "netIncomeFromContinuingOps": -16296000, "discontinuedOperations": {}, "extraordinaryItems": {}, "effectOfAccountingCharges": {}, "otherItems": {}, "netIncome": -16296000, "netIncomeApplicableToCommonShares": -16296000}, {"maxAge": 1, "endDate": "2020-03-31", "totalRevenue": 299358000, "costOfRevenue": -39576000, "grossProfit": 338934000, "researchDevelopment": {}, "sellingGeneralAdministrative": -4832000, "nonRecurring": {}, "otherOperatingExpenses": 347439000, "totalOperatingExpenses": 311820000, "operatingIncome": -12462000, "totalOtherIncomeExpenseNet": -134000, "ebit": -12462000, "interestExpense": -5616000, "incomeBeforeTax": -12596000, "incomeTaxExpense": -7406000, "minorityInterest": {}, "netIncomeFromContinuingOps": -5190000, "discontinuedOperations": {}, "extraordinaryItems": {}, "effectOfAccountingCharges": {}, "otherItems": {}, "netIncome": -5190000, "netIncomeApplicableToCommonShares": -5190000}, {"maxAge": 1, "endDate": "2019-12-31", "totalRevenue": 229987000, "costOfRevenue": 224520000, "grossProfit": 5467000, "researchDevelopment": {}, "sellingGeneralAdministrative": 28132000, "nonRecurring": {}, "otherOperatingExpenses": 5856000, "totalOperatingExpenses": 269058000, "operatingIncome": -39071000, "totalOtherIncomeExpenseNet": 10521000, "ebit": -39071000, "interestExpense": -7525000, "incomeBeforeTax": -28550000, "incomeTaxExpense": -7038000, "minorityInterest": {}, "netIncomeFromContinuingOps": -21512000, "discontinuedOperations": {}, "extraordinaryItems": {}, "effectOfAccountingCharges": {}, "otherItems": {}, "netIncome": -21512000, "netIncomeApplicableToCommonShares": -21512000}, {"maxAge": 1, "endDate": "2019-09-30", "totalRevenue": 222434000, "costOfRevenue": 196387000, "grossProfit": 26047000, "researchDevelopment": {}, "sellingGeneralAdministrative": 32930000, "nonRecurring": {}, "otherOperatingExpenses": 6430000, "totalOperatingExpenses": 244348000, "operatingIncome": -21914000, "totalOtherIncomeExpenseNet": -7800000, "ebit": -21914000, "interestExpense": -7709000, "incomeBeforeTax": -29714000, "incomeTaxExpense": -9089000, "minorityInterest": {}, "netIncomeFromContinuingOps": -20625000, "discontinuedOperations": {}, "extraordinaryItems": {}, "effectOfAccountingCharges": {}, "otherItems": {}, "netIncome": -20625000, "netIncomeApplicableToCommonShares": -20625000}], "maxAge": 86400}, "cashflowStatementHistoryQuarterly": {"cashflowStatements": [{"maxAge": 1, "endDate": "2020-06-30", "netIncome": -16296000, "changeToLiabilities": 0}, {"maxAge": 1, "endDate": "2020-03-31", "netIncome": -5190000, "changeToLiabilities": 0}, {"maxAge": 1, "endDate": "2019-12-31", "netIncome": -21512000, "changeToLiabilities": 0}, {"maxAge": 1, "endDate": "2019-09-30", "netIncome": -20625000, "changeToLiabilities": 0}], "maxAge": 86400}, "insiderHolders": {"holders": [], "maxAge": 1}, "calendarEvents": {"maxAge": 1, "earnings": {"earningsDate": ["2020-09-08 05:30:S"]}}, "price": {"maxAge": 1, "regularMarketChangePercent": 0.0, "regularMarketChange": 0.0, "regularMarketTime": "2021-04-28 15:28:45", "priceHint": 2, "regularMarketPrice": 14.4, "regularMarketDayHigh": 14.4, "regularMarketDayLow": 14.4, "regularMarketVolume": 30, "averageDailyVolume10Day": 1794, "averageDailyVolume3Month": 422, "regularMarketPreviousClose": 14.4, "regularMarketSource": "FREE_REALTIME", "regularMarketOpen": 14.4, "exchange": "BSE", "exchangeName": "BSE", "exchangeDataDelayedBy": 0, "marketState": "CLOSED", "quoteType": "EQUITY", "symbol": "SKPMIL.BO", "underlyingSymbol": null, "shortName": "SHREE KRISHNA PAPER MILLS & IN", "longName": "Shree Krishna Paper Mills & Industries Limited", "currency": "INR", "quoteSourceName": "Delayed Quote", "currencySymbol": "\u20b9", "fromCurrency": null, "toCurrency": null, "lastMarket": null, "marketCap": 194712480}, "balanceSheetHistory": {"balanceSheetStatements": [{"maxAge": 1, "endDate": "2020-03-31", "cash": 7031000, "netReceivables": 148592000, "inventory": 163211000, "otherCurrentAssets": 96636000, "totalCurrentAssets": 416196000, "longTermInvestments": 16437000, "propertyPlantEquipment": 345068000, "otherAssets": 93843000, "deferredLongTermAssetCharges": 56416000, "totalAssets": 871544000, "accountsPayable": 260155000, "shortLongTermDebt": 1421000, "otherCurrentLiab": 89024000, "longTermDebt": 35723000, "otherLiab": 32680000, "totalCurrentLiabilities": 562609000, "totalLiab": 631012000, "commonStock": 135217000, "retainedEarnings": -20490000, "treasuryStock": 69256000, "capitalSurplus": 56549000, "otherStockholderEquity": 69256000, "totalStockholderEquity": 240532000, "netTangibleAssets": 240532000}, {"maxAge": 1, "endDate": "2019-03-31", "cash": 14822000, "shortTermInvestments": 2352000, "netReceivables": 155588000, "inventory": 165124000, "otherCurrentAssets": 110934000, "totalCurrentAssets": 447634000, "longTermInvestments": 20845000, "propertyPlantEquipment": 335747000, "otherAssets": 69594000, "deferredLongTermAssetCharges": 34741000, "totalAssets": 873820000, "accountsPayable": 192320000, "shortLongTermDebt": 1322000, "otherCurrentLiab": 82288000, "longTermDebt": 33478000, "otherLiab": 30636000, "totalCurrentLiabilities": 509940000, "totalLiab": 574054000, "commonStock": 135217000, "retainedEarnings": 33170000, "treasuryStock": 74830000, "capitalSurplus": 56549000, "otherStockholderEquity": 74830000, "totalStockholderEquity": 299766000, "netTangibleAssets": 299766000}, {"maxAge": 1, "endDate": "2018-03-31", "cash": 4686000, "netReceivables": 220769000, "inventory": 110962000, "otherCurrentAssets": 103250000, "totalCurrentAssets": 441779000, "longTermInvestments": 12916000, "propertyPlantEquipment": 297255000, "otherAssets": 55797000, "deferredLongTermAssetCharges": 36896000, "totalAssets": 807747000, "accountsPayable": 233028000, "shortLongTermDebt": 6464000, "otherCurrentLiab": 46069000, "longTermDebt": 26334000, "otherLiab": 28740000, "totalCurrentLiabilities": 502374000, "totalLiab": 557448000, "commonStock": 135217000, "retainedEarnings": -11852000, "treasuryStock": 70385000, "capitalSurplus": 56549000, "otherStockholderEquity": 70385000, "totalStockholderEquity": 250299000, "netTangibleAssets": 250299000}, {"maxAge": 1, "endDate": "2017-03-31", "cash": 16438000, "shortTermInvestments": 2741000, "netReceivables": 163861000, "inventory": 102439000, "otherCurrentAssets": 78824000, "totalCurrentAssets": 365772000, "longTermInvestments": 13294000, "propertyPlantEquipment": 276421000, "otherAssets": 63519000, "deferredLongTermAssetCharges": 41828000, "totalAssets": 719006000, "accountsPayable": 178513000, "shortLongTermDebt": 1007000, "otherCurrentLiab": 19880000, "longTermDebt": 25987000, "otherLiab": 26683000, "totalCurrentLiabilities": 423606000, "totalLiab": 476276000, "commonStock": 135217000, "retainedEarnings": -18036000, "treasuryStock": 69000000, "capitalSurplus": 56549000, "otherStockholderEquity": 69000000, "totalStockholderEquity": 242730000, "netTangibleAssets": 242730000}], "maxAge": 86400}, "financialData": {"maxAge": 86400, "currentPrice": 14.4, "recommendationKey": "none", "grossProfits": 416532000, "financialCurrency": "INR"}}}