{"SKPSEC.BO": {"cashflowStatementHistory": {"cashflowStatements": [{"maxAge": 1, "endDate": "2020-03-31", "netIncome": -3303000, "depreciation": 6036000, "changeToNetincome": 9223000, "changeToAccountReceivables": -87094000, "changeToLiabilities": 32793000, "totalCashFromOperatingActivities": -42345000, "capitalExpenditures": -3821000, "investments": 116700000, "otherCashflowsFromInvestingActivities": 5000, "totalCashflowsFromInvestingActivities": 112884000, "netBorrowings": -1909000, "otherCashflowsFromFinancingActivities": -3550000, "totalCashFromFinancingActivities": -75109000, "changeInCash": -4570000, "repurchaseOfStock": -69650000}, {"maxAge": 1, "endDate": "2019-03-31", "netIncome": 18442000, "depreciation": 2825000, "changeToNetincome": -14107000, "changeToAccountReceivables": 16107000, "changeToLiabilities": -18729000, "totalCashFromOperatingActivities": 4538000, "capitalExpenditures": -354000, "investments": 27488000, "otherCashflowsFromInvestingActivities": 5000, "totalCashflowsFromInvestingActivities": 27139000, "netBorrowings": -21426000, "otherCashflowsFromFinancingActivities": -3131000, "totalCashFromFinancingActivities": -24557000, "changeInCash": 7120000, "repurchaseOfStock": -69650000}, {"maxAge": 1, "endDate": "2018-03-31", "netIncome": 51041000, "depreciation": 2293000, "changeToNetincome": -1280000, "changeToAccountReceivables": 22078000, "changeToLiabilities": -6577000, "totalCashFromOperatingActivities": 67555000, "capitalExpenditures": -6915000, "investments": -16835000, "otherCashflowsFromInvestingActivities": 10000, "totalCashflowsFromInvestingActivities": -23730000, "netBorrowings": 5683000, "otherCashflowsFromFinancingActivities": -2708000, "totalCashFromFinancingActivities": -59021000, "changeInCash": -15196000, "repurchaseOfStock": -61996000}, {"maxAge": 1, "endDate": "2017-03-31", "netIncome": 35625000, "depreciation": 2516000, "changeToNetincome": -17516000, "changeToAccountReceivables": -2791000, "changeToLiabilities": 12595000, "totalCashFromOperatingActivities": 30429000, "capitalExpenditures": -32741000, "investments": -16791000, "otherCashflowsFromInvestingActivities": 10000, "totalCashflowsFromInvestingActivities": -49227000, "netBorrowings": 6692000, "otherCashflowsFromFinancingActivities": -2342000, "totalCashFromFinancingActivities": 4350000, "changeInCash": -14448000, "repurchaseOfStock": -61996000}], "maxAge": 86400}, "institutionOwnership": {"maxAge": 1, "ownershipList": []}, "balanceSheetHistoryQuarterly": {"balanceSheetStatements": [{"maxAge": 1, "endDate": "2020-06-30", "totalStockholderEquity": 215526000, "netTangibleAssets": 215526000}, {"maxAge": 1, "endDate": "2020-03-31", "cash": 1971000, "netReceivables": 45272000, "otherCurrentAssets": 200625000, "totalCurrentAssets": 248993000, "longTermInvestments": 200000, "propertyPlantEquipment": 43969000, "totalAssets": 293162000, "accountsPayable": 54329000, "shortLongTermDebt": 2057000, "otherCurrentLiab": 214000, "longTermDebt": 179000, "otherLiab": 5784000, "totalCurrentLiabilities": 69444000, "totalLiab": 77636000, "commonStock": 34044000, "retainedEarnings": 159376000, "treasuryStock": 22106000, "otherStockholderEquity": 22106000, "totalStockholderEquity": 215526000, "netTangibleAssets": 215526000}, {"maxAge": 1, "endDate": "2019-12-31"}, {"maxAge": 1, "endDate": "2019-09-30"}], "maxAge": 86400}, "indexTrend": {"maxAge": 1, "symbol": "SP5", "peRatio": 19.7411, "pegRatio": 1.34172, "estimates": [{"period": "0q", "growth": 0.549}, {"period": "+1q", "growth": 0.431}, {"period": "0y", "growth": 0.305}, {"period": "+1y", "growth": 0.109}, {"period": "+5y", "growth": 0.120859005}, {"period": "-5y"}]}, "insiderTransactions": {"transactions": [{"maxAge": 1, "shares": 26612, "filerUrl": "", "transactionText": "", "filerName": "Pachisia (Naresh)", "filerRelation": "Director (Non-Executive)", "moneyText": "", "startDate": "2019-12-13", "ownership": "D"}, {"maxAge": 1, "shares": 60, "filerUrl": "", "transactionText": "", "filerName": "Pachisia (Naresh)", "filerRelation": "Director (Non-Executive)", "moneyText": "", "startDate": "2019-11-29", "ownership": "D"}, {"maxAge": 1, "shares": 928, "filerUrl": "", "transactionText": "", "filerName": "Pachisia (Naresh)", "filerRelation": "Director (Non-Executive)", "moneyText": "", "startDate": "2019-11-25", "ownership": "D"}, {"maxAge": 1, "shares": 34719, "filerUrl": "", "transactionText": "", "filerName": "Pachisia (Vaibhav)", "filerRelation": "Promoter", "moneyText": "", "startDate": "2019-11-15", "ownership": "D"}, {"maxAge": 1, "shares": 62960, "filerUrl": "", "transactionText": "", "filerName": "Pachisia (Manju)", "filerRelation": "Director (Non-Executive)", "moneyText": "", "startDate": "2019-11-15", "ownership": "D"}, {"maxAge": 1, "shares": 34719, "filerUrl": "", "transactionText": "", "filerName": "Pachisia (Nikunj)", "filerRelation": "Wholetime Director", "moneyText": "", "startDate": "2019-11-15", "ownership": "D"}, {"maxAge": 1, "shares": 79675, "filerUrl": "", "transactionText": "", "filerName": "Pachisia (Naresh & Sons) HUF", "filerRelation": "Promoter", "moneyText": "", "startDate": "2019-11-15", "ownership": "D"}, {"maxAge": 1, "shares": 506446, "filerUrl": "", "transactionText": "", "filerName": "Pachisia (Naresh)", "filerRelation": "Director (Non-Executive)", "moneyText": "", "startDate": "2019-11-15", "ownership": "D"}], "maxAge": 1}, "quoteType": {"exchange": "BSE", "quoteType": "EQUITY", "symbol": "SKPSEC.BO", "underlyingSymbol": "SKPSEC.BO", "shortName": "SKP SECURITIES LTD.", "longName": "SKP Securities Limited", "firstTradeDateEpochUtc": "2000-10-04 09:15:00", "timeZoneFullName": "Asia/Kolkata", "timeZoneShortName": "IST", "uuid": "4df66df7-c22a-3430-b28f-d28a99303d52", "messageBoardId": null, "gmtOffSetMilliseconds": 19800000, "maxAge": 1}, "incomeStatementHistory": {"incomeStatementHistory": [{"maxAge": 1, "endDate": "2020-03-31", "totalRevenue": 109394000, "costOfRevenue": 24377000, "grossProfit": 85017000, "researchDevelopment": {}, "sellingGeneralAdministrative": 38860000, "nonRecurring": {}, "otherOperatingExpenses": 32698000, "totalOperatingExpenses": 102359000, "operatingIncome": 7035000, "totalOtherIncomeExpenseNet": -7272000, "ebit": 0, "interestExpense": {}, "incomeBeforeTax": -237000, "incomeTaxExpense": 3066000, "minorityInterest": {}, "netIncomeFromContinuingOps": -3303000, "discontinuedOperations": {}, "extraordinaryItems": {}, "effectOfAccountingCharges": {}, "otherItems": {}, "netIncome": -3303000, "netIncomeApplicableToCommonShares": -3303000}, {"maxAge": 1, "endDate": "2019-03-31", "totalRevenue": 116859000, "costOfRevenue": 17131000, "grossProfit": 99728000, "researchDevelopment": {}, "sellingGeneralAdministrative": 42343000, "nonRecurring": {}, "otherOperatingExpenses": 30651000, "totalOperatingExpenses": 93047000, "operatingIncome": 23812000, "totalOtherIncomeExpenseNet": 657000, "ebit": 0, "interestExpense": {}, "incomeBeforeTax": 24469000, "incomeTaxExpense": 6027000, "minorityInterest": {}, "netIncomeFromContinuingOps": 18442000, "discontinuedOperations": {}, "extraordinaryItems": {}, "effectOfAccountingCharges": {}, "otherItems": {}, "netIncome": 18442000, "netIncomeApplicableToCommonShares": 18442000}, {"maxAge": 1, "endDate": "2018-03-31", "totalRevenue": 164429000, "costOfRevenue": 1017000, "grossProfit": 163412000, "researchDevelopment": {}, "sellingGeneralAdministrative": 38120000, "nonRecurring": {}, "otherOperatingExpenses": 59413000, "totalOperatingExpenses": 105377000, "operatingIncome": 59052000, "totalOtherIncomeExpenseNet": 8502000, "ebit": 0, "interestExpense": {}, "incomeBeforeTax": 67554000, "incomeTaxExpense": 16513000, "minorityInterest": {}, "netIncomeFromContinuingOps": 51041000, "discontinuedOperations": {}, "extraordinaryItems": {}, "effectOfAccountingCharges": {}, "otherItems": {}, "netIncome": 51041000, "netIncomeApplicableToCommonShares": 51041000}, {"maxAge": 1, "endDate": "2017-03-31", "totalRevenue": 107546000, "costOfRevenue": 2671000, "grossProfit": 104875000, "researchDevelopment": {}, "sellingGeneralAdministrative": 36116000, "nonRecurring": {}, "otherOperatingExpenses": 43108000, "totalOperatingExpenses": 84610000, "operatingIncome": 22936000, "totalOtherIncomeExpenseNet": 18740000, "ebit": 0, "interestExpense": {}, "incomeBeforeTax": 41676000, "incomeTaxExpense": 6051000, "minorityInterest": {}, "netIncomeFromContinuingOps": 35625000, "discontinuedOperations": {}, "extraordinaryItems": {}, "effectOfAccountingCharges": {}, "otherItems": {}, "netIncome": 35625000, "netIncomeApplicableToCommonShares": 35625000}], "maxAge": 86400}, "fundOwnership": {"maxAge": 1, "ownershipList": []}, "summaryDetail": {"maxAge": 1, "priceHint": 2, "previousClose": 40.2, "open": 40.2, "dayLow": 40.2, "dayHigh": 40.2, "regularMarketPreviousClose": 40.2, "regularMarketOpen": 40.2, "regularMarketDayLow": 40.2, "regularMarketDayHigh": 40.2, "trailingPE": 85.89744, "volume": 1, "regularMarketVolume": 1, "averageVolume": 212, "averageVolume10days": 7, "averageDailyVolume10Day": 7, "bid": 38.5, "ask": 42.2, "bidSize": 0, "askSize": 0, "marketCap": 136856880, "fiftyTwoWeekLow": 29.4, "fiftyTwoWeekHigh": 65.0, "fiftyDayAverage": 50.352856, "twoHundredDayAverage": 44.309124, "trailingAnnualDividendRate": 1.0, "trailingAnnualDividendYield": 0.024875622, "currency": "INR", "fromCurrency": null, "toCurrency": null, "lastMarket": null, "algorithm": null, "tradeable": false}, "incomeStatementHistoryQuarterly": {"incomeStatementHistory": [{"maxAge": 1, "endDate": "2020-06-30", "totalRevenue": 34052000, "costOfRevenue": 6946000, "grossProfit": 27106000, "researchDevelopment": {}, "sellingGeneralAdministrative": 9364000, "nonRecurring": {}, "otherOperatingExpenses": 9711000, "totalOperatingExpenses": 27469000, "operatingIncome": 6583000, "totalOtherIncomeExpenseNet": 4000, "ebit": 0, "interestExpense": {}, "incomeBeforeTax": 6587000, "incomeTaxExpense": 103000, "minorityInterest": {}, "netIncomeFromContinuingOps": 6484000, "discontinuedOperations": {}, "extraordinaryItems": {}, "effectOfAccountingCharges": {}, "otherItems": {}, "netIncome": 6484000, "netIncomeApplicableToCommonShares": 6484000}, {"maxAge": 1, "endDate": "2020-03-31", "totalRevenue": 31062000, "costOfRevenue": 24377000, "grossProfit": 6685000, "researchDevelopment": {}, "sellingGeneralAdministrative": 8957000, "nonRecurring": {}, "otherOperatingExpenses": -16191000, "totalOperatingExpenses": 21547000, "operatingIncome": 9515000, "totalOtherIncomeExpenseNet": -13395000, "ebit": 0, "interestExpense": {}, "incomeBeforeTax": -3880000, "incomeTaxExpense": 3062000, "minorityInterest": {}, "netIncomeFromContinuingOps": -6942000, "discontinuedOperations": {}, "extraordinaryItems": {}, "effectOfAccountingCharges": {}, "otherItems": {}, "netIncome": -6942000, "netIncomeApplicableToCommonShares": -6942000}, {"maxAge": 1, "endDate": "2019-12-31", "totalRevenue": 28705000, "costOfRevenue": 0, "grossProfit": 28705000, "researchDevelopment": {}, "sellingGeneralAdministrative": 10364000, "nonRecurring": {}, "otherOperatingExpenses": 19982000, "totalOperatingExpenses": 31023000, "operatingIncome": -2318000, "totalOtherIncomeExpenseNet": 3043000, "ebit": 0, "interestExpense": {}, "incomeBeforeTax": 725000, "incomeTaxExpense": 190000, "minorityInterest": {}, "netIncomeFromContinuingOps": 535000, "discontinuedOperations": {}, "extraordinaryItems": {}, "effectOfAccountingCharges": {}, "otherItems": {}, "netIncome": 535000, "netIncomeApplicableToCommonShares": 535000}, {"maxAge": 1, "endDate": "2019-09-30", "totalRevenue": 26370000, "costOfRevenue": 0, "grossProfit": 26370000, "researchDevelopment": {}, "sellingGeneralAdministrative": 9960000, "nonRecurring": {}, "otherOperatingExpenses": 15090000, "totalOperatingExpenses": 25690000, "operatingIncome": 680000, "totalOtherIncomeExpenseNet": 170000, "ebit": 0, "interestExpense": {}, "incomeBeforeTax": 850000, "incomeTaxExpense": -840000, "minorityInterest": {}, "netIncomeFromContinuingOps": 1690000, "discontinuedOperations": {}, "extraordinaryItems": {}, "effectOfAccountingCharges": {}, "otherItems": {}, "netIncome": 1690000, "netIncomeApplicableToCommonShares": 1690000}], "maxAge": 86400}, "cashflowStatementHistoryQuarterly": {"cashflowStatements": [{"maxAge": 1, "endDate": "2020-06-30", "netIncome": 6484000, "changeToLiabilities": 0}, {"maxAge": 1, "endDate": "2020-03-31", "netIncome": -6942000, "changeToLiabilities": 0}, {"maxAge": 1, "endDate": "2019-12-31", "netIncome": 535000, "changeToLiabilities": 0}, {"maxAge": 1, "endDate": "2019-09-30", "netIncome": 1690000, "changeToLiabilities": 0}], "maxAge": 86400}, "insiderHolders": {"holders": [{"maxAge": 1, "name": "Pachisia (Manju)", "relation": "Director (Non-Executive)", "url": "", "transactionDescription": "Other", "latestTransDate": "2019-11-15", "positionDirect": 237040, "positionDirectDate": "2019-11-15"}, {"maxAge": 1, "name": "Pachisia (Naresh & Sons) HUF", "relation": "Promoter", "url": "", "transactionDescription": "Other", "latestTransDate": "2019-11-15", "positionDirect": 300325, "positionDirectDate": "2019-11-15"}, {"maxAge": 1, "name": "Pachisia (Naresh)", "relation": "Director (Non-Executive)", "url": "", "transactionDescription": "Sale", "latestTransDate": "2019-12-13", "positionDirect": 1754954, "positionDirectDate": "2019-12-13"}, {"maxAge": 1, "name": "Pachisia (Nikunj)", "relation": "Wholetime Director", "url": "", "transactionDescription": "Other", "latestTransDate": "2019-11-15", "positionDirect": 130281, "positionDirectDate": "2019-11-15"}, {"maxAge": 1, "name": "Pachisia (Vaibhav)", "relation": "Promoter", "url": "", "transactionDescription": "Other", "latestTransDate": "2019-11-15", "positionDirect": 130281, "positionDirectDate": "2019-11-15"}], "maxAge": 1}, "calendarEvents": {"maxAge": 1, "earnings": {"earningsDate": ["2020-07-25 05:30:S"]}}, "price": {"maxAge": 1, "regularMarketChangePercent": 0.0, "regularMarketChange": 0.0, "regularMarketTime": "2021-04-23 12:59:44", "priceHint": 2, "regularMarketPrice": 40.2, "regularMarketDayHigh": 40.2, "regularMarketDayLow": 40.2, "regularMarketVolume": 1, "averageDailyVolume10Day": 7, "averageDailyVolume3Month": 212, "regularMarketPreviousClose": 40.2, "regularMarketSource": "FREE_REALTIME", "regularMarketOpen": 40.2, "exchange": "BSE", "exchangeName": "BSE", "exchangeDataDelayedBy": 0, "marketState": "CLOSED", "quoteType": "EQUITY", "symbol": "SKPSEC.BO", "underlyingSymbol": null, "shortName": "SKP SECURITIES LTD.", "longName": "SKP Securities Limited", "currency": "INR", "quoteSourceName": "Delayed Quote", "currencySymbol": "\u20b9", "fromCurrency": null, "toCurrency": null, "lastMarket": null, "marketCap": 136856880}, "balanceSheetHistory": {"balanceSheetStatements": [{"maxAge": 1, "endDate": "2020-03-31", "cash": 1971000, "netReceivables": 45272000, "otherCurrentAssets": 200625000, "totalCurrentAssets": 248993000, "longTermInvestments": 200000, "propertyPlantEquipment": 43969000, "totalAssets": 293162000, "accountsPayable": 54329000, "shortLongTermDebt": 2057000, "otherCurrentLiab": 214000, "longTermDebt": 179000, "otherLiab": 5784000, "totalCurrentLiabilities": 69444000, "totalLiab": 77636000, "commonStock": 34044000, "retainedEarnings": 159376000, "treasuryStock": 22106000, "otherStockholderEquity": 22106000, "totalStockholderEquity": 215526000, "netTangibleAssets": 215526000}, {"maxAge": 1, "endDate": "2019-03-31", "cash": 6541000, "netReceivables": 24113000, "otherCurrentAssets": 99673000, "totalCurrentAssets": 289638000, "longTermInvestments": 200000, "propertyPlantEquipment": 40884000, "otherAssets": 1465000, "deferredLongTermAssetCharges": 1465000, "totalAssets": 332187000, "accountsPayable": 21678000, "shortLongTermDebt": 1900000, "otherCurrentLiab": 6269000, "longTermDebt": 2236000, "totalCurrentLiabilities": 39151000, "totalLiab": 41387000, "commonStock": 43994000, "retainedEarnings": 211371000, "treasuryStock": 12270000, "capitalSurplus": 23165000, "otherStockholderEquity": 12270000, "totalStockholderEquity": 290800000, "netTangibleAssets": 290800000}, {"maxAge": 1, "endDate": "2018-03-31", "cash": 10278000, "netReceivables": 36212000, "otherCurrentAssets": 51448000, "totalCurrentAssets": 146531000, "longTermInvestments": 73591000, "propertyPlantEquipment": 43356000, "otherAssets": 103838000, "deferredLongTermAssetCharges": 1600000, "totalAssets": 367316000, "accountsPayable": 35185000, "shortLongTermDebt": 10823000, "otherCurrentLiab": 9019000, "longTermDebt": 4136000, "totalCurrentLiabilities": 90571000, "totalLiab": 94707000, "commonStock": 43994000, "retainedEarnings": 193180000, "treasuryStock": 12270000, "capitalSurplus": 23165000, "otherStockholderEquity": 12270000, "totalStockholderEquity": 272609000, "netTangibleAssets": 272609000}, {"maxAge": 1, "endDate": "2017-03-31", "cash": 14617000, "netReceivables": 63210000, "otherCurrentAssets": 55200000, "totalCurrentAssets": 133027000, "longTermInvestments": 71665000, "propertyPlantEquipment": 38744000, "otherAssets": 121947000, "deferredLongTermAssetCharges": 1079000, "totalAssets": 365383000, "accountsPayable": 48498000, "shortLongTermDebt": 9185000, "otherCurrentLiab": 6759000, "longTermDebt": 9065000, "totalCurrentLiabilities": 72559000, "totalLiab": 81624000, "commonStock": 56150000, "retainedEarnings": 204330000, "treasuryStock": 114000, "capitalSurplus": 23165000, "otherStockholderEquity": 114000, "totalStockholderEquity": 283759000, "netTangibleAssets": 283759000}], "maxAge": 86400}, "financialData": {"maxAge": 86400, "currentPrice": 40.2, "recommendationKey": "none", "grossProfits": 85017000, "financialCurrency": "INR"}}}