{"SKRABUL.BO": {"cashflowStatementHistory": {"cashflowStatements": [{"maxAge": 1, "endDate": "2020-03-31", "netIncome": 76000, "depreciation": 121000, "changeToNetincome": -1000, "changeToLiabilities": 19543000, "changeToOperatingActivities": -30098000, "totalCashFromOperatingActivities": -10359000, "netBorrowings": 10348000, "totalCashFromFinancingActivities": 10348000, "changeInCash": -11000}, {"maxAge": 1, "endDate": "2019-03-31", "netIncome": 150549, "depreciation": 164208, "changeToNetincome": -1000, "changeToAccountReceivables": 4503945, "changeToLiabilities": 55551329, "changeToInventory": -105423983, "changeToOperatingActivities": -20805526, "totalCashFromOperatingActivities": -65859478, "netBorrowings": 65979573, "totalCashFromFinancingActivities": 65979573, "changeInCash": 120095}, {"maxAge": 1, "endDate": "2018-03-31", "netIncome": 150311, "depreciation": 223272, "changeToNetincome": -1000, "changeToAccountReceivables": 2029934, "changeToLiabilities": 41031307, "changeToInventory": -42858450, "changeToOperatingActivities": -1495044, "totalCashFromOperatingActivities": -918670, "otherCashflowsFromInvestingActivities": 800000, "totalCashflowsFromInvestingActivities": 800000, "netBorrowings": 65979573, "totalCashFromFinancingActivities": 65979573, "changeInCash": -118670}, {"maxAge": 1, "endDate": "2017-03-31", "netIncome": 13848, "depreciation": 309574, "changeToNetincome": 3020, "changeToAccountReceivables": 28257140, "changeToLiabilities": -41278502, "changeToInventory": 10479289, "changeToOperatingActivities": 1477802, "totalCashFromOperatingActivities": -737829, "investments": 1976, "otherCashflowsFromInvestingActivities": 800000, "totalCashflowsFromInvestingActivities": 501976, "netBorrowings": 65979573, "totalCashFromFinancingActivities": 65979573, "changeInCash": -235853}], "maxAge": 86400}, "institutionOwnership": {"maxAge": 1, "ownershipList": []}, "balanceSheetHistoryQuarterly": {"balanceSheetStatements": [{"maxAge": 1, "endDate": "2020-06-30", "totalStockholderEquity": 31531000, "netTangibleAssets": 31531000}, {"maxAge": 1, "endDate": "2020-03-31", "cash": 150000, "netReceivables": 9778000, "inventory": 152021000, "otherCurrentAssets": 42299000, "totalCurrentAssets": 204248000, "longTermInvestments": 23533000, "propertyPlantEquipment": 629000, "totalAssets": 228410000, "accountsPayable": 120336000, "otherCurrentLiab": 37000, "longTermDebt": 76328000, "totalCurrentLiabilities": 120551000, "totalLiab": 196879000, "commonStock": 50130000, "retainedEarnings": -18599000, "totalStockholderEquity": 31531000, "netTangibleAssets": 31531000}, {"maxAge": 1, "endDate": "2019-12-31", "totalStockholderEquity": 34350000, "netTangibleAssets": 34350000}, {"maxAge": 1, "endDate": "2019-09-30", "cash": 18000, "netReceivables": 9778000, "inventory": 152021000, "otherCurrentAssets": 24027000, "totalCurrentAssets": 185844000, "longTermInvestments": 25981000, "propertyPlantEquipment": 687000, "totalAssets": 212512000, "accountsPayable": 103988000, "otherCurrentLiab": 86000, "longTermDebt": 73908000, "totalCurrentLiabilities": 104254000, "totalLiab": 178162000, "commonStock": 50130000, "retainedEarnings": -15780000, "totalStockholderEquity": 34350000, "netTangibleAssets": 34350000}], "maxAge": 86400}, "indexTrend": {"maxAge": 1, "symbol": "SP5", "peRatio": 19.7411, "pegRatio": 1.34172, "estimates": [{"period": "0q", "growth": 0.549}, {"period": "+1q", "growth": 0.431}, {"period": "0y", "growth": 0.305}, {"period": "+1y", "growth": 0.109}, {"period": "+5y", "growth": 0.120859005}, {"period": "-5y"}]}, "quoteType": {"exchange": "BSE", "quoteType": "EQUITY", "symbol": "SKRABUL.BO", "underlyingSymbol": "SKRABUL.BO", "shortName": "SHUKRA BULLIONS LTD.", "longName": "Shukra Bullions Limited", "firstTradeDateEpochUtc": "2010-05-05 09:15:00", "timeZoneFullName": "Asia/Kolkata", "timeZoneShortName": "IST", "uuid": "4d4172cb-2f66-322f-b3ea-8d1426e037d1", "messageBoardId": null, "gmtOffSetMilliseconds": 19800000, "maxAge": 1}, "incomeStatementHistory": {"incomeStatementHistory": [{"maxAge": 1, "endDate": "2020-03-31", "totalRevenue": 18757000, "costOfRevenue": 15633000, "grossProfit": 3124000, "researchDevelopment": {}, "sellingGeneralAdministrative": 2053000, "nonRecurring": {}, "otherOperatingExpenses": 837000, "totalOperatingExpenses": 18644000, "operatingIncome": 113000, "totalOtherIncomeExpenseNet": 0, "ebit": 113000, "interestExpense": {}, "incomeBeforeTax": 113000, "incomeTaxExpense": 37000, "minorityInterest": {}, "netIncomeFromContinuingOps": 76000, "discontinuedOperations": {}, "extraordinaryItems": {}, "effectOfAccountingCharges": {}, "otherItems": {}, "netIncome": 76000, "netIncomeApplicableToCommonShares": 76000}, {"maxAge": 1, "endDate": "2019-03-31", "totalRevenue": 36473929, "costOfRevenue": 33190648, "grossProfit": 3283281, "researchDevelopment": {}, "sellingGeneralAdministrative": 1895564, "nonRecurring": {}, "otherOperatingExpenses": 900759, "totalOperatingExpenses": 36151179, "operatingIncome": 322750, "totalOtherIncomeExpenseNet": -100333, "ebit": 322750, "interestExpense": -3797, "incomeBeforeTax": 222417, "incomeTaxExpense": 71868, "minorityInterest": {}, "netIncomeFromContinuingOps": 150549, "discontinuedOperations": {}, "extraordinaryItems": {}, "effectOfAccountingCharges": {}, "otherItems": {}, "netIncome": 150549, "netIncomeApplicableToCommonShares": 150549}, {"maxAge": 1, "endDate": "2018-03-31", "totalRevenue": 46657224, "costOfRevenue": 44117945, "grossProfit": 2539279, "researchDevelopment": {}, "sellingGeneralAdministrative": 1240985, "nonRecurring": {}, "otherOperatingExpenses": 941005, "totalOperatingExpenses": 46523207, "operatingIncome": 134017, "totalOtherIncomeExpenseNet": 112214, "ebit": 134017, "interestExpense": -7946, "incomeBeforeTax": 246231, "incomeTaxExpense": 95920, "minorityInterest": {}, "netIncomeFromContinuingOps": 150311, "discontinuedOperations": {}, "extraordinaryItems": {}, "effectOfAccountingCharges": {}, "otherItems": {}, "netIncome": 150311, "netIncomeApplicableToCommonShares": 150311}, {"maxAge": 1, "endDate": "2017-03-31", "totalRevenue": 55254022, "costOfRevenue": 53435089, "grossProfit": 1818933, "researchDevelopment": {}, "sellingGeneralAdministrative": 829708, "nonRecurring": {}, "otherOperatingExpenses": 549926, "totalOperatingExpenses": 55124297, "operatingIncome": 129725, "totalOtherIncomeExpenseNet": -9547, "ebit": 129725, "interestExpense": -40493, "incomeBeforeTax": 120178, "incomeTaxExpense": 106330, "minorityInterest": {}, "netIncomeFromContinuingOps": 13848, "discontinuedOperations": {}, "extraordinaryItems": {}, "effectOfAccountingCharges": {}, "otherItems": {}, "netIncome": 13848, "netIncomeApplicableToCommonShares": 13848}], "maxAge": 86400}, "fundOwnership": {"maxAge": 1, "ownershipList": []}, "summaryDetail": {"maxAge": 1, "priceHint": 2, "previousClose": 11.75, "open": 11.25, "dayLow": 11.25, "dayHigh": 11.25, "regularMarketPreviousClose": 11.75, "regularMarketOpen": 11.25, "regularMarketDayLow": 11.25, "regularMarketDayHigh": 11.25, "trailingPE": 562.5, "volume": 2, "regularMarketVolume": 2, "averageVolume": 0, "averageVolume10days": 0, "averageDailyVolume10Day": 0, "bid": 11.25, "ask": 12.25, "marketCap": 56422124, "fiftyTwoWeekLow": 11.25, "fiftyTwoWeekHigh": 23.6, "fiftyDayAverage": 23.117144, "twoHundredDayAverage": 22.881021, "currency": "INR", "fromCurrency": null, "toCurrency": null, "lastMarket": null, "algorithm": null, "tradeable": false}, "incomeStatementHistoryQuarterly": {"incomeStatementHistory": [{"maxAge": 1, "endDate": "2020-06-30", "totalRevenue": 3035000, "costOfRevenue": 2686000, "grossProfit": 349000, "researchDevelopment": {}, "sellingGeneralAdministrative": 236000, "nonRecurring": {}, "otherOperatingExpenses": 506000, "totalOperatingExpenses": 3428000, "operatingIncome": -393000, "totalOtherIncomeExpenseNet": 0, "ebit": -393000, "interestExpense": {}, "incomeBeforeTax": -393000, "incomeTaxExpense": 0, "minorityInterest": {}, "netIncomeFromContinuingOps": -393000, "discontinuedOperations": {}, "extraordinaryItems": {}, "effectOfAccountingCharges": {}, "otherItems": {}, "netIncome": -393000, "netIncomeApplicableToCommonShares": -393000}, {"maxAge": 1, "endDate": "2020-03-31", "totalRevenue": 12987000, "costOfRevenue": 11999000, "grossProfit": 988000, "researchDevelopment": {}, "sellingGeneralAdministrative": 651000, "nonRecurring": {}, "otherOperatingExpenses": 232000, "totalOperatingExpenses": 12940000, "operatingIncome": 47000, "totalOtherIncomeExpenseNet": 0, "ebit": 47000, "interestExpense": {}, "incomeBeforeTax": 47000, "incomeTaxExpense": -37000, "minorityInterest": {}, "netIncomeFromContinuingOps": 84000, "discontinuedOperations": {}, "extraordinaryItems": {}, "effectOfAccountingCharges": {}, "otherItems": {}, "netIncome": 84000, "netIncomeApplicableToCommonShares": 84000}, {"maxAge": 1, "endDate": "2019-12-31", "totalRevenue": 1276000, "costOfRevenue": 1189000, "grossProfit": 87000, "researchDevelopment": {}, "sellingGeneralAdministrative": 439000, "nonRecurring": {}, "otherOperatingExpenses": 28000, "totalOperatingExpenses": 1656000, "operatingIncome": -380000, "totalOtherIncomeExpenseNet": 0, "ebit": -380000, "interestExpense": {}, "incomeBeforeTax": -380000, "incomeTaxExpense": 0, "minorityInterest": {}, "netIncomeFromContinuingOps": -380000, "discontinuedOperations": {}, "extraordinaryItems": {}, "effectOfAccountingCharges": {}, "otherItems": {}, "netIncome": -380000, "netIncomeApplicableToCommonShares": -380000}, {"maxAge": 1, "endDate": "2019-09-30", "totalRevenue": 1502000, "costOfRevenue": 0, "grossProfit": 1502000, "researchDevelopment": {}, "sellingGeneralAdministrative": 527000, "nonRecurring": {}, "otherOperatingExpenses": 72000, "totalOperatingExpenses": 662000, "operatingIncome": 840000, "totalOtherIncomeExpenseNet": 0, "ebit": 840000, "interestExpense": {}, "incomeBeforeTax": 840000, "incomeTaxExpense": 0, "minorityInterest": {}, "netIncomeFromContinuingOps": 840000, "discontinuedOperations": {}, "extraordinaryItems": {}, "effectOfAccountingCharges": {}, "otherItems": {}, "netIncome": 840000, "netIncomeApplicableToCommonShares": 840000}], "maxAge": 86400}, "cashflowStatementHistoryQuarterly": {"cashflowStatements": [{"maxAge": 1, "endDate": "2020-06-30", "netIncome": -393000, "changeToLiabilities": 0}, {"maxAge": 1, "endDate": "2020-03-31", "netIncome": 84000, "changeToLiabilities": 0}, {"maxAge": 1, "endDate": "2019-12-31", "netIncome": -380000, "changeToLiabilities": 0}, {"maxAge": 1, "endDate": "2019-09-30", "netIncome": 840000, "changeToLiabilities": 0}], "maxAge": 86400}, "insiderHolders": {"holders": [], "maxAge": 1}, "calendarEvents": {"maxAge": 1, "earnings": {"earningsDate": []}}, "price": {"maxAge": 1, "regularMarketChangePercent": -0.04255319, "regularMarketChange": -0.5, "regularMarketTime": "2021-04-30 12:58:49", "priceHint": 2, "regularMarketPrice": 11.25, "regularMarketDayHigh": 11.25, "regularMarketDayLow": 11.25, "regularMarketVolume": 2, "averageDailyVolume10Day": 0, "averageDailyVolume3Month": 0, "regularMarketPreviousClose": 11.75, "regularMarketSource": "FREE_REALTIME", "regularMarketOpen": 11.25, "exchange": "BSE", "exchangeName": "BSE", "exchangeDataDelayedBy": 0, "marketState": "CLOSED", "quoteType": "EQUITY", "symbol": "SKRABUL.BO", "underlyingSymbol": null, "shortName": "SHUKRA BULLIONS LTD.", "longName": "Shukra Bullions Limited", "currency": "INR", "quoteSourceName": "Delayed Quote", "currencySymbol": "\u20b9", "fromCurrency": null, "toCurrency": null, "lastMarket": null, "marketCap": 56422124}, "balanceSheetHistory": {"balanceSheetStatements": [{"maxAge": 1, "endDate": "2020-03-31", "cash": 150000, "netReceivables": 9778000, "inventory": 152021000, "otherCurrentAssets": 42299000, "totalCurrentAssets": 204248000, "longTermInvestments": 23533000, "propertyPlantEquipment": 629000, "totalAssets": 228410000, "accountsPayable": 120336000, "otherCurrentLiab": 37000, "longTermDebt": 76328000, "totalCurrentLiabilities": 120551000, "totalLiab": 196879000, "commonStock": 50130000, "retainedEarnings": -18599000, "totalStockholderEquity": 31531000, "netTangibleAssets": 31531000}, {"maxAge": 1, "endDate": "2019-03-31", "cash": 161141, "netReceivables": 30735733, "inventory": 152020983, "totalCurrentAssets": 182917857, "longTermInvestments": 28679035, "propertyPlantEquipment": 750058, "otherAssets": 1, "totalAssets": 212346951, "accountsPayable": 37371115, "otherCurrentLiab": 72051868, "longTermDebt": 65979573, "totalCurrentLiabilities": 109765822, "totalLiab": 175745395, "commonStock": 50130500, "retainedEarnings": -13528944, "totalStockholderEquity": 36601556, "netTangibleAssets": 36601556}, {"maxAge": 1, "endDate": "2018-03-31", "cash": 41047, "netReceivables": 14282175, "inventory": 46597000, "otherCurrentAssets": 21750, "totalCurrentAssets": 60941972, "longTermInvestments": 16755585, "propertyPlantEquipment": 914266, "totalAssets": 78611823, "accountsPayable": 39389147, "otherCurrentLiab": 14356420, "totalCurrentLiabilities": 54084266, "totalLiab": 54084266, "commonStock": 50130500, "retainedEarnings": -25602943, "totalStockholderEquity": 24527557, "netTangibleAssets": 24527557}, {"maxAge": 1, "endDate": "2017-03-31", "cash": 159716, "netReceivables": 16311452, "inventory": 3738550, "totalCurrentAssets": 20209718, "longTermInvestments": 2673363, "propertyPlantEquipment": 1137538, "otherAssets": 800001, "totalAssets": 24820620, "accountsPayable": 12730194, "otherCurrentLiab": 1573310, "totalCurrentLiabilities": 14525596, "totalLiab": 14525596, "commonStock": 50130500, "retainedEarnings": -39835476, "totalStockholderEquity": 10295024, "netTangibleAssets": 10295024}], "maxAge": 86400}, "financialData": {"maxAge": 86400, "currentPrice": 11.25, "recommendationKey": "none", "grossProfits": 3124000, "financialCurrency": "INR"}}}