{"SKYIND.BO": {"cashflowStatementHistory": {"cashflowStatements": [{"maxAge": 1, "endDate": "2020-03-31", "netIncome": 2876154, "depreciation": 20943493, "changeToNetincome": 11142077, "changeToAccountReceivables": -13883527, "changeToLiabilities": 38467079, "changeToInventory": -24836946, "changeToOperatingActivities": -2943184, "totalCashFromOperatingActivities": 31811870, "capitalExpenditures": -15756669, "investments": -2375000, "otherCashflowsFromInvestingActivities": -2922178, "totalCashflowsFromInvestingActivities": -20603847, "dividendsPaid": -5553283, "netBorrowings": -3706742, "otherCashflowsFromFinancingActivities": -9869715, "totalCashFromFinancingActivities": -8819115, "changeInCash": 2388908, "issuanceOfStock": 10310625}, {"maxAge": 1, "endDate": "2019-03-31", "netIncome": 19149918, "depreciation": 12911773, "changeToNetincome": 15071131, "changeToAccountReceivables": -11762399, "changeToLiabilities": -13306560, "changeToInventory": -9619948, "changeToOperatingActivities": -1099057, "totalCashFromOperatingActivities": 11389141, "capitalExpenditures": -14659646, "investments": -2068728, "otherCashflowsFromInvestingActivities": -2253637, "totalCashflowsFromInvestingActivities": -18652011, "dividendsPaid": -2776646, "netBorrowings": 8542722, "otherCashflowsFromFinancingActivities": -10313962, "totalCashFromFinancingActivities": -752886, "changeInCash": -8015756, "issuanceOfStock": 3795000}, {"maxAge": 1, "endDate": "2018-03-31", "netIncome": 20758922, "depreciation": 9722859, "changeToNetincome": 14941137, "changeToAccountReceivables": 5255635, "changeToLiabilities": 26147434, "changeToInventory": -20039248, "changeToOperatingActivities": 2949429, "totalCashFromOperatingActivities": 59791163, "capitalExpenditures": -57052688, "investments": -1007375, "otherCashflowsFromInvestingActivities": 767767, "totalCashflowsFromInvestingActivities": -56917296, "dividendsPaid": -2776646, "netBorrowings": 10187833, "otherCashflowsFromFinancingActivities": -12929595, "totalCashFromFinancingActivities": 880738, "changeInCash": 3754605, "issuanceOfStock": 3622500}, {"maxAge": 1, "endDate": "2017-03-31", "netIncome": 21990274, "depreciation": 8860071, "changeToNetincome": 9819659, "changeToAccountReceivables": 7805800, "changeToLiabilities": -5369803, "changeToInventory": 25461288, "changeToOperatingActivities": -38857126, "totalCashFromOperatingActivities": 29725079, "capitalExpenditures": -16780701, "investments": -1007375, "otherCashflowsFromInvestingActivities": 3249558, "totalCashflowsFromInvestingActivities": -13531143, "dividendsPaid": -2776646, "netBorrowings": -4627579, "otherCashflowsFromFinancingActivities": -13763523, "totalCashFromFinancingActivities": -13791102, "changeInCash": 2402834, "issuanceOfStock": 4600000}], "maxAge": 86400}, "institutionOwnership": {"ownershipList": [], "maxAge": 1}, "balanceSheetHistoryQuarterly": {"balanceSheetStatements": [{"maxAge": 1, "endDate": "2020-03-31", "cash": 3005110, "netReceivables": 112779421, "inventory": 154979747, "otherCurrentAssets": 40388424, "totalCurrentAssets": 318228303, "propertyPlantEquipment": 164663974, "intangibleAssets": 60982, "otherAssets": 8049113, "totalAssets": 491002372, "accountsPayable": 114382924, "shortLongTermDebt": 672878, "otherCurrentLiab": 15838776, "longTermDebt": 2010420, "otherLiab": 30909020, "totalCurrentLiabilities": 231558542, "totalLiab": 274637953, "commonStock": 48364000, "retainedEarnings": 149498435, "treasuryStock": 5884484, "capitalSurplus": 12617500, "otherStockholderEquity": 5884484, "totalStockholderEquity": 216364419, "netTangibleAssets": 216303437}, {"maxAge": 1, "endDate": "2019-12-31", "totalStockholderEquity": 206355000, "netTangibleAssets": 206326000}, {"maxAge": 1, "endDate": "2019-09-30", "cash": 5521000, "shortTermInvestments": 4776000, "netReceivables": 100574000, "inventory": 130971000, "otherCurrentAssets": 28171000, "totalCurrentAssets": 270013000, "propertyPlantEquipment": 158630000, "intangibleAssets": 29000, "otherAssets": 7977000, "totalAssets": 436649000, "accountsPayable": 73060000, "otherCurrentLiab": 8502000, "longTermDebt": 3460000, "otherLiab": 40076000, "totalCurrentLiabilities": 186758000, "totalLiab": 230294000, "commonStock": 46064000, "treasuryStock": 160291000, "otherStockholderEquity": 160291000, "totalStockholderEquity": 206355000, "netTangibleAssets": 206326000}, {"maxAge": 1, "endDate": "2019-06-30", "totalStockholderEquity": 204865000, "netTangibleAssets": 204814000}], "maxAge": 86400}, "indexTrend": {"maxAge": 1, "symbol": "SP5", "peRatio": 19.7411, "pegRatio": 1.34172, "estimates": [{"period": "0q", "growth": 0.549}, {"period": "+1q", "growth": 0.431}, {"period": "0y", "growth": 0.305}, {"period": "+1y", "growth": 0.109}, {"period": "+5y", "growth": 0.120859005}, {"period": "-5y"}]}, "insiderTransactions": {"transactions": [{"maxAge": 1, "shares": 49817, "filerUrl": "", "transactionText": "", "filerName": "Shah (Shailesh S)", "filerRelation": "Managing Director", "moneyText": "", "startDate": "2017-02-10", "ownership": "D"}, {"maxAge": 1, "shares": 82529, "filerUrl": "", "transactionText": "", "filerName": "Motani (Nitin Kishore)", "filerRelation": "Promoter", "moneyText": "", "startDate": "2016-02-24", "ownership": "D"}, {"maxAge": 1, "shares": 53270, "filerUrl": "", "transactionText": "", "filerName": "Motani (Saurabh K)", "filerRelation": "Promoter", "moneyText": "", "startDate": "2016-02-24", "ownership": "D"}, {"maxAge": 1, "shares": 157000, "filerUrl": "", "transactionText": "", "filerName": "Shah (Kailashmati Suryakant)", "filerRelation": "Promoter", "moneyText": "", "startDate": "2016-02-24", "ownership": "D"}, {"maxAge": 1, "shares": 801473, "filerUrl": "", "transactionText": "", "filerName": "Shah (Shailesh S)", "filerRelation": "Managing Director", "moneyText": "", "startDate": "2016-02-24", "ownership": "D"}, {"maxAge": 1, "shares": 801473, "filerUrl": "", "transactionText": "", "filerName": "Shah (Sharad S.)", "filerRelation": "Director (Executive)", "moneyText": "", "startDate": "2016-02-24", "ownership": "D"}, {"maxAge": 1, "shares": 1310147, "filerUrl": "", "transactionText": "", "filerName": "Skay Finvest Pvt Ltd", "filerRelation": "Promoter", "moneyText": "", "startDate": "2016-02-24", "ownership": "D"}], "maxAge": 1}, "quoteType": {"exchange": "BSE", "quoteType": "EQUITY", "symbol": "SKYIND.BO", "underlyingSymbol": "SKYIND.BO", "shortName": "SKY INDUSTRIES LTD.", "longName": "Sky Industries Limited", "firstTradeDateEpochUtc": "2000-08-24 09:15:00", "timeZoneFullName": "Asia/Kolkata", "timeZoneShortName": "IST", "uuid": "b788998c-ec9f-30aa-842b-e457d124cf7d", "gmtOffSetMilliseconds": 19800000, "maxAge": 1}, "incomeStatementHistory": {"incomeStatementHistory": [{"maxAge": 1, "endDate": "2020-03-31", "totalRevenue": 593245704, "costOfRevenue": 428370285, "grossProfit": 164875419, "researchDevelopment": {}, "sellingGeneralAdministrative": 48538232, "nonRecurring": {}, "otherOperatingExpenses": 69077816, "totalOperatingExpenses": 567076698, "operatingIncome": 26169006, "totalOtherIncomeExpenseNet": -22971712, "ebit": 26169006, "interestExpense": -8013743, "incomeBeforeTax": 3197294, "incomeTaxExpense": 321140, "minorityInterest": {}, "netIncomeFromContinuingOps": 2876154, "discontinuedOperations": {}, "extraordinaryItems": {}, "effectOfAccountingCharges": {}, "otherItems": {}, "netIncome": 2876154, "netIncomeApplicableToCommonShares": 2876154}, {"maxAge": 1, "endDate": "2019-03-31", "totalRevenue": 583152168, "costOfRevenue": 400862383, "grossProfit": 182289785, "researchDevelopment": {}, "sellingGeneralAdministrative": 50593543, "nonRecurring": {}, "otherOperatingExpenses": 71279656, "totalOperatingExpenses": 543496525, "operatingIncome": 39655643, "totalOtherIncomeExpenseNet": -14003848, "ebit": 39655643, "interestExpense": -8516274, "incomeBeforeTax": 25651795, "incomeTaxExpense": 6501877, "minorityInterest": {}, "netIncomeFromContinuingOps": 19149918, "discontinuedOperations": {}, "extraordinaryItems": {}, "effectOfAccountingCharges": {}, "otherItems": {}, "netIncome": 19149918, "netIncomeApplicableToCommonShares": 19149918}, {"maxAge": 1, "endDate": "2018-03-31", "totalRevenue": 531154068, "costOfRevenue": 366187072, "grossProfit": 164966996, "researchDevelopment": {}, "sellingGeneralAdministrative": 54046380, "nonRecurring": {}, "otherOperatingExpenses": 52961578, "totalOperatingExpenses": 486475383, "operatingIncome": 44678685, "totalOtherIncomeExpenseNet": -17271271, "ebit": 44678685, "interestExpense": -9948810, "incomeBeforeTax": 27407414, "incomeTaxExpense": 6648492, "minorityInterest": {}, "netIncomeFromContinuingOps": 20758922, "discontinuedOperations": {}, "extraordinaryItems": {}, "effectOfAccountingCharges": {}, "otherItems": {}, "netIncome": 20758922, "netIncomeApplicableToCommonShares": 20758922}, {"maxAge": 1, "endDate": "2017-03-31", "totalRevenue": 487287778, "costOfRevenue": 356263196, "grossProfit": 131024582, "researchDevelopment": {}, "sellingGeneralAdministrative": 34433678, "nonRecurring": {}, "otherOperatingExpenses": 39617765, "totalOperatingExpenses": 439125062, "operatingIncome": 48162716, "totalOtherIncomeExpenseNet": -23441817, "ebit": 48162716, "interestExpense": -14850724, "incomeBeforeTax": 24720899, "incomeTaxExpense": 2730625, "minorityInterest": {}, "netIncomeFromContinuingOps": 21990274, "discontinuedOperations": {}, "extraordinaryItems": {}, "effectOfAccountingCharges": {}, "otherItems": {}, "netIncome": 21990274, "netIncomeApplicableToCommonShares": 21990274}], "maxAge": 86400}, "fundOwnership": {"ownershipList": [], "maxAge": 1}, "summaryDetail": {"maxAge": 1, "priceHint": 2, "previousClose": 77.9, "open": 74.05, "dayLow": 74.05, "dayHigh": 79.0, "regularMarketPreviousClose": 77.9, "regularMarketOpen": 74.05, "regularMarketDayLow": 74.05, "regularMarketDayHigh": 79.0, "trailingPE": 121.80328, "volume": 29705, "regularMarketVolume": 29705, "averageVolume": 4971, "averageVolume10days": 2269, "averageDailyVolume10Day": 2269, "bid": 74.25, "ask": 76.0, "bidSize": 0, "askSize": 0, "marketCap": 342255520, "fiftyTwoWeekLow": 18.7, "fiftyTwoWeekHigh": 79.0, "fiftyDayAverage": 39.463634, "twoHundredDayAverage": 28.365808, "trailingAnnualDividendRate": 0.5, "trailingAnnualDividendYield": 0.006418485, "currency": "INR", "fromCurrency": null, "lastMarket": null, "algorithm": null, "tradeable": false}, "incomeStatementHistoryQuarterly": {"incomeStatementHistory": [{"maxAge": 1, "endDate": "2020-03-31", "totalRevenue": 157424704, "costOfRevenue": 115634285, "grossProfit": 41790419, "researchDevelopment": {}, "sellingGeneralAdministrative": 15389232, "nonRecurring": {}, "otherOperatingExpenses": 11715816, "totalOperatingExpenses": 148002698, "operatingIncome": 9422006, "totalOtherIncomeExpenseNet": -17005712, "ebit": 9422006, "interestExpense": {}, "incomeBeforeTax": -7583706, "incomeTaxExpense": -1218860, "minorityInterest": {}, "netIncomeFromContinuingOps": -6364846, "discontinuedOperations": {}, "extraordinaryItems": {}, "effectOfAccountingCharges": {}, "otherItems": {}, "netIncome": -6364846, "netIncomeApplicableToCommonShares": -6364846}, {"maxAge": 1, "endDate": "2019-12-31", "totalRevenue": 143225000, "costOfRevenue": 101042000, "grossProfit": 42183000, "researchDevelopment": {}, "sellingGeneralAdministrative": 11912000, "nonRecurring": {}, "otherOperatingExpenses": 17193000, "totalOperatingExpenses": 137666000, "operatingIncome": 5559000, "totalOtherIncomeExpenseNet": -2688000, "ebit": 5559000, "interestExpense": -3434000, "incomeBeforeTax": 2871000, "incomeTaxExpense": 691000, "minorityInterest": {}, "netIncomeFromContinuingOps": 2180000, "discontinuedOperations": {}, "extraordinaryItems": {}, "effectOfAccountingCharges": {}, "otherItems": {}, "netIncome": 2180000, "netIncomeApplicableToCommonShares": 2180000}, {"maxAge": 1, "endDate": "2019-09-30", "totalRevenue": 136478000, "costOfRevenue": 96363000, "grossProfit": 40115000, "researchDevelopment": {}, "sellingGeneralAdministrative": 10868000, "nonRecurring": {}, "otherOperatingExpenses": 19909000, "totalOperatingExpenses": 130950000, "operatingIncome": 5528000, "totalOtherIncomeExpenseNet": -2209000, "ebit": 5528000, "interestExpense": -2756000, "incomeBeforeTax": 3319000, "incomeTaxExpense": -480000, "minorityInterest": {}, "netIncomeFromContinuingOps": 3799000, "discontinuedOperations": {}, "extraordinaryItems": {}, "effectOfAccountingCharges": {}, "otherItems": {}, "netIncome": 3799000, "netIncomeApplicableToCommonShares": 3799000}, {"maxAge": 1, "endDate": "2019-06-30", "totalRevenue": 155232000, "costOfRevenue": 115331000, "grossProfit": 39901000, "researchDevelopment": {}, "sellingGeneralAdministrative": 10368000, "nonRecurring": {}, "otherOperatingExpenses": 21344000, "totalOperatingExpenses": 150458000, "operatingIncome": 4774000, "totalOtherIncomeExpenseNet": -184000, "ebit": 4774000, "interestExpense": -2628000, "incomeBeforeTax": 4590000, "incomeTaxExpense": 1329000, "minorityInterest": {}, "netIncomeFromContinuingOps": 3261000, "discontinuedOperations": {}, "extraordinaryItems": {}, "effectOfAccountingCharges": {}, "otherItems": {}, "netIncome": 3261000, "netIncomeApplicableToCommonShares": 3261000}], "maxAge": 86400}, "cashflowStatementHistoryQuarterly": {"cashflowStatements": [{"maxAge": 1, "endDate": "2020-03-31", "netIncome": -6364846, "changeToLiabilities": 0}, {"maxAge": 1, "endDate": "2019-12-31", "netIncome": 2180000, "changeToLiabilities": 0}, {"maxAge": 1, "endDate": "2019-09-30", "netIncome": 3799000, "changeToLiabilities": 0}, {"maxAge": 1, "endDate": "2019-06-30", "netIncome": 3261000, "changeToLiabilities": 0}], "maxAge": 86400}, "insiderHolders": {"holders": [{"maxAge": 1, "name": "Motani (Nitin Kishore)", "relation": "Promoter", "url": "", "transactionDescription": "Other", "latestTransDate": "2016-02-24", "positionDirect": 0, "positionDirectDate": "2016-02-24"}, {"maxAge": 1, "name": "Motani (Saurabh K)", "relation": "Promoter", "url": "", "transactionDescription": "Other", "latestTransDate": "2016-02-24", "positionDirect": 0, "positionDirectDate": "2016-02-24"}, {"maxAge": 1, "name": "Shah (Kailashmati Suryakant)", "relation": "Promoter", "url": "", "transactionDescription": "Other", "latestTransDate": "2016-02-24", "positionDirect": 0, "positionDirectDate": "2016-02-24"}, {"maxAge": 1, "name": "Shah (Shailesh S)", "relation": "Managing Director", "url": "", "transactionDescription": "Other", "latestTransDate": "2017-02-10", "positionDirect": 830623, "positionDirectDate": "2017-02-10"}, {"maxAge": 1, "name": "Shah (Sharad S.)", "relation": "Director (Executive)", "url": "", "transactionDescription": "Other", "latestTransDate": "2016-02-24", "positionDirect": 862043, "positionDirectDate": "2016-02-24"}, {"maxAge": 1, "name": "Skay Finvest Pvt Ltd", "relation": "Promoter", "url": "", "transactionDescription": "Other", "latestTransDate": "2016-02-24", "positionDirect": 0, "positionDirectDate": "2016-02-24"}], "maxAge": 1}, "calendarEvents": {"maxAge": 1, "earnings": {"earningsDate": ["2020-09-11 05:30:S"]}}, "upgradeDowngradeHistory": {"history": [], "maxAge": 86400}, "price": {"maxAge": 1, "regularMarketChangePercent": -0.046213076, "regularMarketChange": -3.5999985, "regularMarketTime": "2021-04-30 15:28:20", "priceHint": 2, "regularMarketPrice": 74.3, "regularMarketDayHigh": 79.0, "regularMarketDayLow": 74.05, "regularMarketVolume": 29705, "averageDailyVolume10Day": 2269, "averageDailyVolume3Month": 4971, "regularMarketPreviousClose": 77.9, "regularMarketSource": "FREE_REALTIME", "regularMarketOpen": 74.05, "exchange": "BSE", "exchangeName": "BSE", "exchangeDataDelayedBy": 0, "marketState": "CLOSED", "quoteType": "EQUITY", "symbol": "SKYIND.BO", "underlyingSymbol": null, "shortName": "SKY INDUSTRIES LTD.", "longName": "Sky Industries Limited", "currency": "INR", "quoteSourceName": "Delayed Quote", "currencySymbol": "\u20b9", "fromCurrency": null, "lastMarket": null, "marketCap": 342255520}, "balanceSheetHistory": {"balanceSheetStatements": [{"maxAge": 1, "endDate": "2020-03-31", "cash": 3005110, "netReceivables": 112779421, "inventory": 154979747, "otherCurrentAssets": 40388424, "totalCurrentAssets": 318228303, "propertyPlantEquipment": 164663974, "intangibleAssets": 60982, "otherAssets": 8049113, "totalAssets": 491002372, "accountsPayable": 114382924, "shortLongTermDebt": 672878, "otherCurrentLiab": 15838776, "longTermDebt": 2010420, "otherLiab": 30909020, "totalCurrentLiabilities": 231558542, "totalLiab": 274637953, "commonStock": 48364000, "retainedEarnings": 149498435, "treasuryStock": 5884484, "capitalSurplus": 12617500, "otherStockholderEquity": 5884484, "totalStockholderEquity": 216364419, "netTangibleAssets": 216303437}, {"maxAge": 1, "endDate": "2019-03-31", "cash": 616202, "netReceivables": 98784146, "inventory": 130142801, "otherCurrentAssets": 26098814, "totalCurrentAssets": 260986328, "propertyPlantEquipment": 152560453, "intangibleAssets": 50806, "otherAssets": 10345985, "totalAssets": 423943572, "accountsPayable": 75915845, "shortLongTermDebt": 1206917, "otherCurrentLiab": 7509610, "longTermDebt": 138332, "otherLiab": 36297689, "totalCurrentLiabilities": 181563698, "totalLiab": 217999719, "commonStock": 46064000, "retainedEarnings": 151434432, "treasuryStock": 255421, "capitalSurplus": 8190000, "otherStockholderEquity": 255421, "totalStockholderEquity": 205943853, "netTangibleAssets": 205893047}, {"maxAge": 1, "endDate": "2018-03-31", "cash": 8631958, "netReceivables": 87343071, "inventory": 120522853, "otherCurrentAssets": 22869139, "totalCurrentAssets": 243184852, "longTermInvestments": 500010, "propertyPlantEquipment": 149844548, "intangibleAssets": 95089, "otherAssets": 13375953, "totalAssets": 407000452, "accountsPayable": 89222405, "otherCurrentLiab": 4252134, "longTermDebt": 2763317, "otherLiab": 36271131, "totalCurrentLiabilities": 182171112, "totalLiab": 221205560, "commonStock": 43864000, "retainedEarnings": 135355339, "treasuryStock": 1245553, "capitalSurplus": 5330000, "otherStockholderEquity": 1245553, "totalStockholderEquity": 185794892, "netTangibleAssets": 185699803}, {"maxAge": 1, "endDate": "2017-03-31", "cash": 4502324, "netReceivables": 92906672, "inventory": 100483605, "otherCurrentAssets": 27116745, "totalCurrentAssets": 227051676, "longTermInvestments": 500010, "propertyPlantEquipment": 104226717, "intangibleAssets": 150084, "otherAssets": 15084319, "totalAssets": 347012806, "accountsPayable": 63074971, "otherCurrentLiab": 5084066, "longTermDebt": 8185671, "otherLiab": 10514622, "totalCurrentLiabilities": 166370570, "totalLiab": 185070863, "commonStock": 41764000, "retainedEarnings": 115105443, "treasuryStock": 2472500, "capitalSurplus": 2600000, "otherStockholderEquity": 2472500, "totalStockholderEquity": 161941943, "netTangibleAssets": 161791859}], "maxAge": 86400}, "financialData": {"maxAge": 86400, "currentPrice": 74.3, "recommendationKey": "none", "grossProfits": 164875419, "financialCurrency": "INR"}}}