{"SKYLMILAR.BO": {"cashflowStatementHistory": {"cashflowStatements": [{"maxAge": 1, "endDate": "2020-03-31", "netIncome": 9481000, "depreciation": 1339000, "changeToNetincome": 6105000, "changeToAccountReceivables": 2151000, "changeToLiabilities": 0, "changeToInventory": 2741000, "changeToOperatingActivities": 8579000, "totalCashFromOperatingActivities": 30405000, "investments": 295000, "otherCashflowsFromInvestingActivities": 2925000, "totalCashflowsFromInvestingActivities": 3317000, "changeInCash": 33721000}, {"maxAge": 1, "endDate": "2019-03-31", "netIncome": -2124000, "depreciation": 1457000, "changeToNetincome": 4284000, "changeToAccountReceivables": 3442000, "changeToLiabilities": -155000, "changeToInventory": 6893000, "changeToOperatingActivities": 12624000, "totalCashFromOperatingActivities": 26518000, "investments": -2000, "otherCashflowsFromInvestingActivities": 52000, "totalCashflowsFromInvestingActivities": 200000, "netBorrowings": -16718000, "otherCashflowsFromFinancingActivities": -7530000, "totalCashFromFinancingActivities": -24248000, "changeInCash": 2470000}, {"maxAge": 1, "endDate": "2018-03-31", "netIncome": -34107000, "depreciation": 1767000, "changeToNetincome": 5189000, "changeToAccountReceivables": 2190000, "changeToLiabilities": -35000, "changeToInventory": -4629000, "changeToOperatingActivities": -2232000, "totalCashFromOperatingActivities": -31760000, "capitalExpenditures": -56000, "investments": -2000, "otherCashflowsFromInvestingActivities": 29704000, "totalCashflowsFromInvestingActivities": 29683000, "netBorrowings": -1000, "otherCashflowsFromFinancingActivities": -609000, "totalCashFromFinancingActivities": -610000, "changeInCash": -2687000}, {"maxAge": 1, "endDate": "2017-03-31", "netIncome": -58990000, "depreciation": 1997000, "changeToNetincome": 40352000, "changeToAccountReceivables": 9485000, "changeToLiabilities": -2274000, "changeToInventory": 2009000, "changeToOperatingActivities": 921000, "totalCashFromOperatingActivities": -6389000, "capitalExpenditures": -42000, "investments": 2121000, "otherCashflowsFromInvestingActivities": 563000, "totalCashflowsFromInvestingActivities": 30988000, "netBorrowings": -32319000, "otherCashflowsFromFinancingActivities": -5748000, "totalCashFromFinancingActivities": -38067000, "changeInCash": -13468000}], "maxAge": 86400}, "institutionOwnership": {"maxAge": 1, "ownershipList": []}, "balanceSheetHistoryQuarterly": {"balanceSheetStatements": [{"maxAge": 1, "endDate": "2020-06-30", "totalStockholderEquity": 244731000, "netTangibleAssets": 244731000}, {"maxAge": 1, "endDate": "2020-03-31", "cash": 5746000, "shortTermInvestments": 32590000, "netReceivables": 1355000, "inventory": 131746000, "otherCurrentAssets": 35193000, "totalCurrentAssets": 206635000, "longTermInvestments": 54000, "propertyPlantEquipment": 12122000, "otherAssets": 48060000, "deferredLongTermAssetCharges": 6885000, "totalAssets": 266871000, "accountsPayable": 8000, "otherCurrentLiab": 8167000, "otherLiab": 13768000, "totalCurrentLiabilities": 8372000, "totalLiab": 22140000, "commonStock": 40224000, "retainedEarnings": 69392000, "treasuryStock": 5677000, "capitalSurplus": 129438000, "otherStockholderEquity": 5677000, "totalStockholderEquity": 244731000, "netTangibleAssets": 244731000}, {"maxAge": 1, "endDate": "2019-12-31", "totalStockholderEquity": 250441000, "netTangibleAssets": 250441000}, {"maxAge": 1, "endDate": "2019-09-30", "cash": 19658000, "shortTermInvestments": 185000, "netReceivables": 1238000, "inventory": 134391000, "otherCurrentAssets": 5855000, "totalCurrentAssets": 161327000, "longTermInvestments": 353000, "propertyPlantEquipment": 12779000, "otherAssets": 94390000, "deferredLongTermAssetCharges": 3245000, "totalAssets": 268849000, "otherCurrentLiab": 6427000, "otherLiab": 11981000, "totalCurrentLiabilities": 6427000, "totalLiab": 18408000, "commonStock": 40224000, "treasuryStock": 210217000, "otherStockholderEquity": 210217000, "totalStockholderEquity": 250441000, "netTangibleAssets": 250441000}], "maxAge": 86400}, "indexTrend": {"maxAge": 1, "symbol": "SP5", "peRatio": 19.7411, "pegRatio": 1.34172, "estimates": [{"period": "0q", "growth": 0.549}, {"period": "+1q", "growth": 0.431}, {"period": "0y", "growth": 0.305}, {"period": "+1y", "growth": 0.109}, {"period": "+5y", "growth": 0.120859005}, {"period": "-5y"}]}, "insiderTransactions": {"transactions": [{"maxAge": 1, "shares": 1406000, "filerUrl": "", "transactionText": "", "filerName": "G M M Pfaudler Ltd", "filerRelation": "Promoter", "moneyText": "", "startDate": "2019-03-12", "ownership": "D"}, {"maxAge": 1, "shares": 1391300, "filerUrl": "", "transactionText": "", "filerName": "Patel (Urmi Ashok)", "filerRelation": "Promoter", "moneyText": "", "startDate": "2019-03-12", "ownership": "D"}], "maxAge": 1}, "quoteType": {"exchange": "BSE", "quoteType": "EQUITY", "symbol": "SKYLMILAR.BO", "underlyingSymbol": "SKYLMILAR.BO", "shortName": "SKYLINE MILLARS LTD.", "longName": "Skyline Millars Limited", "firstTradeDateEpochUtc": "2002-12-16 09:15:00", "timeZoneFullName": "Asia/Kolkata", "timeZoneShortName": "IST", "uuid": "d321ab50-33b4-3f5c-9b6d-c5638e313672", "messageBoardId": null, "gmtOffSetMilliseconds": 19800000, "maxAge": 1}, "incomeStatementHistory": {"incomeStatementHistory": [{"maxAge": 1, "endDate": "2020-03-31", "totalRevenue": 37978000, "costOfRevenue": 5259000, "grossProfit": 32719000, "researchDevelopment": {}, "sellingGeneralAdministrative": 4071000, "nonRecurring": {}, "otherOperatingExpenses": 19639000, "totalOperatingExpenses": 30317000, "operatingIncome": 7661000, "totalOtherIncomeExpenseNet": 3088000, "ebit": 7661000, "interestExpense": -3000, "incomeBeforeTax": 10749000, "incomeTaxExpense": -11000, "minorityInterest": {}, "netIncomeFromContinuingOps": 10760000, "discontinuedOperations": -1279000, "extraordinaryItems": {}, "effectOfAccountingCharges": {}, "otherItems": {}, "netIncome": 9481000, "netIncomeApplicableToCommonShares": 9481000}, {"maxAge": 1, "endDate": "2019-03-31", "totalRevenue": 44995000, "costOfRevenue": 16531000, "grossProfit": 28464000, "researchDevelopment": {}, "sellingGeneralAdministrative": 5550000, "nonRecurring": {}, "otherOperatingExpenses": 20903000, "totalOperatingExpenses": 44538000, "operatingIncome": 457000, "totalOtherIncomeExpenseNet": 1110000, "ebit": 457000, "interestExpense": -2522000, "incomeBeforeTax": 1567000, "incomeTaxExpense": 11000, "minorityInterest": {}, "netIncomeFromContinuingOps": 1556000, "discontinuedOperations": -3680000, "extraordinaryItems": {}, "effectOfAccountingCharges": {}, "otherItems": {}, "netIncome": -2124000, "netIncomeApplicableToCommonShares": -2124000}, {"maxAge": 1, "endDate": "2018-03-31", "totalRevenue": 31011000, "costOfRevenue": 16787000, "grossProfit": 14224000, "researchDevelopment": {}, "sellingGeneralAdministrative": 5934000, "nonRecurring": {}, "otherOperatingExpenses": 13544000, "totalOperatingExpenses": 38129000, "operatingIncome": -7118000, "totalOtherIncomeExpenseNet": -15073000, "ebit": -7118000, "interestExpense": -954000, "incomeBeforeTax": -22191000, "incomeTaxExpense": 0, "minorityInterest": {}, "netIncomeFromContinuingOps": -22191000, "discontinuedOperations": -11916000, "extraordinaryItems": {}, "effectOfAccountingCharges": {}, "otherItems": {}, "netIncome": -34107000, "netIncomeApplicableToCommonShares": -34107000}, {"maxAge": 1, "endDate": "2017-03-31", "totalRevenue": 24940000, "costOfRevenue": 11455000, "grossProfit": 13485000, "researchDevelopment": {}, "sellingGeneralAdministrative": 7713000, "nonRecurring": {}, "otherOperatingExpenses": 15453000, "totalOperatingExpenses": 36729000, "operatingIncome": -11789000, "totalOtherIncomeExpenseNet": 14184000, "ebit": -11789000, "interestExpense": -2360000, "incomeBeforeTax": 2395000, "incomeTaxExpense": -20518000, "minorityInterest": {}, "netIncomeFromContinuingOps": 22913000, "discontinuedOperations": -81903000, "extraordinaryItems": {}, "effectOfAccountingCharges": {}, "otherItems": {}, "netIncome": -58990000, "netIncomeApplicableToCommonShares": -58990000}], "maxAge": 86400}, "fundOwnership": {"maxAge": 1, "ownershipList": []}, "summaryDetail": {"maxAge": 1, "priceHint": 2, "previousClose": 7.92, "open": 8.25, "dayLow": 7.53, "dayHigh": 8.25, "regularMarketPreviousClose": 7.92, "regularMarketOpen": 8.25, "regularMarketDayLow": 7.53, "regularMarketDayHigh": 8.25, "volume": 1989, "regularMarketVolume": 1989, "averageVolume": 11469, "averageVolume10days": 9624, "averageDailyVolume10Day": 9624, "bid": 7.6, "ask": 7.93, "bidSize": 0, "askSize": 0, "marketCap": 318977888, "fiftyTwoWeekLow": 2.28, "fiftyTwoWeekHigh": 8.64, "fiftyDayAverage": 6.7865715, "twoHundredDayAverage": 5.4039416, "currency": "INR", "fromCurrency": null, "toCurrency": null, "lastMarket": null, "algorithm": null, "tradeable": false}, "incomeStatementHistoryQuarterly": {"incomeStatementHistory": [{"maxAge": 1, "endDate": "2020-06-30", "totalRevenue": 878000, "costOfRevenue": 0, "grossProfit": 878000, "researchDevelopment": {}, "sellingGeneralAdministrative": 703000, "nonRecurring": {}, "otherOperatingExpenses": 782000, "totalOperatingExpenses": 1817000, "operatingIncome": -939000, "totalOtherIncomeExpenseNet": -5000, "ebit": -939000, "interestExpense": -5000, "incomeBeforeTax": -944000, "incomeTaxExpense": 0, "minorityInterest": {}, "netIncomeFromContinuingOps": -944000, "discontinuedOperations": -68000, "extraordinaryItems": {}, "effectOfAccountingCharges": {}, "otherItems": {}, "netIncome": -1012000, "netIncomeApplicableToCommonShares": -1012000}, {"maxAge": 1, "endDate": "2020-03-31", "totalRevenue": 704000, "costOfRevenue": 1690000, "grossProfit": -986000, "researchDevelopment": {}, "sellingGeneralAdministrative": 1046000, "nonRecurring": {}, "otherOperatingExpenses": 3438000, "totalOperatingExpenses": 6510000, "operatingIncome": -5806000, "totalOtherIncomeExpenseNet": 3088000, "ebit": -5806000, "interestExpense": -3000, "incomeBeforeTax": -2718000, "incomeTaxExpense": 0, "minorityInterest": {}, "netIncomeFromContinuingOps": -2718000, "discontinuedOperations": -185000, "extraordinaryItems": {}, "effectOfAccountingCharges": {}, "otherItems": {}, "netIncome": -2903000, "netIncomeApplicableToCommonShares": -2903000}, {"maxAge": 1, "endDate": "2019-12-31", "totalRevenue": 2264000, "costOfRevenue": 1465000, "grossProfit": 799000, "researchDevelopment": {}, "sellingGeneralAdministrative": 979000, "nonRecurring": {}, "otherOperatingExpenses": 2220000, "totalOperatingExpenses": 4996000, "operatingIncome": -2732000, "totalOtherIncomeExpenseNet": 0, "ebit": -2732000, "interestExpense": -3000, "incomeBeforeTax": -2732000, "incomeTaxExpense": -43000, "minorityInterest": {}, "netIncomeFromContinuingOps": -2689000, "discontinuedOperations": -114000, "extraordinaryItems": {}, "effectOfAccountingCharges": {}, "otherItems": {}, "netIncome": -2803000, "netIncomeApplicableToCommonShares": -2803000}, {"maxAge": 1, "endDate": "2019-09-30", "totalRevenue": 17058000, "costOfRevenue": 1021000, "grossProfit": 16037000, "researchDevelopment": {}, "sellingGeneralAdministrative": 1008000, "nonRecurring": {}, "otherOperatingExpenses": 7920000, "totalOperatingExpenses": 10283000, "operatingIncome": 6775000, "totalOtherIncomeExpenseNet": 0, "ebit": 6775000, "interestExpense": -3000, "incomeBeforeTax": 6775000, "incomeTaxExpense": 32000, "minorityInterest": {}, "netIncomeFromContinuingOps": 6743000, "discontinuedOperations": -884000, "extraordinaryItems": {}, "effectOfAccountingCharges": {}, "otherItems": {}, "netIncome": 5859000, "netIncomeApplicableToCommonShares": 5859000}], "maxAge": 86400}, "cashflowStatementHistoryQuarterly": {"cashflowStatements": [{"maxAge": 1, "endDate": "2020-06-30", "netIncome": -1012000, "changeToLiabilities": 0}, {"maxAge": 1, "endDate": "2020-03-31", "netIncome": -2903000, "changeToLiabilities": 0}, {"maxAge": 1, "endDate": "2019-12-31", "netIncome": -2803000, "changeToLiabilities": 0}, {"maxAge": 1, "endDate": "2019-09-30", "netIncome": 5859000, "changeToLiabilities": 0}], "maxAge": 86400}, "insiderHolders": {"holders": [{"maxAge": 1, "name": "G M M Pfaudler Ltd", "relation": "Promoter", "url": "", "transactionDescription": "Other", "latestTransDate": "2019-03-12", "positionDirect": 0, "positionDirectDate": "2019-03-12"}, {"maxAge": 1, "name": "Patel (Urmi Ashok)", "relation": "Promoter", "url": "", "transactionDescription": "Other", "latestTransDate": "2019-03-12", "positionDirect": 1572101, "positionDirectDate": "2019-03-12"}], "maxAge": 1}, "calendarEvents": {"maxAge": 1, "earnings": {"earningsDate": []}}, "price": {"maxAge": 1, "regularMarketChangePercent": 0.001262595, "regularMarketChange": 0.009999752, "regularMarketTime": "2021-04-30 15:25:10", "priceHint": 2, "regularMarketPrice": 7.93, "regularMarketDayHigh": 8.25, "regularMarketDayLow": 7.53, "regularMarketVolume": 1989, "averageDailyVolume10Day": 9624, "averageDailyVolume3Month": 11469, "regularMarketPreviousClose": 7.92, "regularMarketSource": "FREE_REALTIME", "regularMarketOpen": 8.25, "exchange": "BSE", "exchangeName": "BSE", "exchangeDataDelayedBy": 0, "marketState": "CLOSED", "quoteType": "EQUITY", "symbol": "SKYLMILAR.BO", "underlyingSymbol": null, "shortName": "SKYLINE MILLARS LTD.", "longName": "Skyline Millars Limited", "currency": "INR", "quoteSourceName": "Delayed Quote", "currencySymbol": "\u20b9", "fromCurrency": null, "toCurrency": null, "lastMarket": null, "marketCap": 318977888}, "balanceSheetHistory": {"balanceSheetStatements": [{"maxAge": 1, "endDate": "2020-03-31", "cash": 5746000, "shortTermInvestments": 32590000, "netReceivables": 1355000, "inventory": 131746000, "otherCurrentAssets": 35193000, "totalCurrentAssets": 206635000, "longTermInvestments": 54000, "propertyPlantEquipment": 12122000, "otherAssets": 48060000, "deferredLongTermAssetCharges": 6885000, "totalAssets": 266871000, "accountsPayable": 8000, "otherCurrentLiab": 8167000, "otherLiab": 13768000, "totalCurrentLiabilities": 8372000, "totalLiab": 22140000, "commonStock": 40224000, "retainedEarnings": 69392000, "treasuryStock": 5677000, "capitalSurplus": 129438000, "otherStockholderEquity": 5677000, "totalStockholderEquity": 244731000, "netTangibleAssets": 244731000}, {"maxAge": 1, "endDate": "2019-03-31", "cash": 3790000, "shortTermInvestments": 440000, "netReceivables": 3566000, "inventory": 136223000, "otherCurrentAssets": 38304000, "totalCurrentAssets": 182348000, "longTermInvestments": 439000, "propertyPlantEquipment": 13452000, "intangibleAssets": 9000, "otherAssets": 60998000, "deferredLongTermAssetCharges": 3245000, "totalAssets": 257246000, "accountsPayable": 8000, "otherCurrentLiab": 6235000, "otherLiab": 15213000, "totalCurrentLiabilities": 6691000, "totalLiab": 21904000, "commonStock": 40224000, "retainedEarnings": 59809000, "treasuryStock": 5871000, "capitalSurplus": 129438000, "otherStockholderEquity": 5871000, "totalStockholderEquity": 235342000, "netTangibleAssets": 235333000}, {"maxAge": 1, "endDate": "2018-03-31", "cash": 1038000, "shortTermInvestments": 414000, "netReceivables": 7101000, "inventory": 146007000, "otherCurrentAssets": 43719000, "totalCurrentAssets": 198306000, "longTermInvestments": 450000, "propertyPlantEquipment": 15107000, "intangibleAssets": 106000, "otherAssets": 70636000, "deferredLongTermAssetCharges": 3245000, "totalAssets": 284605000, "accountsPayable": 262000, "otherCurrentLiab": 7851000, "otherLiab": 16292000, "totalCurrentLiabilities": 30836000, "totalLiab": 47128000, "commonStock": 40224000, "retainedEarnings": 61933000, "treasuryStock": 5883000, "capitalSurplus": 129437000, "otherStockholderEquity": 5883000, "totalStockholderEquity": 237477000, "netTangibleAssets": 237371000}, {"maxAge": 1, "endDate": "2017-03-31", "cash": 3238000, "shortTermInvestments": 562000, "netReceivables": 9451000, "inventory": 141378000, "otherCurrentAssets": 82109000, "totalCurrentAssets": 237378000, "longTermInvestments": 363000, "propertyPlantEquipment": 16856000, "intangibleAssets": 267000, "otherAssets": 80874000, "deferredLongTermAssetCharges": 3245000, "totalAssets": 335738000, "accountsPayable": 297000, "shortLongTermDebt": 21068000, "otherCurrentLiab": 14596000, "otherLiab": 24057000, "totalCurrentLiabilities": 40155000, "totalLiab": 64212000, "commonStock": 40224000, "retainedEarnings": 96040000, "treasuryStock": 5825000, "capitalSurplus": 129437000, "otherStockholderEquity": 5825000, "totalStockholderEquity": 271526000, "netTangibleAssets": 271259000}], "maxAge": 86400}, "financialData": {"maxAge": 86400, "currentPrice": 7.93, "recommendationKey": "none", "grossProfits": 32719000, "financialCurrency": "INR"}}}