{"SMCGLOBAL.NS": {"assetProfile": {"address1": "11/6B, Shanti Chamber", "address2": "Pusa Road", "city": "New Delhi", "zip": "110005", "country": "India", "phone": "91 11 3011 1000", "fax": "91 11 2575 4365", "website": "http://smcindiaonline.com", "industry": "Capital Markets", "sector": "Financial Services", "longBusinessSummary": "SMC Global Securities Limited, together with its subsidiaries, provides various financial services in India and internationally. The company operates through three segments: Trading and Distribution, Advisory, and Financing. The Trading and Distribution segment engages in the brokerage and propriety trading of shares, commodities, currencies, derivatives, and other securities; provision of clearing, depositary, and insurance broking services; portfolio and wealth management; and distribution of third party financial products. The Advisory segment provides mortgage and loan advisory, real estate broking, and investment banking services. The Financing segment offers loans. The company also offers online trading and real estate advisory services. SMC Global Securities Limited was founded in 1990 and is based in New Delhi, India.", "fullTimeEmployees": 2083, "companyOfficers": [{"maxAge": 1, "name": "Mr. Subhash Chand Aggarwal", "age": 64, "title": "Co-Founder, Chairman & MD", "yearBorn": 1956, "fiscalYear": 2020, "totalPay": 10258800, "exercisedValue": 0, "unexercisedValue": 0}, {"maxAge": 1, "name": "Mr. Ajay  Garg", "age": 46, "title": "Whole-Time Director & CEO", "yearBorn": 1974, "fiscalYear": 2020, "totalPay": 5878800, "exercisedValue": 0, "unexercisedValue": 0}, {"maxAge": 1, "name": "Mr. Mahesh Chand Gupta", "age": 63, "title": "Co-Founder, Vice Chairman & MD", "yearBorn": 1957, "fiscalYear": 2020, "totalPay": 9778800, "exercisedValue": 0, "unexercisedValue": 0}, {"maxAge": 1, "name": "Mr. Vinod Kumar Jamar", "age": 58, "title": "Group Chief Financial Officer", "yearBorn": 1962, "fiscalYear": 2020, "totalPay": 6518189, "exercisedValue": 0, "unexercisedValue": 0}, {"maxAge": 1, "name": "Mr. Suman  Kumar", "age": 45, "title": "Exec. VP of Corp. Affairs, Company Sec. & Compliance Officer", "yearBorn": 1975, "fiscalYear": 2020, "totalPay": 5859361, "exercisedValue": 0, "unexercisedValue": 0}, {"maxAge": 1, "name": "Ms. Reema  Garg", "age": 44, "title": "Chief HR Officer", "yearBorn": 1976, "exercisedValue": 0, "unexercisedValue": 0}, {"maxAge": 1, "name": "Mr. Anurag  Bansal", "age": 45, "title": "Whole-Time Director", "yearBorn": 1975, "fiscalYear": 2020, "totalPay": 6498800, "exercisedValue": 0, "unexercisedValue": 0}, {"maxAge": 1, "name": "Mr. Ashok Kumar Aggarwal", "age": 64, "title": "Sr. VP", "yearBorn": 1956, "exercisedValue": 0, "unexercisedValue": 0}, {"maxAge": 1, "name": "Mr. Mohit  Shyngle", "age": 47, "title": "Sr. VP & Country Head", "yearBorn": 1973, "exercisedValue": 0, "unexercisedValue": 0}, {"maxAge": 1, "name": "Mr. Mahesh Kumar Gupta", "age": 52, "title": "Sr. VP", "yearBorn": 1968, "exercisedValue": 0, "unexercisedValue": 0}], "compensationAsOfEpochDate": "2020-12-31 05:30:00", "maxAge": 86400}, "cashflowStatementHistory": {"cashflowStatements": [{"maxAge": 1, "endDate": "2020-03-31", "netIncome": 236033000, "depreciation": 183973000, "changeToNetincome": 670333000, "changeToAccountReceivables": 5139693000, "changeToLiabilities": 1764251000, "changeToInventory": 59259000, "changeToOperatingActivities": -1137943000, "totalCashFromOperatingActivities": 8050592000, "capitalExpenditures": -83879000, "investments": 14691000, "otherCashflowsFromInvestingActivities": -451164000, "totalCashflowsFromInvestingActivities": -502224000, "dividendsPaid": -169041000, "netBorrowings": -5220498000, "otherCashflowsFromFinancingActivities": -570139000, "totalCashFromFinancingActivities": -5959678000, "effectOfExchangeRate": 28036000, "changeInCash": 1616011000}, {"maxAge": 1, "endDate": "2019-03-31", "netIncome": 747881000, "depreciation": 105601000, "changeToNetincome": 580403000, "changeToAccountReceivables": -3737414000, "changeToLiabilities": -35433000, "changeToInventory": -4371000, "changeToOperatingActivities": 1471572000, "totalCashFromOperatingActivities": -1545502000, "capitalExpenditures": -124791000, "investments": 103125000, "otherCashflowsFromInvestingActivities": 29207000, "totalCashflowsFromInvestingActivities": 8974000, "dividendsPaid": -130333000, "netBorrowings": 2253728000, "otherCashflowsFromFinancingActivities": -625410000, "totalCashFromFinancingActivities": 1497985000, "effectOfExchangeRate": 16211000, "changeInCash": -22349000}, {"maxAge": 1, "endDate": "2018-03-31", "netIncome": 533002000, "depreciation": 77158000, "changeToNetincome": 308481000, "changeToAccountReceivables": -623406000, "changeToLiabilities": 226258000, "changeToInventory": -27101000, "changeToOperatingActivities": -3018434000, "totalCashFromOperatingActivities": -2330828000, "capitalExpenditures": -140003000, "investments": 633396000, "otherCashflowsFromInvestingActivities": 34179000, "totalCashflowsFromInvestingActivities": 546684000, "dividendsPaid": -129479000, "netBorrowings": 1834884000, "otherCashflowsFromFinancingActivities": -459425000, "totalCashFromFinancingActivities": 1245980000, "effectOfExchangeRate": 518000, "changeInCash": -537784000}, {"maxAge": 1, "endDate": "2017-03-31", "netIncome": 458273053, "depreciation": 73596712, "changeToNetincome": 315332782, "changeToAccountReceivables": -1090149032, "changeToLiabilities": 0, "changeToInventory": 947816840, "changeToOperatingActivities": -786380703, "totalCashFromOperatingActivities": -81510348, "capitalExpenditures": -288366192, "investments": -434424417, "otherCashflowsFromInvestingActivities": 34106557, "totalCashflowsFromInvestingActivities": -685653006, "dividendsPaid": -98039270, "netBorrowings": 1491389927, "otherCashflowsFromFinancingActivities": -249250904, "totalCashFromFinancingActivities": 1144099753, "effectOfExchangeRate": 518000, "changeInCash": 406609076}], "maxAge": 86400}, "institutionOwnership": {"ownershipList": [], "maxAge": 1}, "majorHoldersBreakdown": {"maxAge": 1}, "balanceSheetHistoryQuarterly": {"balanceSheetStatements": [{"maxAge": 1, "endDate": "2020-12-31"}, {"maxAge": 1, "endDate": "2020-03-31", "cash": 2330288000, "netReceivables": 8217030000, "inventory": 76042000, "otherCurrentAssets": 5456307000, "totalCurrentAssets": 17385682000, "longTermInvestments": 141348000, "propertyPlantEquipment": 683511000, "intangibleAssets": 24224000, "otherAssets": 518068000, "deferredLongTermAssetCharges": 399003000, "totalAssets": 18752833000, "accountsPayable": 4227197000, "shortLongTermDebt": 232664000, "otherCurrentLiab": 3621626000, "longTermDebt": 117875000, "otherLiab": 478922000, "minorityInterest": 16758000, "totalCurrentLiabilities": 11325087000, "totalLiab": 11921884000, "commonStock": 226269000, "retainedEarnings": 3082355000, "treasuryStock": 60676000, "capitalSurplus": 3444891000, "otherStockholderEquity": 60676000, "totalStockholderEquity": 6814191000, "netTangibleAssets": 6789967000}, {"maxAge": 1, "endDate": "2019-12-31"}, {"maxAge": 1, "endDate": "2019-03-31", "cash": 714277000, "netReceivables": 13947315000, "inventory": 39746000, "otherCurrentAssets": 5093817000, "totalCurrentAssets": 22452668000, "longTermInvestments": 232038000, "propertyPlantEquipment": 334962000, "intangibleAssets": 15873000, "otherAssets": 465686000, "deferredLongTermAssetCharges": 465686000, "totalAssets": 23501227000, "accountsPayable": 2462946000, "shortLongTermDebt": 187444000, "otherCurrentLiab": 5695680000, "longTermDebt": 193594000, "otherLiab": 350686000, "minorityInterest": 14889000, "totalCurrentLiabilities": 16132532000, "totalLiab": 16676812000, "commonStock": 226269000, "retainedEarnings": 3015285000, "treasuryStock": 123081000, "capitalSurplus": 3444891000, "otherStockholderEquity": 123081000, "totalStockholderEquity": 6809526000, "netTangibleAssets": 6793653000}], "maxAge": 86400}, "indexTrend": {"maxAge": 1, "symbol": "SP5", "peRatio": 19.7411, "pegRatio": 1.34172, "estimates": [{"period": "0q", "growth": 0.549}, {"period": "+1q", "growth": 0.431}, {"period": "0y", "growth": 0.305}, {"period": "+1y", "growth": 0.109}, {"period": "+5y", "growth": 0.120865}, {"period": "-5y"}]}, "defaultKeyStatistics": {"maxAge": 1, "priceHint": 2, "enterpriseValue": 7757082624, "profitMargins": 0.091350004, "floatShares": 17171797, "category": null, "bookValue": 60.231, "priceToBook": 1.1397786, "fundFamily": null, "legalType": null, "lastFiscalYearEnd": "2020-03-31 05:30:00", "nextFiscalYearEnd": "2022-03-31 05:30:00", "mostRecentQuarter": "2020-12-31 05:30:00", "earningsQuarterlyGrowth": 2.142, "netIncomeToCommon": 730390016, "trailingEps": 6.394, "lastSplitFactor": null, "enterpriseToRevenue": 0.97}, "summaryProfile": {"address1": "11/6B, Shanti Chamber", "address2": "Pusa Road", "city": "New Delhi", "zip": "110005", "country": "India", "phone": "91 11 3011 1000", "fax": "91 11 2575 4365", "website": "http://smcindiaonline.com", "industry": "Capital Markets", "sector": "Financial Services", "longBusinessSummary": "SMC Global Securities Limited, together with its subsidiaries, provides various financial services in India and internationally. The company operates through three segments: Trading and Distribution, Advisory, and Financing. The Trading and Distribution segment engages in the brokerage and propriety trading of shares, commodities, currencies, derivatives, and other securities; provision of clearing, depositary, and insurance broking services; portfolio and wealth management; and distribution of third party financial products. The Advisory segment provides mortgage and loan advisory, real estate broking, and investment banking services. The Financing segment offers loans. The company also offers online trading and real estate advisory services. SMC Global Securities Limited was founded in 1990 and is based in New Delhi, India.", "fullTimeEmployees": 2083, "companyOfficers": [], "maxAge": 86400}, "netSharePurchaseActivity": {"maxAge": 1, "period": "6m", "buyInfoCount": 0, "buyInfoShares": 0, "sellInfoCount": 0, "netInfoCount": 0, "netInfoShares": 0, "totalInsiderShares": 0}, "quoteType": {"exchange": "NSI", "quoteType": "EQUITY", "symbol": "SMCGLOBAL.NS", "underlyingSymbol": "SMCGLOBAL.NS", "shortName": "SMC Global Securities Ltd", "longName": "SMC Global Securities Limited", "firstTradeDateEpochUtc": "2021-02-24 09:15:00", "timeZoneFullName": "Asia/Kolkata", "timeZoneShortName": "IST", "uuid": "0f0a1c20-11f4-31d2-874d-ab735c52d39c", "gmtOffSetMilliseconds": 19800000, "maxAge": 1}, "incomeStatementHistory": {"incomeStatementHistory": [{"maxAge": 1, "endDate": "2020-03-31", "totalRevenue": 7269422000, "costOfRevenue": 3377485000, "grossProfit": 3891937000, "researchDevelopment": {}, "sellingGeneralAdministrative": 2249815000, "nonRecurring": {}, "otherOperatingExpenses": 1031788000, "totalOperatingExpenses": 6851171000, "operatingIncome": 418251000, "totalOtherIncomeExpenseNet": 33200000, "ebit": 0, "interestExpense": {}, "incomeBeforeTax": 451451000, "incomeTaxExpense": 212834000, "minorityInterest": 16758000, "netIncomeFromContinuingOps": 238617000, "discontinuedOperations": {}, "extraordinaryItems": {}, "effectOfAccountingCharges": {}, "otherItems": {}, "netIncome": 236033000, "netIncomeApplicableToCommonShares": 236033000}, {"maxAge": 1, "endDate": "2019-03-31", "totalRevenue": 6992419000, "costOfRevenue": 2974670000, "grossProfit": 4017749000, "researchDevelopment": {}, "sellingGeneralAdministrative": 2070904000, "nonRecurring": {}, "otherOperatingExpenses": 944336000, "totalOperatingExpenses": 6103368000, "operatingIncome": 889051000, "totalOtherIncomeExpenseNet": 19788000, "ebit": 0, "interestExpense": {}, "incomeBeforeTax": 908839000, "incomeTaxExpense": 161014000, "minorityInterest": 14889000, "netIncomeFromContinuingOps": 747825000, "discontinuedOperations": {}, "extraordinaryItems": {}, "effectOfAccountingCharges": {}, "otherItems": {}, "netIncome": 747881000, "netIncomeApplicableToCommonShares": 747881000}, {"maxAge": 1, "endDate": "2018-03-31", "totalRevenue": 6105518000, "costOfRevenue": 2359326000, "grossProfit": 3746192000, "researchDevelopment": {}, "sellingGeneralAdministrative": 1885827000, "nonRecurring": {}, "otherOperatingExpenses": 954185000, "totalOperatingExpenses": 5285202000, "operatingIncome": 820316000, "totalOtherIncomeExpenseNet": -26236000, "ebit": 0, "interestExpense": {}, "incomeBeforeTax": 794080000, "incomeTaxExpense": 277233000, "minorityInterest": 14962000, "netIncomeFromContinuingOps": 516847000, "discontinuedOperations": {}, "extraordinaryItems": {}, "effectOfAccountingCharges": {}, "otherItems": {}, "netIncome": 533002000, "netIncomeApplicableToCommonShares": 533002000}, {"maxAge": 1, "endDate": "2017-03-31", "totalRevenue": 5078739598, "costOfRevenue": 1602748208, "grossProfit": 3475991390, "researchDevelopment": {}, "sellingGeneralAdministrative": 1807255531, "nonRecurring": {}, "otherOperatingExpenses": 889314979, "totalOperatingExpenses": 4385604867, "operatingIncome": 693134731, "totalOtherIncomeExpenseNet": -8627461, "ebit": 0, "interestExpense": {}, "incomeBeforeTax": 684507270, "incomeTaxExpense": 234016661, "minorityInterest": 31407164, "netIncomeFromContinuingOps": 450490609, "discontinuedOperations": {}, "extraordinaryItems": {}, "effectOfAccountingCharges": {}, "otherItems": {}, "netIncome": 458273053, "netIncomeApplicableToCommonShares": 458273053}], "maxAge": 86400}, "fundOwnership": {"ownershipList": [], "maxAge": 1}, "summaryDetail": {"maxAge": 1, "priceHint": 2, "previousClose": 69.15, "open": 68.9, "dayLow": 68.45, "dayHigh": 70.4, "regularMarketPreviousClose": 69.15, "regularMarketOpen": 68.9, "regularMarketDayLow": 68.45, "regularMarketDayHigh": 70.4, "trailingPE": 10.736629, "volume": 23256, "regularMarketVolume": 23256, "averageVolume": 153520, "averageVolume10days": 154418, "averageDailyVolume10Day": 154418, "bid": 0.0, "ask": 0.0, "fiftyTwoWeekLow": 67.5, "fiftyTwoWeekHigh": 109.0, "fiftyDayAverage": 80.87408, "twoHundredDayAverage": 80.87408, "trailingAnnualDividendRate": 1.44, "trailingAnnualDividendYield": 0.020824295, "currency": "INR", "fromCurrency": null, "lastMarket": null, "algorithm": null, "tradeable": false}, "incomeStatementHistoryQuarterly": {"incomeStatementHistory": [{"maxAge": 1, "endDate": "2020-12-31", "totalRevenue": 2250240000, "costOfRevenue": 1278260000, "grossProfit": 971980000, "researchDevelopment": {}, "sellingGeneralAdministrative": 431945000, "nonRecurring": {}, "otherOperatingExpenses": 197069000, "totalOperatingExpenses": 1949451000, "operatingIncome": 300789000, "totalOtherIncomeExpenseNet": 8478000, "ebit": 0, "interestExpense": {}, "incomeBeforeTax": 309267000, "incomeTaxExpense": 97826000, "minorityInterest": {}, "netIncomeFromContinuingOps": 211441000, "discontinuedOperations": {}, "extraordinaryItems": {}, "effectOfAccountingCharges": {}, "otherItems": {}, "netIncome": 211300000, "netIncomeApplicableToCommonShares": 211300000}, {"maxAge": 1, "endDate": "2020-03-31", "totalRevenue": 1953705000, "costOfRevenue": 563328000, "grossProfit": 1390377000, "researchDevelopment": {}, "sellingGeneralAdministrative": 918305000, "nonRecurring": {}, "otherOperatingExpenses": 309711000, "totalOperatingExpenses": 1845508000, "operatingIncome": 108197000, "totalOtherIncomeExpenseNet": -3451000, "ebit": 0, "interestExpense": {}, "incomeBeforeTax": 104746000, "incomeTaxExpense": 50274000, "minorityInterest": 16758000, "netIncomeFromContinuingOps": 54472000, "discontinuedOperations": {}, "extraordinaryItems": {}, "effectOfAccountingCharges": {}, "otherItems": {}, "netIncome": 54087000, "netIncomeApplicableToCommonShares": 54087000}, {"maxAge": 1, "endDate": "2019-12-31", "totalRevenue": 1869138000, "costOfRevenue": 1050771000, "grossProfit": 818367000, "researchDevelopment": {}, "sellingGeneralAdministrative": 448998000, "nonRecurring": {}, "otherOperatingExpenses": 215056000, "totalOperatingExpenses": 1765082000, "operatingIncome": 104056000, "totalOtherIncomeExpenseNet": 8738000, "ebit": 0, "interestExpense": {}, "incomeBeforeTax": 112794000, "incomeTaxExpense": 44976000, "minorityInterest": 16758000, "netIncomeFromContinuingOps": 67818000, "discontinuedOperations": {}, "extraordinaryItems": {}, "effectOfAccountingCharges": {}, "otherItems": {}, "netIncome": 67245000, "netIncomeApplicableToCommonShares": 67245000}, {"maxAge": 1, "endDate": "2019-03-31", "totalRevenue": 1911909000, "costOfRevenue": 395088000, "grossProfit": 1516821000, "researchDevelopment": {}, "sellingGeneralAdministrative": 954200000, "nonRecurring": {}, "otherOperatingExpenses": 216649000, "totalOperatingExpenses": 1598476000, "operatingIncome": 313433000, "totalOtherIncomeExpenseNet": 19926000, "ebit": 0, "interestExpense": {}, "incomeBeforeTax": 333359000, "incomeTaxExpense": -5601000, "minorityInterest": 14889000, "netIncomeFromContinuingOps": 338960000, "discontinuedOperations": {}, "extraordinaryItems": {}, "effectOfAccountingCharges": {}, "otherItems": {}, "netIncome": 340600000, "netIncomeApplicableToCommonShares": 340600000}], "maxAge": 86400}, "cashflowStatementHistoryQuarterly": {"cashflowStatements": [{"maxAge": 1, "endDate": "2020-12-31", "netIncome": 211300000, "changeToLiabilities": 0}, {"maxAge": 1, "endDate": "2020-03-31", "netIncome": 54087000, "changeToLiabilities": 0}, {"maxAge": 1, "endDate": "2019-12-31", "netIncome": 67245000, "changeToLiabilities": 0}, {"maxAge": 1, "endDate": "2019-03-31", "netIncome": 340600000, "changeToLiabilities": 0}], "maxAge": 86400}, "insiderHolders": {"holders": [], "maxAge": 1}, "calendarEvents": {"maxAge": 1, "earnings": {"earningsDate": []}}, "upgradeDowngradeHistory": {"history": [], "maxAge": 86400}, "price": {"maxAge": 1, "regularMarketChangePercent": -0.007230657, "regularMarketChange": -0.5, "regularMarketTime": "2021-04-30 15:29:36", "priceHint": 2, "regularMarketPrice": 68.65, "regularMarketDayHigh": 70.4, "regularMarketDayLow": 68.45, "regularMarketVolume": 23256, "averageDailyVolume10Day": 154418, "averageDailyVolume3Month": 153520, "regularMarketPreviousClose": 69.15, "regularMarketSource": "FREE_REALTIME", "regularMarketOpen": 68.9, "exchange": "NSI", "exchangeName": "NSE", "exchangeDataDelayedBy": 15, "marketState": "CLOSED", "quoteType": "EQUITY", "symbol": "SMCGLOBAL.NS", "underlyingSymbol": null, "shortName": "SMC Global Securities Ltd", "longName": "SMC Global Securities Limited", "currency": "INR", "quoteSourceName": "Delayed Quote", "currencySymbol": "\u20b9", "fromCurrency": null, "lastMarket": null}, "balanceSheetHistory": {"balanceSheetStatements": [{"maxAge": 1, "endDate": "2020-03-31", "cash": 2330288000, "netReceivables": 8217030000, "inventory": 76042000, "otherCurrentAssets": 5456307000, "totalCurrentAssets": 17385682000, "longTermInvestments": 141348000, "propertyPlantEquipment": 683511000, "intangibleAssets": 24224000, "otherAssets": 518068000, "deferredLongTermAssetCharges": 399003000, "totalAssets": 18752833000, "accountsPayable": 4227197000, "shortLongTermDebt": 232664000, "otherCurrentLiab": 3621626000, "longTermDebt": 117875000, "otherLiab": 478922000, "minorityInterest": 16758000, "totalCurrentLiabilities": 11325087000, "totalLiab": 11921884000, "commonStock": 226269000, "retainedEarnings": 3082355000, "treasuryStock": 60676000, "capitalSurplus": 3444891000, "otherStockholderEquity": 60676000, "totalStockholderEquity": 6814191000, "netTangibleAssets": 6789967000}, {"maxAge": 1, "endDate": "2019-03-31", "cash": 714277000, "netReceivables": 13947315000, "inventory": 39746000, "otherCurrentAssets": 5093817000, "totalCurrentAssets": 22452668000, "longTermInvestments": 232038000, "propertyPlantEquipment": 334962000, "intangibleAssets": 15873000, "otherAssets": 465686000, "deferredLongTermAssetCharges": 465686000, "totalAssets": 23501227000, "accountsPayable": 2462946000, "shortLongTermDebt": 187444000, "otherCurrentLiab": 5695680000, "longTermDebt": 193594000, "otherLiab": 350686000, "minorityInterest": 14889000, "totalCurrentLiabilities": 16132532000, "totalLiab": 16676812000, "commonStock": 226269000, "retainedEarnings": 3015285000, "treasuryStock": 123081000, "capitalSurplus": 3444891000, "otherStockholderEquity": 123081000, "totalStockholderEquity": 6809526000, "netTangibleAssets": 6793653000}, {"maxAge": 1, "endDate": "2018-03-31", "cash": 736626000, "netReceivables": 10006373000, "inventory": 41563000, "otherCurrentAssets": 4537373000, "totalCurrentAssets": 17059563000, "longTermInvestments": 318695000, "propertyPlantEquipment": 348246000, "intangibleAssets": 16919000, "otherAssets": 386512000, "deferredLongTermAssetCharges": 386512000, "totalAssets": 18129935000, "accountsPayable": 2498379000, "shortLongTermDebt": 196877000, "otherCurrentLiab": 3493685000, "longTermDebt": 361995000, "otherLiab": 280321000, "minorityInterest": 14962000, "totalCurrentLiabilities": 11300594000, "totalLiab": 11942910000, "commonStock": 226269000, "retainedEarnings": 2240398000, "treasuryStock": 260505000, "capitalSurplus": 3444891000, "otherStockholderEquity": 260505000, "totalStockholderEquity": 6172063000, "netTangibleAssets": 6155144000}, {"maxAge": 1, "endDate": "2017-03-31", "cash": 4497904264, "netReceivables": 6388912215, "otherCurrentAssets": 527950855, "totalCurrentAssets": 12657450477, "longTermInvestments": 878732167, "propertyPlantEquipment": 343314930, "goodWill": 56858689, "intangibleAssets": 19271820, "otherAssets": 1853594821, "deferredLongTermAssetCharges": 151036453, "totalAssets": 15809222904, "accountsPayable": 2479105539, "shortLongTermDebt": 22324717, "otherCurrentLiab": 3270220425, "longTermDebt": 41750515, "otherLiab": 206269243, "minorityInterest": 31407164, "totalCurrentLiabilities": 9581954178, "totalLiab": 9829973936, "commonStock": 226268900, "retainedEarnings": 2040866963, "treasuryStock": 235815051, "capitalSurplus": 3444890890, "otherStockholderEquity": 235815051, "totalStockholderEquity": 5947841804, "netTangibleAssets": 5871711295}], "maxAge": 86400}, "financialData": {"maxAge": 86400, "currentPrice": 68.65, "recommendationKey": "none", "totalRevenue": 7995689984, "revenuePerShare": 69.992, "grossProfits": 3891937000, "earningsGrowth": 2.117, "revenueGrowth": 0.204, "grossMargins": 0.53656, "ebitdaMargins": 0.0, "operatingMargins": 0.12661, "profitMargins": 0.091350004, "financialCurrency": "INR"}}}