{"SMLISUZU.NS": {"assetProfile": {"address1": "SCO 204-205", "address2": "Sector 34-A", "city": "Chandigarh", "zip": "160135", "country": "India", "phone": "91 17 2264 7700", "fax": "91 17 2261 5111", "website": "http://www.smlisuzu.com", "industry": "Auto Manufacturers", "sector": "Consumer Cyclical", "longBusinessSummary": "SML Isuzu Limited manufactures and sells commercial vehicles and related parts primarily in India and internationally. The company's products include trucks and buses. It also provides special applications, cargo, and passenger vehicles. The company offers its products through dealers. The company was formerly known as Swaraj Mazda Ltd. and changed its name to SML Isuzu Limited in 2011. SML Isuzu Limited was incorporated in 1983 and is based in Chandigarh, India.", "fullTimeEmployees": 1003, "companyOfficers": [{"maxAge": 1, "name": "Mr. Yugo  Hashimoto", "age": 60, "title": "MD, CEO & Whole Time Director", "yearBorn": 1960, "fiscalYear": 2020, "totalPay": 10187097, "exercisedValue": 0, "unexercisedValue": 0}, {"maxAge": 1, "name": "Mr. Parvesh  Madan", "title": "Company Sec. & Compliance Officer", "fiscalYear": 2020, "totalPay": 3315000, "exercisedValue": 0, "unexercisedValue": 0}, {"maxAge": 1, "name": "Mr. Tadanao  Yamamoto", "age": 63, "title": "Director of Quality Assurance & Whole-Time Director", "yearBorn": 1957, "fiscalYear": 2020, "totalPay": 5674800, "exercisedValue": 0, "unexercisedValue": 0}, {"maxAge": 1, "name": "Mr. Rakesh  Bhalla", "title": "Chief Financial Officer", "exercisedValue": 0, "unexercisedValue": 0}, {"maxAge": 1, "name": "Mr. K. B. Prasad", "age": 69, "title": "Advisor to Chief Exec. Officer", "yearBorn": 1951, "fiscalYear": 2006, "exercisedValue": 0, "unexercisedValue": 0}], "compensationAsOfEpochDate": "2020-12-31 05:30:00", "maxAge": 86400}, "cashflowStatementHistory": {"cashflowStatements": [{"maxAge": 1, "endDate": "2020-03-31", "netIncome": -210621000, "depreciation": 393639000, "changeToNetincome": 6807000, "changeToAccountReceivables": 1107318000, "changeToLiabilities": -1046603000, "changeToInventory": 1454506000, "changeToOperatingActivities": -218443000, "totalCashFromOperatingActivities": 1500135000, "capitalExpenditures": -483128000, "investments": -8247000, "otherCashflowsFromInvestingActivities": 21689000, "totalCashflowsFromInvestingActivities": -467525000, "dividendsPaid": -45392000, "netBorrowings": -784247000, "otherCashflowsFromFinancingActivities": -139164000, "totalCashFromFinancingActivities": -968803000, "changeInCash": 63807000}, {"maxAge": 1, "endDate": "2019-03-31", "netIncome": 195737000, "depreciation": 372219000, "changeToNetincome": 181187000, "changeToAccountReceivables": -336998000, "changeToLiabilities": 613583000, "changeToInventory": -633645000, "changeToOperatingActivities": 147850000, "totalCashFromOperatingActivities": 552104000, "capitalExpenditures": -615685000, "investments": 3023000, "otherCashflowsFromInvestingActivities": 30815000, "totalCashflowsFromInvestingActivities": -579741000, "dividendsPaid": -24456000, "netBorrowings": 274148000, "otherCashflowsFromFinancingActivities": -147080000, "totalCashFromFinancingActivities": 102612000, "changeInCash": 74975000}, {"maxAge": 1, "endDate": "2018-03-31", "netIncome": 84970000, "depreciation": 277513000, "changeToNetincome": 21158000, "changeToAccountReceivables": -36323000, "changeToLiabilities": 225413000, "changeToInventory": -672712000, "changeToOperatingActivities": -234355000, "totalCashFromOperatingActivities": -327881000, "capitalExpenditures": -996887000, "investments": -2302000, "otherCashflowsFromInvestingActivities": 15565000, "totalCashflowsFromInvestingActivities": -982601000, "dividendsPaid": -115773000, "netBorrowings": 1694074000, "otherCashflowsFromFinancingActivities": -122113000, "totalCashFromFinancingActivities": 1456188000, "changeInCash": 145706000}, {"maxAge": 1, "endDate": "2017-03-31", "netIncome": 630099000, "depreciation": 236677000, "changeToNetincome": 5732000, "changeToAccountReceivables": -145898000, "changeToLiabilities": 215251000, "changeToInventory": 439470000, "changeToOperatingActivities": -176659000, "totalCashFromOperatingActivities": 1206214000, "capitalExpenditures": -1198408000, "investments": 255253000, "otherCashflowsFromInvestingActivities": 51422000, "totalCashflowsFromInvestingActivities": -891632000, "dividendsPaid": -115773000, "netBorrowings": -138634000, "otherCashflowsFromFinancingActivities": -83011000, "totalCashFromFinancingActivities": -337418000, "changeInCash": -22836000}], "maxAge": 86400}, "institutionOwnership": {"ownershipList": [], "maxAge": 1}, "majorHoldersBreakdown": {"maxAge": 1, "insidersPercentHeld": 0.2091, "institutionsPercentHeld": 0.03709, "institutionsFloatPercentHeld": 0.04689, "institutionsCount": 2}, "balanceSheetHistoryQuarterly": {"balanceSheetStatements": [{"maxAge": 1, "endDate": "2020-12-31", "totalStockholderEquity": 2967300000, "netTangibleAssets": 2309700000}, {"maxAge": 1, "endDate": "2020-09-30", "cash": 459300000, "shortTermInvestments": 39000000, "netReceivables": 239600000, "inventory": 2657500000, "otherCurrentAssets": 268800000, "totalCurrentAssets": 3664200000, "longTermInvestments": 46700000, "propertyPlantEquipment": 3431400000, "intangibleAssets": 657600000, "otherAssets": 368300000, "deferredLongTermAssetCharges": 151800000, "totalAssets": 8168200000, "accountsPayable": 855200000, "otherCurrentLiab": 1033700000, "longTermDebt": 701600000, "otherLiab": 415700000, "totalCurrentLiabilities": 4007500000, "totalLiab": 5200900000, "commonStock": 144800000, "treasuryStock": 2822500000, "otherStockholderEquity": 2822500000, "totalStockholderEquity": 2967300000, "netTangibleAssets": 2309700000}, {"maxAge": 1, "endDate": "2020-06-30", "totalStockholderEquity": 3848682000, "netTangibleAssets": 3136584000}, {"maxAge": 1, "endDate": "2020-03-31", "cash": 338332000, "shortTermInvestments": 4243000, "netReceivables": 414745000, "inventory": 2699439000, "otherCurrentAssets": 304863000, "totalCurrentAssets": 3827868000, "longTermInvestments": 77729000, "propertyPlantEquipment": 3581059000, "intangibleAssets": 712098000, "otherAssets": 387507000, "deferredLongTermAssetCharges": 151750000, "totalAssets": 8586261000, "accountsPayable": 1670922000, "shortLongTermDebt": 468696000, "otherCurrentLiab": 380265000, "longTermDebt": 948334000, "otherLiab": 503976000, "totalCurrentLiabilities": 3201224000, "totalLiab": 4737579000, "commonStock": 144717000, "retainedEarnings": 2974068000, "treasuryStock": -15391000, "capitalSurplus": 745288000, "otherStockholderEquity": -15391000, "totalStockholderEquity": 3848682000, "netTangibleAssets": 3136584000}], "maxAge": 86400}, "indexTrend": {"maxAge": 1, "symbol": "SP5", "peRatio": 19.7411, "pegRatio": 1.34172, "estimates": [{"period": "0q", "growth": 0.549}, {"period": "+1q", "growth": 0.431}, {"period": "0y", "growth": 0.305}, {"period": "+1y", "growth": 0.109}, {"period": "+5y", "growth": 0.120865}, {"period": "-5y"}]}, "defaultKeyStatistics": {"maxAge": 1, "priceHint": 2, "enterpriseValue": 9012137984, "profitMargins": -0.19065, "floatShares": 3877333, "sharesOutstanding": 14471600, "heldPercentInsiders": 0.2091, "heldPercentInstitutions": 0.03709, "beta": 1.059387, "category": null, "bookValue": 205.027, "priceToBook": 2.2065387, "fundFamily": null, "legalType": null, "lastFiscalYearEnd": "2020-03-31 05:30:00", "nextFiscalYearEnd": "2022-03-31 05:30:00", "mostRecentQuarter": "2020-12-31 05:30:00", "netIncomeToCommon": -1153821056, "trailingEps": -79.747, "lastSplitFactor": null, "enterpriseToRevenue": 1.489, "enterpriseToEbitda": -14.23}, "summaryProfile": {"address1": "SCO 204-205", "address2": "Sector 34-A", "city": "Chandigarh", "zip": "160135", "country": "India", "phone": "91 17 2264 7700", "fax": "91 17 2261 5111", "website": "http://www.smlisuzu.com", "industry": "Auto Manufacturers", "sector": "Consumer Cyclical", "longBusinessSummary": "SML Isuzu Limited manufactures and sells commercial vehicles and related parts primarily in India and internationally. The company's products include trucks and buses. It also provides special applications, cargo, and passenger vehicles. The company offers its products through dealers. The company was formerly known as Swaraj Mazda Ltd. and changed its name to SML Isuzu Limited in 2011. SML Isuzu Limited was incorporated in 1983 and is based in Chandigarh, India.", "fullTimeEmployees": 1003, "companyOfficers": [], "maxAge": 86400}, "netSharePurchaseActivity": {"maxAge": 1, "period": "6m", "buyInfoCount": 0, "buyInfoShares": 0, "sellInfoCount": 0, "netInfoCount": 0, "netInfoShares": 0, "netPercentInsiderShares": 0.0, "totalInsiderShares": 3025300}, "insiderTransactions": {"transactions": [{"maxAge": 1, "shares": 1400, "filerUrl": "", "transactionText": "", "filerName": "Tuteja (Ashish)", "filerRelation": "UNREPORTED", "moneyText": "", "startDate": "2017-08-23", "ownership": "D"}, {"maxAge": 1, "shares": 1400, "filerUrl": "", "transactionText": "", "filerName": "Tuteja (Surender Kumar)", "filerRelation": "UNREPORTED", "moneyText": "", "startDate": "2017-08-23", "ownership": "D"}, {"maxAge": 1, "shares": 1591881, "filerUrl": "", "transactionText": "", "filerName": "Isuzu Motors Ltd.", "filerRelation": "Institution- Corporation", "moneyText": "", "startDate": "2012-04-13", "ownership": "D"}, {"maxAge": 1, "shares": 159188, "filerUrl": "", "transactionText": "", "filerName": "Sumitomo Corporation", "filerRelation": "Promoter", "moneyText": "", "startDate": "2012-04-13", "ownership": "D"}], "maxAge": 1}, "quoteType": {"exchange": "NSI", "quoteType": "EQUITY", "symbol": "SMLISUZU.NS", "underlyingSymbol": "SMLISUZU.NS", "shortName": "SML ISUZU LTD", "longName": "SML Isuzu Limited", "firstTradeDateEpochUtc": "2002-07-01 09:15:00", "timeZoneFullName": "Asia/Kolkata", "timeZoneShortName": "IST", "uuid": "7cd7e8ed-57ea-3849-83dd-442bc355f7f5", "gmtOffSetMilliseconds": 19800000, "maxAge": 1}, "incomeStatementHistory": {"incomeStatementHistory": [{"maxAge": 1, "endDate": "2020-03-31", "totalRevenue": 11541551000, "costOfRevenue": 9097444000, "grossProfit": 2444107000, "researchDevelopment": {}, "sellingGeneralAdministrative": 1966159000, "nonRecurring": {}, "otherOperatingExpenses": 359321000, "totalOperatingExpenses": 11830095000, "operatingIncome": -288544000, "totalOtherIncomeExpenseNet": -94664000, "ebit": -288544000, "interestExpense": -128521000, "incomeBeforeTax": -383208000, "incomeTaxExpense": -172587000, "minorityInterest": {}, "netIncomeFromContinuingOps": -210621000, "discontinuedOperations": {}, "extraordinaryItems": {}, "effectOfAccountingCharges": {}, "otherItems": {}, "netIncome": -210621000, "netIncomeApplicableToCommonShares": -210621000}, {"maxAge": 1, "endDate": "2019-03-31", "totalRevenue": 14092168000, "costOfRevenue": 10674851000, "grossProfit": 3417317000, "researchDevelopment": {}, "sellingGeneralAdministrative": 1713782000, "nonRecurring": {}, "otherOperatingExpenses": 968091000, "totalOperatingExpenses": 13741114000, "operatingIncome": 351054000, "totalOtherIncomeExpenseNet": -107753000, "ebit": 351054000, "interestExpense": -137141000, "incomeBeforeTax": 243301000, "incomeTaxExpense": 47564000, "minorityInterest": {}, "netIncomeFromContinuingOps": 195737000, "discontinuedOperations": {}, "extraordinaryItems": {}, "effectOfAccountingCharges": {}, "otherItems": {}, "netIncome": 195737000, "netIncomeApplicableToCommonShares": 195737000}, {"maxAge": 1, "endDate": "2018-03-31", "totalRevenue": 11350479000, "costOfRevenue": 8470100000, "grossProfit": 2880379000, "researchDevelopment": {}, "sellingGeneralAdministrative": 1517393000, "nonRecurring": {}, "otherOperatingExpenses": 917515000, "totalOperatingExpenses": 11188976000, "operatingIncome": 161503000, "totalOtherIncomeExpenseNet": -66923000, "ebit": 161503000, "interestExpense": -72579000, "incomeBeforeTax": 94580000, "incomeTaxExpense": 9610000, "minorityInterest": {}, "netIncomeFromContinuingOps": 84970000, "discontinuedOperations": {}, "extraordinaryItems": {}, "effectOfAccountingCharges": {}, "otherItems": {}, "netIncome": 84970000, "netIncomeApplicableToCommonShares": 84970000}, {"maxAge": 1, "endDate": "2017-03-31", "totalRevenue": 13561725000, "costOfRevenue": 10062693000, "grossProfit": 3499032000, "researchDevelopment": {}, "sellingGeneralAdministrative": 1458555000, "nonRecurring": {}, "otherOperatingExpenses": 955529000, "totalOperatingExpenses": 12714996000, "operatingIncome": 846729000, "totalOtherIncomeExpenseNet": -5274000, "ebit": 846729000, "interestExpense": -34762000, "incomeBeforeTax": 841455000, "incomeTaxExpense": 211356000, "minorityInterest": {}, "netIncomeFromContinuingOps": 630099000, "discontinuedOperations": {}, "extraordinaryItems": {}, "effectOfAccountingCharges": {}, "otherItems": {}, "netIncome": 630099000, "netIncomeApplicableToCommonShares": 630099000}], "maxAge": 86400}, "fundOwnership": {"ownershipList": [], "maxAge": 1}, "summaryDetail": {"maxAge": 1, "priceHint": 2, "previousClose": 457.15, "open": 454.2, "dayLow": 450.05, "dayHigh": 459.65, "regularMarketPreviousClose": 457.15, "regularMarketOpen": 454.2, "regularMarketDayLow": 450.05, "regularMarketDayHigh": 459.65, "exDividendDate": "2019-09-19 05:30:00", "payoutRatio": 0.0, "beta": 1.059387, "volume": 8700, "regularMarketVolume": 8700, "averageVolume": 55634, "averageVolume10days": 25835, "averageDailyVolume10Day": 25835, "bid": 0.0, "ask": 0.0, "bidSize": 0, "askSize": 0, "marketCap": 6542653952, "fiftyTwoWeekLow": 301.0, "fiftyTwoWeekHigh": 553.95, "priceToSalesTrailing12Months": 1.0810639, "fiftyDayAverage": 477.58237, "twoHundredDayAverage": 450.60532, "trailingAnnualDividendRate": 3.0, "trailingAnnualDividendYield": 0.0065623973, "currency": "INR", "fromCurrency": null, "lastMarket": null, "algorithm": null, "tradeable": false}, "incomeStatementHistoryQuarterly": {"incomeStatementHistory": [{"maxAge": 1, "endDate": "2020-12-31", "totalRevenue": 1838500000, "costOfRevenue": 1448100000, "grossProfit": 390400000, "researchDevelopment": {}, "sellingGeneralAdministrative": 338400000, "nonRecurring": {}, "otherOperatingExpenses": 144100000, "totalOperatingExpenses": 2047100000, "operatingIncome": -208600000, "totalOtherIncomeExpenseNet": -55300000, "ebit": -208600000, "interestExpense": -61200000, "incomeBeforeTax": -263900000, "incomeTaxExpense": 0, "minorityInterest": {}, "netIncomeFromContinuingOps": -263900000, "discontinuedOperations": {}, "extraordinaryItems": {}, "effectOfAccountingCharges": {}, "otherItems": {}, "netIncome": -263900000, "netIncomeApplicableToCommonShares": -263900000}, {"maxAge": 1, "endDate": "2020-09-30", "totalRevenue": 1204500000, "costOfRevenue": 928900000, "grossProfit": 275600000, "researchDevelopment": {}, "sellingGeneralAdministrative": 330700000, "nonRecurring": {}, "otherOperatingExpenses": 128700000, "totalOperatingExpenses": 1505400000, "operatingIncome": -300900000, "totalOtherIncomeExpenseNet": -46300000, "ebit": -300900000, "interestExpense": -67700000, "incomeBeforeTax": -347200000, "incomeTaxExpense": 0, "minorityInterest": {}, "netIncomeFromContinuingOps": -347200000, "discontinuedOperations": {}, "extraordinaryItems": {}, "effectOfAccountingCharges": {}, "otherItems": {}, "netIncome": -347200000, "netIncomeApplicableToCommonShares": -347200000}, {"maxAge": 1, "endDate": "2020-06-30", "totalRevenue": 287400000, "costOfRevenue": 223600000, "grossProfit": 63800000, "researchDevelopment": {}, "sellingGeneralAdministrative": 354500000, "nonRecurring": {}, "otherOperatingExpenses": 66100000, "totalOperatingExpenses": 760300000, "operatingIncome": -472900000, "totalOtherIncomeExpenseNet": -49700000, "ebit": -472900000, "interestExpense": -57400000, "incomeBeforeTax": -522600000, "incomeTaxExpense": 0, "minorityInterest": {}, "netIncomeFromContinuingOps": -522600000, "discontinuedOperations": {}, "extraordinaryItems": {}, "effectOfAccountingCharges": {}, "otherItems": {}, "netIncome": -522600000, "netIncomeApplicableToCommonShares": -522600000}, {"maxAge": 1, "endDate": "2020-03-31", "totalRevenue": 2721651000, "costOfRevenue": 2136644000, "grossProfit": 585007000, "researchDevelopment": {}, "sellingGeneralAdministrative": 797259000, "nonRecurring": {}, "otherOperatingExpenses": -298179000, "totalOperatingExpenses": 2742395000, "operatingIncome": -20744000, "totalOtherIncomeExpenseNet": -11964000, "ebit": -20744000, "interestExpense": -9521000, "incomeBeforeTax": -32708000, "incomeTaxExpense": -12587000, "minorityInterest": {}, "netIncomeFromContinuingOps": -20121000, "discontinuedOperations": {}, "extraordinaryItems": {}, "effectOfAccountingCharges": {}, "otherItems": {}, "netIncome": -20121000, "netIncomeApplicableToCommonShares": -20121000}], "maxAge": 86400}, "cashflowStatementHistoryQuarterly": {"cashflowStatements": [{"maxAge": 1, "endDate": "2020-12-31", "netIncome": -263900000, "changeToLiabilities": 0}, {"maxAge": 1, "endDate": "2020-09-30", "netIncome": -347200000, "changeToLiabilities": 0}, {"maxAge": 1, "endDate": "2020-06-30", "netIncome": -522600000, "changeToLiabilities": 0}, {"maxAge": 1, "endDate": "2020-03-31", "netIncome": -20121000, "changeToLiabilities": 0}], "maxAge": 86400}, "insiderHolders": {"holders": [{"maxAge": 1, "name": "Isuzu Motors Ltd.", "relation": "Institution- Corporation", "url": "", "transactionDescription": "Acquisition", "latestTransDate": "2012-04-13", "positionDirect": 2170747, "positionDirectDate": "2012-04-13"}, {"maxAge": 1, "name": "Sumitomo Corporation", "relation": "Promoter", "url": "", "transactionDescription": "Sale", "latestTransDate": "2012-04-13", "positionDirect": 6362306, "positionDirectDate": "2012-04-13"}, {"maxAge": 1, "name": "Tuteja (Ashish)", "relation": "UNREPORTED", "url": "", "transactionDescription": "Gift", "latestTransDate": "2017-08-23", "positionDirect": 0, "positionDirectDate": "2017-08-23"}, {"maxAge": 1, "name": "Tuteja (Surender Kumar)", "relation": "UNREPORTED", "url": "", "transactionDescription": "Gift", "latestTransDate": "2017-08-23", "positionDirect": 1400, "positionDirectDate": "2017-08-23"}], "maxAge": 1}, "calendarEvents": {"maxAge": 1, "earnings": {"earningsDate": []}, "exDividendDate": "2019-09-19 05:30:00"}, "upgradeDowngradeHistory": {"history": [], "maxAge": 86400}, "price": {"maxAge": 1, "regularMarketChangePercent": -0.010390463, "regularMarketChange": -4.75, "regularMarketTime": "2021-04-30 15:29:07", "priceHint": 2, "regularMarketPrice": 452.4, "regularMarketDayHigh": 459.65, "regularMarketDayLow": 450.05, "regularMarketVolume": 8700, "averageDailyVolume10Day": 25835, "averageDailyVolume3Month": 55634, "regularMarketPreviousClose": 457.15, "regularMarketSource": "FREE_REALTIME", "regularMarketOpen": 454.2, "exchange": "NSI", "exchangeName": "NSE", "exchangeDataDelayedBy": 15, "marketState": "CLOSED", "quoteType": "EQUITY", "symbol": "SMLISUZU.NS", "underlyingSymbol": null, "shortName": "SML ISUZU LTD", "longName": "SML Isuzu Limited", "currency": "INR", "quoteSourceName": "Delayed Quote", "currencySymbol": "\u20b9", "fromCurrency": null, "lastMarket": null, "marketCap": 6542653952}, "balanceSheetHistory": {"balanceSheetStatements": [{"maxAge": 1, "endDate": "2020-03-31", "cash": 338332000, "shortTermInvestments": 4243000, "netReceivables": 414745000, "inventory": 2699439000, "otherCurrentAssets": 304863000, "totalCurrentAssets": 3827868000, "longTermInvestments": 77729000, "propertyPlantEquipment": 3581059000, "intangibleAssets": 712098000, "otherAssets": 387507000, "deferredLongTermAssetCharges": 151750000, "totalAssets": 8586261000, "accountsPayable": 1670922000, "shortLongTermDebt": 468696000, "otherCurrentLiab": 380265000, "longTermDebt": 948334000, "otherLiab": 503976000, "totalCurrentLiabilities": 3201224000, "totalLiab": 4737579000, "commonStock": 144717000, "retainedEarnings": 2974068000, "treasuryStock": -15391000, "capitalSurplus": 745288000, "otherStockholderEquity": -15391000, "totalStockholderEquity": 3848682000, "netTangibleAssets": 3136584000}, {"maxAge": 1, "endDate": "2019-03-31", "cash": 274525000, "shortTermInvestments": 2100000, "netReceivables": 1517766000, "inventory": 4251150000, "otherCurrentAssets": 482391000, "totalCurrentAssets": 6567633000, "longTermInvestments": 44766000, "propertyPlantEquipment": 3758570000, "intangibleAssets": 311414000, "otherAssets": 267964000, "totalAssets": 10950347000, "accountsPayable": 2723038000, "shortLongTermDebt": 318695000, "otherCurrentLiab": 459186000, "longTermDebt": 1029527000, "otherLiab": 581131000, "totalCurrentLiabilities": 5190954000, "totalLiab": 6814455000, "commonStock": 144717000, "retainedEarnings": 3254357000, "treasuryStock": -8470000, "capitalSurplus": 745288000, "otherStockholderEquity": -8470000, "totalStockholderEquity": 4135892000, "netTangibleAssets": 3824478000}, {"maxAge": 1, "endDate": "2018-03-31", "cash": 199550000, "netReceivables": 1193399000, "inventory": 3802728000, "otherCurrentAssets": 338908000, "totalCurrentAssets": 5562684000, "propertyPlantEquipment": 3799105000, "intangibleAssets": 199844000, "otherAssets": 304978000, "totalAssets": 9866611000, "accountsPayable": 2118230000, "shortLongTermDebt": 240977000, "otherCurrentLiab": 623107000, "longTermDebt": 1176650000, "otherLiab": 624192000, "totalCurrentLiabilities": 4076969000, "totalLiab": 5886054000, "commonStock": 144717000, "retainedEarnings": 3101962000, "treasuryStock": -11410000, "capitalSurplus": 745288000, "otherStockholderEquity": -11410000, "totalStockholderEquity": 3980557000, "netTangibleAssets": 3780713000}, {"maxAge": 1, "endDate": "2017-03-31", "cash": 53844000, "netReceivables": 1160619000, "inventory": 2964758000, "otherCurrentAssets": 292762000, "totalCurrentAssets": 4500578000, "propertyPlantEquipment": 2866618000, "intangibleAssets": 68720000, "otherAssets": 417570000, "totalAssets": 7853486000, "accountsPayable": 1907114000, "shortLongTermDebt": 18972000, "otherCurrentLiab": 361346000, "longTermDebt": 335258000, "otherLiab": 658593000, "totalCurrentLiabilities": 2806859000, "totalLiab": 3815529000, "commonStock": 144717000, "retainedEarnings": 3145309000, "treasuryStock": 2643000, "capitalSurplus": 745288000, "otherStockholderEquity": 2643000, "totalStockholderEquity": 4037957000, "netTangibleAssets": 3969237000}], "maxAge": 86400}, "financialData": {"maxAge": 86400, "currentPrice": 452.4, "recommendationKey": "none", "totalCash": 498300000, "totalCashPerShare": 34.441, "ebitda": -633306752, "totalDebt": 2896300032, "totalRevenue": 6052050944, "debtToEquity": 97.607, "revenuePerShare": 418.291, "grossProfits": 2444107000, "revenueGrowth": 0.042, "grossMargins": 0.21725, "ebitdaMargins": -0.10464, "operatingMargins": -0.16575001, "profitMargins": -0.19065, "financialCurrency": "INR"}}}