{"SMRUTHIORG.BO": {"cashflowStatementHistory": {"cashflowStatements": [{"maxAge": 1, "endDate": "2020-03-31", "netIncome": 84471900, "depreciation": 40520595, "changeToNetincome": 35656855, "changeToAccountReceivables": 118180628, "changeToLiabilities": -77134025, "changeToInventory": 56105582, "changeToOperatingActivities": -46815758, "totalCashFromOperatingActivities": 214327888, "capitalExpenditures": -46862409, "otherCashflowsFromInvestingActivities": 1635901, "totalCashflowsFromInvestingActivities": -45226508, "dividendsPaid": -19077150, "netBorrowings": -120131421, "otherCashflowsFromFinancingActivities": -35726610, "totalCashFromFinancingActivities": -174935181, "changeInCash": -5833802}, {"maxAge": 1, "endDate": "2019-03-31", "netIncome": 68617538, "depreciation": 41350310, "changeToNetincome": 64163532, "changeToAccountReceivables": -111311047, "changeToLiabilities": 83192931, "changeToInventory": -16412864, "changeToOperatingActivities": -8878886, "totalCashFromOperatingActivities": 120721514, "capitalExpenditures": -49609672, "otherCashflowsFromInvestingActivities": 4621369, "totalCashflowsFromInvestingActivities": -44988303, "dividendsPaid": -19077150, "netBorrowings": -15664828, "otherCashflowsFromFinancingActivities": -35804471, "totalCashFromFinancingActivities": -51469299, "changeInCash": 24263912}, {"maxAge": 1, "endDate": "2018-03-31", "netIncome": -32133830, "depreciation": 40658305, "changeToNetincome": 17572768, "changeToAccountReceivables": -41852834, "changeToLiabilities": 50613498, "changeToInventory": -16109946, "changeToOperatingActivities": 32649874, "totalCashFromOperatingActivities": 51397835, "capitalExpenditures": -38430354, "otherCashflowsFromInvestingActivities": 6331467, "totalCashflowsFromInvestingActivities": -32098887, "dividendsPaid": -19077150, "netBorrowings": 23159431, "otherCashflowsFromFinancingActivities": -40871297, "totalCashFromFinancingActivities": -17711866, "changeInCash": 1587082}, {"maxAge": 1, "endDate": "2017-03-31", "netIncome": 15849204, "depreciation": 39659895, "changeToNetincome": 42101124, "changeToAccountReceivables": -17902952, "changeToLiabilities": 15737705, "changeToInventory": -960896, "changeToOperatingActivities": -2739082, "totalCashFromOperatingActivities": 91744998, "capitalExpenditures": -17171377, "otherCashflowsFromInvestingActivities": 12397463, "totalCashflowsFromInvestingActivities": -4773914, "dividendsPaid": -19077150, "netBorrowings": -43062366, "otherCashflowsFromFinancingActivities": -43740775, "totalCashFromFinancingActivities": -86803141, "changeInCash": 167943}], "maxAge": 86400}, "institutionOwnership": {"ownershipList": [], "maxAge": 1}, "balanceSheetHistoryQuarterly": {"balanceSheetStatements": [{"maxAge": 1, "endDate": "2020-09-30", "cash": 140657000, "netReceivables": 271007000, "inventory": 168405000, "totalCurrentAssets": 580069000, "longTermInvestments": 19839000, "propertyPlantEquipment": 308694000, "otherAssets": 1286000, "totalAssets": 909888000, "accountsPayable": 195639000, "otherCurrentLiab": 49368000, "longTermDebt": 19838000, "otherLiab": 46381000, "totalCurrentLiabilities": 328179000, "totalLiab": 394398000, "commonStock": 38154000, "treasuryStock": 477336000, "otherStockholderEquity": 477336000, "totalStockholderEquity": 515490000, "netTangibleAssets": 515490000}, {"maxAge": 1, "endDate": "2020-06-30"}, {"maxAge": 1, "endDate": "2020-03-31", "cash": 6401087, "shortTermInvestments": 29325000, "netReceivables": 292273356, "inventory": 170855367, "otherCurrentAssets": 29395329, "totalCurrentAssets": 530439261, "longTermInvestments": 493100, "propertyPlantEquipment": 318906383, "otherAssets": 27662337, "totalAssets": 877501081, "accountsPayable": 221756206, "shortLongTermDebt": 4914926, "otherCurrentLiab": 1985557, "longTermDebt": 20133460, "otherLiab": 53694022, "totalCurrentLiabilities": 379038122, "totalLiab": 452865604, "commonStock": 38154300, "retainedEarnings": 382372577, "treasuryStock": 2108600, "capitalSurplus": 2000000, "otherStockholderEquity": 2108600, "totalStockholderEquity": 424635477, "netTangibleAssets": 424635477}, {"maxAge": 1, "endDate": "2019-12-31", "totalStockholderEquity": 395244000, "netTangibleAssets": 395244000}], "maxAge": 86400}, "indexTrend": {"maxAge": 1, "symbol": "SP5", "peRatio": 19.7411, "pegRatio": 1.34172, "estimates": [{"period": "0q", "growth": 0.549}, {"period": "+1q", "growth": 0.431}, {"period": "0y", "growth": 0.305}, {"period": "+1y", "growth": 0.109}, {"period": "+5y", "growth": 0.120859005}, {"period": "-5y"}]}, "quoteType": {"exchange": "BSE", "quoteType": "EQUITY", "symbol": "SMRUTHIORG.BO", "underlyingSymbol": "SMRUTHIORG.BO", "shortName": "Smruthi Organics Limited", "longName": "Smruthi Organics Limited", "firstTradeDateEpochUtc": "2005-06-16 09:15:00", "timeZoneFullName": "Asia/Kolkata", "timeZoneShortName": "IST", "uuid": "367fef7d-7e42-3538-acd8-e00feb51a5e7", "gmtOffSetMilliseconds": 19800000, "maxAge": 1}, "incomeStatementHistory": {"incomeStatementHistory": [{"maxAge": 1, "endDate": "2020-03-31", "totalRevenue": 1310735870, "costOfRevenue": 812182139, "grossProfit": 498553731, "researchDevelopment": {}, "sellingGeneralAdministrative": 135714148, "nonRecurring": {}, "otherOperatingExpenses": 203422818, "totalOperatingExpenses": 1195181811, "operatingIncome": 115554059, "totalOtherIncomeExpenseNet": 5359956, "ebit": 115554059, "interestExpense": -25423038, "incomeBeforeTax": 120914015, "incomeTaxExpense": 36442115, "minorityInterest": {}, "netIncomeFromContinuingOps": 84471900, "discontinuedOperations": {}, "extraordinaryItems": {}, "effectOfAccountingCharges": {}, "otherItems": {}, "netIncome": 84471900, "netIncomeApplicableToCommonShares": 84471900}, {"maxAge": 1, "endDate": "2019-03-31", "totalRevenue": 1374109188, "costOfRevenue": 877604952, "grossProfit": 496504236, "researchDevelopment": {}, "sellingGeneralAdministrative": 128597496, "nonRecurring": {}, "otherOperatingExpenses": 196204907, "totalOperatingExpenses": 1243757665, "operatingIncome": 130351523, "totalOtherIncomeExpenseNet": -32786374, "ebit": 130351523, "interestExpense": -28056256, "incomeBeforeTax": 97565149, "incomeTaxExpense": 28947611, "minorityInterest": {}, "netIncomeFromContinuingOps": 68617538, "discontinuedOperations": {}, "extraordinaryItems": {}, "effectOfAccountingCharges": {}, "otherItems": {}, "netIncome": 68617538, "netIncomeApplicableToCommonShares": 68617538}, {"maxAge": 1, "endDate": "2018-03-31", "totalRevenue": 973415336, "costOfRevenue": 589942993, "grossProfit": 383472343, "researchDevelopment": {}, "sellingGeneralAdministrative": 92713092, "nonRecurring": {}, "otherOperatingExpenses": 178148452, "totalOperatingExpenses": 981166127, "operatingIncome": -7750791, "totalOtherIncomeExpenseNet": -39090648, "ebit": -7750791, "interestExpense": -34859342, "incomeBeforeTax": -46841439, "incomeTaxExpense": -14707609, "minorityInterest": {}, "netIncomeFromContinuingOps": -32133830, "discontinuedOperations": {}, "extraordinaryItems": {}, "effectOfAccountingCharges": {}, "otherItems": {}, "netIncome": -32133830, "netIncomeApplicableToCommonShares": -32133830}, {"maxAge": 1, "endDate": "2017-03-31", "totalRevenue": 793537133, "costOfRevenue": 474016582, "grossProfit": 319520551, "researchDevelopment": {}, "sellingGeneralAdministrative": 79459491, "nonRecurring": {}, "otherOperatingExpenses": 140486552, "totalOperatingExpenses": 733622520, "operatingIncome": 59914613, "totalOtherIncomeExpenseNet": -33981152, "ebit": 59914613, "interestExpense": -38842671, "incomeBeforeTax": 25933461, "incomeTaxExpense": 10084257, "minorityInterest": {}, "netIncomeFromContinuingOps": 15849204, "discontinuedOperations": {}, "extraordinaryItems": {}, "effectOfAccountingCharges": {}, "otherItems": {}, "netIncome": 15849204, "netIncomeApplicableToCommonShares": 15849204}], "maxAge": 86400}, "fundOwnership": {"ownershipList": [], "maxAge": 1}, "summaryDetail": {"maxAge": 1, "priceHint": 2, "previousClose": 239.4, "open": 246.7, "dayLow": 246.7, "dayHigh": 251.35, "regularMarketPreviousClose": 239.4, "regularMarketOpen": 246.7, "regularMarketDayLow": 246.7, "regularMarketDayHigh": 251.35, "trailingPE": 7.273676, "volume": 24918, "regularMarketVolume": 24918, "averageVolume": 7225, "averageVolume10days": 6930, "averageDailyVolume10Day": 6930, "bid": 250.05, "ask": 251.0, "bidSize": 0, "askSize": 0, "marketCap": 957672960, "fiftyTwoWeekLow": 65.1, "fiftyTwoWeekHigh": 699.75, "fiftyDayAverage": 526.49695, "twoHundredDayAverage": 331.83823, "trailingAnnualDividendRate": 2.0, "trailingAnnualDividendYield": 0.008354219, "currency": "INR", "fromCurrency": null, "lastMarket": null, "algorithm": null, "tradeable": false}, "incomeStatementHistoryQuarterly": {"incomeStatementHistory": [{"maxAge": 1, "endDate": "2020-09-30", "totalRevenue": 368431000, "costOfRevenue": 185000000, "grossProfit": 183431000, "researchDevelopment": {}, "sellingGeneralAdministrative": 42899000, "nonRecurring": {}, "otherOperatingExpenses": 44195000, "totalOperatingExpenses": 283333000, "operatingIncome": 85098000, "totalOtherIncomeExpenseNet": -4087000, "ebit": 85098000, "interestExpense": -2229000, "incomeBeforeTax": 81011000, "incomeTaxExpense": 22613000, "minorityInterest": {}, "netIncomeFromContinuingOps": 58398000, "discontinuedOperations": {}, "extraordinaryItems": {}, "effectOfAccountingCharges": {}, "otherItems": {}, "netIncome": 58398000, "netIncomeApplicableToCommonShares": 58398000}, {"maxAge": 1, "endDate": "2020-06-30", "totalRevenue": 293465000, "costOfRevenue": 178208000, "grossProfit": 115257000, "researchDevelopment": {}, "sellingGeneralAdministrative": 30269000, "nonRecurring": {}, "otherOperatingExpenses": 28408000, "totalOperatingExpenses": 247896000, "operatingIncome": 45569000, "totalOtherIncomeExpenseNet": -3952000, "ebit": 45569000, "interestExpense": -4321000, "incomeBeforeTax": 41617000, "incomeTaxExpense": 11767000, "minorityInterest": {}, "netIncomeFromContinuingOps": 29850000, "discontinuedOperations": {}, "extraordinaryItems": {}, "effectOfAccountingCharges": {}, "otherItems": {}, "netIncome": 29850000, "netIncomeApplicableToCommonShares": 29850000}, {"maxAge": 1, "endDate": "2020-03-31", "totalRevenue": 299828870, "costOfRevenue": 147218139, "grossProfit": 152610731, "researchDevelopment": {}, "sellingGeneralAdministrative": 31895148, "nonRecurring": {}, "otherOperatingExpenses": 63536818, "totalOperatingExpenses": 255012811, "operatingIncome": 44816059, "totalOtherIncomeExpenseNet": -11155044, "ebit": 44816059, "interestExpense": -4321000, "incomeBeforeTax": 33661015, "incomeTaxExpense": 14442115, "minorityInterest": {}, "netIncomeFromContinuingOps": 19218900, "discontinuedOperations": {}, "extraordinaryItems": {}, "effectOfAccountingCharges": {}, "otherItems": {}, "netIncome": 19218900, "netIncomeApplicableToCommonShares": 19218900}, {"maxAge": 1, "endDate": "2019-12-31", "totalRevenue": 307708000, "costOfRevenue": 218691000, "grossProfit": 89017000, "researchDevelopment": {}, "sellingGeneralAdministrative": 36876000, "nonRecurring": {}, "otherOperatingExpenses": 44092000, "totalOperatingExpenses": 310759000, "operatingIncome": -3051000, "totalOtherIncomeExpenseNet": 33365000, "ebit": -3051000, "interestExpense": -7839000, "incomeBeforeTax": 30314000, "incomeTaxExpense": 6100000, "minorityInterest": {}, "netIncomeFromContinuingOps": 24214000, "discontinuedOperations": {}, "extraordinaryItems": {}, "effectOfAccountingCharges": {}, "otherItems": {}, "netIncome": 24214000, "netIncomeApplicableToCommonShares": 24214000}], "maxAge": 86400}, "cashflowStatementHistoryQuarterly": {"cashflowStatements": [{"maxAge": 1, "endDate": "2020-09-30", "netIncome": 58398000, "changeToLiabilities": 0}, {"maxAge": 1, "endDate": "2020-06-30", "netIncome": 29850000, "changeToLiabilities": 0}, {"maxAge": 1, "endDate": "2020-03-31", "netIncome": 19218900, "changeToLiabilities": 0}, {"maxAge": 1, "endDate": "2019-12-31", "netIncome": 24214000, "changeToLiabilities": 0}], "maxAge": 86400}, "insiderHolders": {"holders": [], "maxAge": 1}, "calendarEvents": {"maxAge": 1, "earnings": {"earningsDate": []}}, "upgradeDowngradeHistory": {"history": [], "maxAge": 86400}, "price": {"maxAge": 1, "regularMarketChangePercent": 0.0484545, "regularMarketChange": 11.600006, "regularMarketTime": "2021-04-30 15:15:00", "priceHint": 2, "regularMarketPrice": 251.0, "regularMarketDayHigh": 251.35, "regularMarketDayLow": 246.7, "regularMarketVolume": 24918, "averageDailyVolume10Day": 6930, "averageDailyVolume3Month": 7225, "regularMarketPreviousClose": 239.4, "regularMarketSource": "FREE_REALTIME", "regularMarketOpen": 246.7, "exchange": "BSE", "exchangeName": "BSE", "exchangeDataDelayedBy": 0, "marketState": "CLOSED", "quoteType": "EQUITY", "symbol": "SMRUTHIORG.BO", "underlyingSymbol": null, "shortName": "Smruthi Organics Limited", "longName": "Smruthi Organics Limited", "currency": "INR", "quoteSourceName": "Delayed Quote", "currencySymbol": "\u20b9", "fromCurrency": null, "lastMarket": null, "marketCap": 957672960}, "balanceSheetHistory": {"balanceSheetStatements": [{"maxAge": 1, "endDate": "2020-03-31", "cash": 6401087, "shortTermInvestments": 29325000, "netReceivables": 292273356, "inventory": 170855367, "otherCurrentAssets": 29395329, "totalCurrentAssets": 530439261, "longTermInvestments": 493100, "propertyPlantEquipment": 318906383, "otherAssets": 27662337, "totalAssets": 877501081, "accountsPayable": 221756206, "shortLongTermDebt": 4914926, "otherCurrentLiab": 1985557, "longTermDebt": 20133460, "otherLiab": 53694022, "totalCurrentLiabilities": 379038122, "totalLiab": 452865604, "commonStock": 38154300, "retainedEarnings": 382372577, "treasuryStock": 2108600, "capitalSurplus": 2000000, "otherStockholderEquity": 2108600, "totalStockholderEquity": 424635477, "netTangibleAssets": 424635477}, {"maxAge": 1, "endDate": "2019-03-31", "cash": 6674494, "shortTermInvestments": 34885394, "netReceivables": 371373792, "inventory": 226960949, "otherCurrentAssets": 7638966, "totalCurrentAssets": 653259570, "longTermInvestments": 493100, "propertyPlantEquipment": 316298091, "otherAssets": 39014000, "totalAssets": 1009064761, "accountsPayable": 298890231, "shortLongTermDebt": 6068922, "otherCurrentLiab": 1804004, "longTermDebt": 24955492, "otherLiab": 49009632, "totalCurrentLiabilities": 571316044, "totalLiab": 645281168, "commonStock": 38154300, "retainedEarnings": 321520693, "treasuryStock": 2108600, "capitalSurplus": 2000000, "otherStockholderEquity": 2108600, "totalStockholderEquity": 363783593, "netTangibleAssets": 363783593}, {"maxAge": 1, "endDate": "2018-03-31", "cash": 803679, "shortTermInvestments": 16492297, "netReceivables": 275086211, "inventory": 210548085, "otherCurrentAssets": 6936433, "totalCurrentAssets": 511765037, "longTermInvestments": 493100, "propertyPlantEquipment": 308038729, "otherAssets": 31761395, "deferredLongTermAssetCharges": 12702604, "totalAssets": 852058261, "accountsPayable": 215697300, "shortLongTermDebt": 21866093, "otherCurrentLiab": 367616, "longTermDebt": 62227535, "otherLiab": 23389586, "totalCurrentLiabilities": 475830969, "totalLiab": 561448090, "commonStock": 38154300, "retainedEarnings": 248347271, "treasuryStock": 2108600, "capitalSurplus": 2000000, "otherStockholderEquity": 2108600, "totalStockholderEquity": 290610171, "netTangibleAssets": 290610171}, {"maxAge": 1, "endDate": "2017-03-31", "cash": 15708895, "netReceivables": 221967399, "inventory": 194438139, "otherCurrentAssets": 7340869, "totalCurrentAssets": 442648472, "longTermInvestments": 493100, "propertyPlantEquipment": 310266679, "otherAssets": 101061695, "totalAssets": 854469946, "accountsPayable": 165083802, "shortLongTermDebt": 57498096, "otherCurrentLiab": 6306797, "longTermDebt": 82133567, "otherLiab": 25751157, "totalCurrentLiabilities": 423841221, "totalLiab": 531725945, "commonStock": 38154300, "retainedEarnings": 280481101, "treasuryStock": 2108600, "capitalSurplus": 2000000, "otherStockholderEquity": 2108600, "totalStockholderEquity": 322744001, "netTangibleAssets": 322744001}], "maxAge": 86400}, "financialData": {"maxAge": 86400, "currentPrice": 251.0, "recommendationKey": "none", "grossProfits": 498553731, "financialCurrency": "INR"}}}