{"SMSLIFE.BO": {"cashflowStatementHistory": {"cashflowStatements": [{"maxAge": 1, "endDate": "2020-03-31", "netIncome": 101831000, "depreciation": 78293000, "changeToNetincome": 47360000, "changeToAccountReceivables": 203486000, "changeToLiabilities": -501160000, "changeToInventory": 169498000, "changeToOperatingActivities": 45196000, "totalCashFromOperatingActivities": 145467000, "capitalExpenditures": -233535000, "investments": -38000000, "otherCashflowsFromInvestingActivities": 20000, "totalCashflowsFromInvestingActivities": -270192000, "dividendsPaid": -5467000, "netBorrowings": 160838000, "otherCashflowsFromFinancingActivities": -30916000, "totalCashFromFinancingActivities": 124455000, "changeInCash": -270000}, {"maxAge": 1, "endDate": "2019-03-31", "netIncome": 178473000, "depreciation": 63743000, "changeToNetincome": 38834000, "changeToAccountReceivables": -115287000, "changeToLiabilities": 497362000, "changeToInventory": -304407000, "changeToOperatingActivities": -54407000, "totalCashFromOperatingActivities": 299927000, "capitalExpenditures": -244178000, "investments": -209726000, "otherCashflowsFromInvestingActivities": 12564000, "totalCashflowsFromInvestingActivities": -440103000, "dividendsPaid": -14188000, "netBorrowings": 189790000, "otherCashflowsFromFinancingActivities": -21923000, "totalCashFromFinancingActivities": 153679000, "changeInCash": 13503000}, {"maxAge": 1, "endDate": "2018-03-31", "netIncome": 65013000, "depreciation": 57008000, "changeToNetincome": 13730000, "changeToAccountReceivables": 121797000, "changeToLiabilities": -110107000, "changeToInventory": -55216000, "changeToOperatingActivities": -15855000, "totalCashFromOperatingActivities": 80004000, "capitalExpenditures": -34974000, "investments": -49624000, "otherCashflowsFromInvestingActivities": 16246000, "totalCashflowsFromInvestingActivities": -68352000, "dividendsPaid": -14188000, "netBorrowings": 12577000, "otherCashflowsFromFinancingActivities": -20644000, "totalCashFromFinancingActivities": -8067000, "changeInCash": 3585000}, {"maxAge": 1, "endDate": "2017-03-31", "netIncome": 129432000, "depreciation": 55545000, "changeToNetincome": 35507000, "changeToAccountReceivables": 811000, "changeToLiabilities": 28093000, "changeToInventory": -19589000, "changeToOperatingActivities": -40694000, "totalCashFromOperatingActivities": 196585000, "capitalExpenditures": -75501000, "investments": -49624000, "otherCashflowsFromInvestingActivities": 219000, "totalCashflowsFromInvestingActivities": -75282000, "dividendsPaid": -14188000, "netBorrowings": -94358000, "otherCashflowsFromFinancingActivities": -29088000, "totalCashFromFinancingActivities": -123446000, "changeInCash": -2143000}], "maxAge": 86400}, "institutionOwnership": {"ownershipList": [], "maxAge": 1}, "balanceSheetHistoryQuarterly": {"balanceSheetStatements": [{"maxAge": 1, "endDate": "2020-06-30", "totalStockholderEquity": 1157331000, "netTangibleAssets": 986023000}, {"maxAge": 1, "endDate": "2020-03-31", "cash": 21478000, "shortTermInvestments": 79000, "netReceivables": 275870000, "inventory": 656323000, "otherCurrentAssets": 115004000, "totalCurrentAssets": 1072217000, "longTermInvestments": 411000, "propertyPlantEquipment": 1227575000, "goodWill": 169479000, "intangibleAssets": 1829000, "otherAssets": 56792000, "totalAssets": 2528303000, "accountsPayable": 436883000, "shortLongTermDebt": 58629000, "otherCurrentLiab": 89692000, "longTermDebt": 366543000, "otherLiab": 124174000, "totalCurrentLiabilities": 870369000, "totalLiab": 1370972000, "commonStock": 30233000, "retainedEarnings": 1126998000, "treasuryStock": 100000, "otherStockholderEquity": 100000, "totalStockholderEquity": 1157331000, "netTangibleAssets": 986023000}, {"maxAge": 1, "endDate": "2019-12-31", "totalStockholderEquity": 1142481000, "netTangibleAssets": 969358000}, {"maxAge": 1, "endDate": "2019-09-30", "cash": 50358000, "netReceivables": 378727000, "inventory": 606791000, "otherCurrentAssets": 163267000, "totalCurrentAssets": 1199143000, "longTermInvestments": 411000, "propertyPlantEquipment": 1120147000, "goodWill": 171099000, "intangibleAssets": 2024000, "otherAssets": 63268000, "totalAssets": 2556092000, "accountsPayable": 620166000, "otherCurrentLiab": 184539000, "longTermDebt": 290805000, "otherLiab": 123109000, "totalCurrentLiabilities": 999697000, "totalLiab": 1413611000, "commonStock": 30233000, "treasuryStock": 1112248000, "otherStockholderEquity": 1112248000, "totalStockholderEquity": 1142481000, "netTangibleAssets": 969358000}], "maxAge": 86400}, "indexTrend": {"maxAge": 1, "symbol": "SP5", "peRatio": 19.7411, "pegRatio": 1.34172, "estimates": [{"period": "0q", "growth": 0.549}, {"period": "+1q", "growth": 0.431}, {"period": "0y", "growth": 0.305}, {"period": "+1y", "growth": 0.109}, {"period": "+5y", "growth": 0.120865}, {"period": "-5y"}]}, "insiderTransactions": {"transactions": [{"maxAge": 1, "shares": 57700, "value": 513968, "filerUrl": "", "transactionText": "Acquisition at price 8.91 per share.", "filerName": "Potluri Laboratories Pvt. Ltd.", "filerRelation": "Promoter", "moneyText": "", "startDate": "2020-09-29", "ownership": "D"}, {"maxAge": 1, "shares": 57700, "value": 512387, "filerUrl": "", "transactionText": "Sale at price 8.88 per share.", "filerName": "Potluri (Ramesh Babu)", "filerRelation": "Director (Non-Executive)", "moneyText": "", "startDate": "2020-09-29", "ownership": "D"}, {"maxAge": 1, "shares": 742, "value": 6195, "filerUrl": "", "transactionText": "Acquisition at price 8.35 per share.", "filerName": "Pixalot Labs Private Limited", "filerRelation": "Promoter", "moneyText": "", "startDate": "2020-09-24", "ownership": "D"}, {"maxAge": 1, "shares": 1600, "value": 13607, "filerUrl": "", "transactionText": "Acquisition at price 8.50 per share.", "filerName": "Pixalot Labs Private Limited", "filerRelation": "Promoter", "moneyText": "", "startDate": "2020-09-22", "ownership": "D"}, {"maxAge": 1, "shares": 4326, "value": 28573, "filerUrl": "", "transactionText": "Acquisition at price 6.61 per share.", "filerName": "Pixalot Labs Private Limited", "filerRelation": "Promoter", "moneyText": "", "startDate": "2020-09-15", "ownership": "D"}, {"maxAge": 1, "shares": 150000, "filerUrl": "", "transactionText": "", "filerName": "Potluri (Hima Bindu)", "filerRelation": "Promoter", "moneyText": "", "startDate": "2020-03-06", "ownership": "D"}, {"maxAge": 1, "shares": 150000, "filerUrl": "", "transactionText": "", "filerName": "Annapurna (T)", "filerRelation": "Promoter", "moneyText": "", "startDate": "2020-03-06", "ownership": "D"}, {"maxAge": 1, "shares": 27023, "filerUrl": "", "transactionText": "", "filerName": "Potluri (Satyavani)", "filerRelation": "Promoter", "moneyText": "", "startDate": "2020-02-20", "ownership": "D"}, {"maxAge": 1, "shares": 27023, "filerUrl": "", "transactionText": "", "filerName": "Potluri (Trilok)", "filerRelation": "Promoter", "moneyText": "", "startDate": "2020-02-20", "ownership": "D"}, {"maxAge": 1, "shares": 714, "filerUrl": "", "transactionText": "", "filerName": "Koneru (Sukumari)", "filerRelation": "Promoter", "moneyText": "", "startDate": "2019-09-11", "ownership": "D"}, {"maxAge": 1, "shares": 714, "filerUrl": "", "transactionText": "", "filerName": "Potluri (Vamsi Krishna)", "filerRelation": "Promoter", "moneyText": "", "startDate": "2019-09-11", "ownership": "D"}], "maxAge": 1}, "quoteType": {"exchange": "BSE", "quoteType": "EQUITY", "symbol": "SMSLIFE.BO", "underlyingSymbol": "SMSLIFE.BO", "shortName": "SMS Lifesciences India Ltd", "longName": "SMS Lifesciences India Limited", "firstTradeDateEpochUtc": "2017-08-17 09:15:00", "timeZoneFullName": "Asia/Kolkata", "timeZoneShortName": "IST", "uuid": "18bc6c97-7f2e-3e76-880f-d103d5e92569", "gmtOffSetMilliseconds": 19800000, "maxAge": 1}, "incomeStatementHistory": {"incomeStatementHistory": [{"maxAge": 1, "endDate": "2020-03-31", "totalRevenue": 2607812000, "costOfRevenue": 1986187000, "grossProfit": 621625000, "researchDevelopment": {}, "sellingGeneralAdministrative": 267104000, "nonRecurring": {}, "otherOperatingExpenses": 100124000, "totalOperatingExpenses": 2432030000, "operatingIncome": 175782000, "totalOtherIncomeExpenseNet": -29102000, "ebit": 175782000, "interestExpense": -45501000, "incomeBeforeTax": 146680000, "incomeTaxExpense": 44849000, "minorityInterest": {}, "netIncomeFromContinuingOps": 101831000, "discontinuedOperations": {}, "extraordinaryItems": {}, "effectOfAccountingCharges": {}, "otherItems": {}, "netIncome": 101831000, "netIncomeApplicableToCommonShares": 101831000}, {"maxAge": 1, "endDate": "2019-03-31", "totalRevenue": 3778522000, "costOfRevenue": 3067434000, "grossProfit": 711088000, "researchDevelopment": {}, "sellingGeneralAdministrative": 235909000, "nonRecurring": {}, "otherOperatingExpenses": 126721000, "totalOperatingExpenses": 3493868000, "operatingIncome": 284654000, "totalOtherIncomeExpenseNet": -30804000, "ebit": 284654000, "interestExpense": -42933000, "incomeBeforeTax": 253850000, "incomeTaxExpense": 75377000, "minorityInterest": {}, "netIncomeFromContinuingOps": 178473000, "discontinuedOperations": {}, "extraordinaryItems": {}, "effectOfAccountingCharges": {}, "otherItems": {}, "netIncome": 178473000, "netIncomeApplicableToCommonShares": 178473000}, {"maxAge": 1, "endDate": "2018-03-31", "totalRevenue": 2129878000, "costOfRevenue": 1724564000, "grossProfit": 405314000, "researchDevelopment": {}, "sellingGeneralAdministrative": 178688000, "nonRecurring": {}, "otherOperatingExpenses": 93820000, "totalOperatingExpenses": 2054267000, "operatingIncome": 75611000, "totalOtherIncomeExpenseNet": -11645000, "ebit": 75611000, "interestExpense": -31192000, "incomeBeforeTax": 63966000, "incomeTaxExpense": -1047000, "minorityInterest": {}, "netIncomeFromContinuingOps": 65013000, "discontinuedOperations": {}, "extraordinaryItems": {}, "effectOfAccountingCharges": {}, "otherItems": {}, "netIncome": 65013000, "netIncomeApplicableToCommonShares": 65013000}, {"maxAge": 1, "endDate": "2017-03-31", "totalRevenue": 2158938000, "costOfRevenue": 1620807000, "grossProfit": 538131000, "researchDevelopment": {}, "sellingGeneralAdministrative": 171101000, "nonRecurring": {}, "otherOperatingExpenses": 81722000, "totalOperatingExpenses": 1929571000, "operatingIncome": 229367000, "totalOtherIncomeExpenseNet": -44746000, "ebit": 229367000, "interestExpense": -50556000, "incomeBeforeTax": 184621000, "incomeTaxExpense": 55189000, "minorityInterest": {}, "netIncomeFromContinuingOps": 129432000, "discontinuedOperations": {}, "extraordinaryItems": {}, "effectOfAccountingCharges": {}, "otherItems": {}, "netIncome": 129432000, "netIncomeApplicableToCommonShares": 129432000}], "maxAge": 86400}, "fundOwnership": {"ownershipList": [], "maxAge": 1}, "summaryDetail": {"maxAge": 1, "priceHint": 2, "previousClose": 606.55, "open": 597.95, "dayLow": 582.65, "dayHigh": 605.6, "regularMarketPreviousClose": 606.55, "regularMarketOpen": 597.95, "regularMarketDayLow": 582.65, "regularMarketDayHigh": 605.6, "trailingPE": 22.595129, "volume": 797, "regularMarketVolume": 797, "averageVolume": 1168, "averageVolume10days": 1026, "averageDailyVolume10Day": 1026, "bid": 588.45, "ask": 625.0, "bidSize": 0, "askSize": 0, "marketCap": 1795229568, "fiftyTwoWeekLow": 157.0, "fiftyTwoWeekHigh": 746.0, "fiftyDayAverage": 597.4197, "twoHundredDayAverage": 549.8673, "trailingAnnualDividendRate": 1.5, "trailingAnnualDividendYield": 0.002473003, "currency": "INR", "fromCurrency": null, "lastMarket": null, "algorithm": null, "tradeable": false}, "incomeStatementHistoryQuarterly": {"incomeStatementHistory": [{"maxAge": 1, "endDate": "2020-06-30", "totalRevenue": 547490000, "costOfRevenue": 388648000, "grossProfit": 158842000, "researchDevelopment": {}, "sellingGeneralAdministrative": 60626000, "nonRecurring": {}, "otherOperatingExpenses": 34262000, "totalOperatingExpenses": 503012000, "operatingIncome": 44478000, "totalOtherIncomeExpenseNet": -8841000, "ebit": 44478000, "interestExpense": -11870000, "incomeBeforeTax": 35637000, "incomeTaxExpense": 10811000, "minorityInterest": {}, "netIncomeFromContinuingOps": 24826000, "discontinuedOperations": {}, "extraordinaryItems": {}, "effectOfAccountingCharges": {}, "otherItems": {}, "netIncome": 24826000, "netIncomeApplicableToCommonShares": 24826000}, {"maxAge": 1, "endDate": "2020-03-31", "totalRevenue": 459854000, "costOfRevenue": 326449000, "grossProfit": 133405000, "researchDevelopment": {}, "sellingGeneralAdministrative": 68936000, "nonRecurring": {}, "otherOperatingExpenses": 22749000, "totalOperatingExpenses": 438591000, "operatingIncome": 21263000, "totalOtherIncomeExpenseNet": -3464000, "ebit": 21263000, "interestExpense": -5644000, "incomeBeforeTax": 17799000, "incomeTaxExpense": -3018000, "minorityInterest": {}, "netIncomeFromContinuingOps": 20817000, "discontinuedOperations": {}, "extraordinaryItems": {}, "effectOfAccountingCharges": {}, "otherItems": {}, "netIncome": 20817000, "netIncomeApplicableToCommonShares": 20817000}, {"maxAge": 1, "endDate": "2019-12-31", "totalRevenue": 465926000, "costOfRevenue": 355475000, "grossProfit": 110451000, "researchDevelopment": {}, "sellingGeneralAdministrative": 60240000, "nonRecurring": {}, "otherOperatingExpenses": 23521000, "totalOperatingExpenses": 458717000, "operatingIncome": 7209000, "totalOtherIncomeExpenseNet": -8481000, "ebit": 7209000, "interestExpense": -11729000, "incomeBeforeTax": -1272000, "incomeTaxExpense": 2120000, "minorityInterest": {}, "netIncomeFromContinuingOps": -3392000, "discontinuedOperations": {}, "extraordinaryItems": {}, "effectOfAccountingCharges": {}, "otherItems": {}, "netIncome": -3392000, "netIncomeApplicableToCommonShares": -3392000}, {"maxAge": 1, "endDate": "2019-09-30", "totalRevenue": 763667000, "costOfRevenue": 575324000, "grossProfit": 188343000, "researchDevelopment": {}, "sellingGeneralAdministrative": 76609000, "nonRecurring": {}, "otherOperatingExpenses": 27450000, "totalOperatingExpenses": 698935000, "operatingIncome": 64732000, "totalOtherIncomeExpenseNet": -5761000, "ebit": 64732000, "interestExpense": -13941000, "incomeBeforeTax": 58971000, "incomeTaxExpense": 22158000, "minorityInterest": {}, "netIncomeFromContinuingOps": 36813000, "discontinuedOperations": {}, "extraordinaryItems": {}, "effectOfAccountingCharges": {}, "otherItems": {}, "netIncome": 36813000, "netIncomeApplicableToCommonShares": 36813000}], "maxAge": 86400}, "cashflowStatementHistoryQuarterly": {"cashflowStatements": [{"maxAge": 1, "endDate": "2020-06-30", "netIncome": 24826000, "changeToLiabilities": 0}, {"maxAge": 1, "endDate": "2020-03-31", "netIncome": 20817000, "changeToLiabilities": 0}, {"maxAge": 1, "endDate": "2019-12-31", "netIncome": -3392000, "changeToLiabilities": 0}, {"maxAge": 1, "endDate": "2019-09-30", "netIncome": 36813000, "changeToLiabilities": 0}], "maxAge": 86400}, "insiderHolders": {"holders": [{"maxAge": 1, "name": "Annapurna (T)", "relation": "Promoter", "url": "", "transactionDescription": "Acquisition", "latestTransDate": "2020-03-06", "positionDirect": 306797, "positionDirectDate": "2020-03-06"}, {"maxAge": 1, "name": "Koneru (Sukumari)", "relation": "Promoter", "url": "", "transactionDescription": "Gift", "latestTransDate": "2019-09-11", "positionDirect": 714, "positionDirectDate": "2019-09-11"}, {"maxAge": 1, "name": "Pixalot Labs Private Limited", "relation": "Promoter", "url": "", "transactionDescription": "Acquisition", "latestTransDate": "2020-09-24", "positionDirect": 7412, "positionDirectDate": "2020-09-24"}, {"maxAge": 1, "name": "Potluri (Hima Bindu)", "relation": "Promoter", "url": "", "transactionDescription": "Sale", "latestTransDate": "2020-03-06", "positionDirect": 291905, "positionDirectDate": "2020-03-06"}, {"maxAge": 1, "name": "Potluri (Ramesh Babu)", "relation": "Director (Non-Executive)", "url": "", "transactionDescription": "Sale", "latestTransDate": "2020-09-29", "positionDirect": 460405, "positionDirectDate": "2020-09-29"}, {"maxAge": 1, "name": "Potluri (Satyavani)", "relation": "Promoter", "url": "", "transactionDescription": "Gift", "latestTransDate": "2020-02-20", "positionDirect": 0, "positionDirectDate": "2020-02-20"}, {"maxAge": 1, "name": "Potluri (Trilok)", "relation": "Promoter", "url": "", "transactionDescription": "Gift", "latestTransDate": "2020-02-20", "positionDirect": 58570, "positionDirectDate": "2020-02-20"}, {"maxAge": 1, "name": "Potluri (Vamsi Krishna)", "relation": "Promoter", "url": "", "transactionDescription": "Gift", "latestTransDate": "2019-09-11", "positionDirect": 73234, "positionDirectDate": "2019-09-11"}, {"maxAge": 1, "name": "Potluri Laboratories Pvt. Ltd.", "relation": "Promoter", "url": "", "transactionDescription": "Acquisition", "latestTransDate": "2020-09-29", "positionDirect": 66000, "positionDirectDate": "2020-09-29"}], "maxAge": 1}, "calendarEvents": {"maxAge": 1, "earnings": {"earningsDate": ["2019-02-14 05:30:S"]}}, "upgradeDowngradeHistory": {"history": [], "maxAge": 86400}, "price": {"maxAge": 1, "regularMarketChangePercent": -0.021020526, "regularMarketChange": -12.75, "regularMarketTime": "2021-04-30 15:29:41", "priceHint": 2, "regularMarketPrice": 593.8, "regularMarketDayHigh": 605.6, "regularMarketDayLow": 582.65, "regularMarketVolume": 797, "averageDailyVolume10Day": 1026, "averageDailyVolume3Month": 1168, "regularMarketPreviousClose": 606.55, "regularMarketSource": "FREE_REALTIME", "regularMarketOpen": 597.95, "exchange": "BSE", "exchangeName": "BSE", "exchangeDataDelayedBy": 0, "marketState": "CLOSED", "quoteType": "EQUITY", "symbol": "SMSLIFE.BO", "underlyingSymbol": null, "shortName": "SMS Lifesciences India Ltd", "longName": "SMS Lifesciences India Limited", "currency": "INR", "quoteSourceName": "Delayed Quote", "currencySymbol": "\u20b9", "fromCurrency": null, "lastMarket": null, "marketCap": 1795229568}, "balanceSheetHistory": {"balanceSheetStatements": [{"maxAge": 1, "endDate": "2020-03-31", "cash": 21478000, "shortTermInvestments": 79000, "netReceivables": 275870000, "inventory": 656323000, "otherCurrentAssets": 115004000, "totalCurrentAssets": 1072217000, "longTermInvestments": 411000, "propertyPlantEquipment": 1227575000, "goodWill": 169479000, "intangibleAssets": 1829000, "otherAssets": 56792000, "totalAssets": 2528303000, "accountsPayable": 436883000, "shortLongTermDebt": 58629000, "otherCurrentLiab": 89692000, "longTermDebt": 366543000, "otherLiab": 124174000, "totalCurrentLiabilities": 870369000, "totalLiab": 1370972000, "commonStock": 30233000, "retainedEarnings": 1126998000, "treasuryStock": 100000, "otherStockholderEquity": 100000, "totalStockholderEquity": 1157331000, "netTangibleAssets": 986023000}, {"maxAge": 1, "endDate": "2019-03-31", "cash": 21748000, "netReceivables": 522223000, "inventory": 811678000, "otherCurrentAssets": 63811000, "totalCurrentAssets": 1421612000, "longTermInvestments": 490000, "propertyPlantEquipment": 1037324000, "goodWill": 169479000, "intangibleAssets": 447000, "otherAssets": 68539000, "totalAssets": 2697891000, "accountsPayable": 934664000, "shortLongTermDebt": 69463000, "otherCurrentLiab": 44874000, "longTermDebt": 269574000, "otherLiab": 113922000, "totalCurrentLiabilities": 1248633000, "totalLiab": 1634601000, "commonStock": 30233000, "retainedEarnings": 1032957000, "treasuryStock": 100000, "otherStockholderEquity": 100000, "totalStockholderEquity": 1063290000, "netTangibleAssets": 893364000}, {"maxAge": 1, "endDate": "2018-03-31", "cash": 4358000, "netReceivables": 332661000, "inventory": 506503000, "otherCurrentAssets": 42664000, "totalCurrentAssets": 887178000, "longTermInvestments": 50115000, "propertyPlantEquipment": 754464000, "intangibleAssets": 238000, "otherAssets": 74553000, "totalAssets": 1766548000, "accountsPayable": 406607000, "shortLongTermDebt": 61693000, "otherCurrentLiab": 52280000, "longTermDebt": 151907000, "otherLiab": 91649000, "totalCurrentLiabilities": 638911000, "totalLiab": 882467000, "commonStock": 30233000, "retainedEarnings": 853748000, "treasuryStock": 100000, "otherStockholderEquity": 100000, "totalStockholderEquity": 884081000, "netTangibleAssets": 883843000}, {"maxAge": 1, "endDate": "2017-03-31", "cash": 773000, "netReceivables": 462801000, "inventory": 437945000, "otherCurrentAssets": 37273000, "totalCurrentAssets": 938977000, "longTermInvestments": 491000, "propertyPlantEquipment": 728433000, "otherAssets": 84494000, "totalAssets": 1752395000, "accountsPayable": 512981000, "shortLongTermDebt": 60467000, "otherCurrentLiab": 7489000, "longTermDebt": 159645000, "otherLiab": 94408000, "totalCurrentLiabilities": 679955000, "totalLiab": 934008000, "commonStock": 100000, "retainedEarnings": 818287000, "totalStockholderEquity": 818387000, "netTangibleAssets": 818387000}], "maxAge": 86400}, "financialData": {"maxAge": 86400, "currentPrice": 593.8, "recommendationKey": "none", "grossProfits": 621625000, "financialCurrency": "INR"}}}