{"SMSPHARMA.BO": {"recommendationTrend": {"trend": [{"period": "0m", "strongBuy": 0, "buy": 0, "hold": 0, "sell": 0, "strongSell": 0}, {"period": "-1m", "strongBuy": 0, "buy": 0, "hold": 0, "sell": 0, "strongSell": 0}, {"period": "-2m", "strongBuy": 0, "buy": 0, "hold": 0, "sell": 0, "strongSell": 0}, {"period": "-3m", "strongBuy": 0, "buy": 0, "hold": 0, "sell": 0, "strongSell": 0}], "maxAge": 86400}, "cashflowStatementHistory": {"cashflowStatements": [{"maxAge": 1, "endDate": "2020-03-31", "netIncome": 315737000, "depreciation": 219569000, "changeToNetincome": 136060000, "changeToAccountReceivables": -227482000, "changeToLiabilities": -37578000, "changeToInventory": 71996000, "changeToOperatingActivities": -87638000, "totalCashFromOperatingActivities": 397119000, "capitalExpenditures": -427340000, "otherCashflowsFromInvestingActivities": 367000, "totalCashflowsFromInvestingActivities": -425637000, "dividendsPaid": -42326000, "netBorrowings": 84599000, "otherCashflowsFromFinancingActivities": -66290000, "totalCashFromFinancingActivities": -24017000, "changeInCash": -52535000}, {"maxAge": 1, "endDate": "2019-03-31", "netIncome": 400484000, "depreciation": 191672000, "changeToNetincome": 163557000, "changeToAccountReceivables": -19764000, "changeToLiabilities": 89834000, "changeToInventory": -289245000, "changeToOperatingActivities": -35723000, "totalCashFromOperatingActivities": 497573000, "capitalExpenditures": -348382000, "otherCashflowsFromInvestingActivities": 719000, "totalCashflowsFromInvestingActivities": -346734000, "dividendsPaid": -21163000, "netBorrowings": -24635000, "otherCashflowsFromFinancingActivities": -83372000, "totalCashFromFinancingActivities": -129170000, "changeInCash": 21669000}, {"maxAge": 1, "endDate": "2018-03-31", "netIncome": 317497000, "depreciation": 197603000, "changeToNetincome": 286248000, "changeToAccountReceivables": -28631000, "changeToLiabilities": -280497000, "changeToInventory": -149560000, "changeToOperatingActivities": -23188000, "totalCashFromOperatingActivities": 318147000, "capitalExpenditures": -85532000, "investments": -80250000, "otherCashflowsFromInvestingActivities": 11000, "totalCashflowsFromInvestingActivities": -165771000, "dividendsPaid": -20377000, "netBorrowings": -30212000, "otherCashflowsFromFinancingActivities": -98332000, "totalCashFromFinancingActivities": -148921000, "changeInCash": 3455000}, {"maxAge": 1, "endDate": "2017-03-31", "netIncome": 284864000, "depreciation": 190582000, "changeToNetincome": 163069000, "changeToAccountReceivables": -5328000, "changeToLiabilities": 350741000, "changeToInventory": -216712000, "changeToOperatingActivities": -27324000, "totalCashFromOperatingActivities": 734746000, "capitalExpenditures": -232050000, "investments": -157558000, "otherCashflowsFromInvestingActivities": 48000, "totalCashflowsFromInvestingActivities": -389560000, "dividendsPaid": -20377000, "netBorrowings": -190245000, "otherCashflowsFromFinancingActivities": -121321000, "totalCashFromFinancingActivities": -331943000, "changeInCash": 10343000}], "maxAge": 86400}, "institutionOwnership": {"ownershipList": [], "maxAge": 1}, "balanceSheetHistoryQuarterly": {"balanceSheetStatements": [{"maxAge": 1, "endDate": "2020-06-30", "totalStockholderEquity": 3482356000, "netTangibleAssets": 3474030000}, {"maxAge": 1, "endDate": "2020-03-31", "cash": 95442000, "netReceivables": 678570000, "inventory": 1292002000, "otherCurrentAssets": 103105000, "totalCurrentAssets": 2187809000, "longTermInvestments": 258104000, "propertyPlantEquipment": 3217760000, "intangibleAssets": 8326000, "otherAssets": 407147000, "totalAssets": 6079146000, "accountsPayable": 395506000, "shortLongTermDebt": 229150000, "otherCurrentLiab": 141371000, "longTermDebt": 682210000, "otherLiab": 414705000, "totalCurrentLiabilities": 1452076000, "totalLiab": 2596790000, "commonStock": 84652000, "retainedEarnings": 2684020000, "treasuryStock": 15500000, "capitalSurplus": 698184000, "otherStockholderEquity": 15500000, "totalStockholderEquity": 3482356000, "netTangibleAssets": 3474030000}, {"maxAge": 1, "endDate": "2019-12-31", "totalStockholderEquity": 3369823000, "netTangibleAssets": 3360079000}, {"maxAge": 1, "endDate": "2019-09-30", "cash": 89106000, "netReceivables": 589508000, "inventory": 1196198000, "otherCurrentAssets": 228376000, "totalCurrentAssets": 2103188000, "longTermInvestments": 256237000, "propertyPlantEquipment": 2969675000, "intangibleAssets": 9744000, "otherAssets": 359636000, "totalAssets": 5698480000, "accountsPayable": 435409000, "shortLongTermDebt": 269417000, "otherCurrentLiab": 65381000, "longTermDebt": 632166000, "otherLiab": 364962000, "totalCurrentLiabilities": 1331529000, "totalLiab": 2328657000, "commonStock": 84652000, "treasuryStock": 3285171000, "otherStockholderEquity": 3285171000, "totalStockholderEquity": 3369823000, "netTangibleAssets": 3360079000}], "maxAge": 86400}, "earningsHistory": {"history": [{"maxAge": 1, "epsActual": {}, "epsEstimate": {}, "epsDifference": {}, "surprisePercent": {}, "quarter": {}, "period": "-4q"}, {"maxAge": 1, "epsActual": {}, "epsEstimate": {}, "epsDifference": {}, "surprisePercent": {}, "quarter": {}, "period": "-3q"}, {"maxAge": 1, "epsActual": {}, "epsEstimate": {}, "epsDifference": {}, "surprisePercent": {}, "quarter": {}, "period": "-2q"}, {"maxAge": 1, "epsActual": {}, "epsEstimate": {}, "epsDifference": {}, "surprisePercent": {}, "quarter": {}, "period": "-1q"}], "maxAge": 86400}, "indexTrend": {"maxAge": 1, "symbol": "SP5", "peRatio": 19.7411, "pegRatio": 1.34172, "estimates": [{"period": "0q", "growth": 0.549}, {"period": "+1q", "growth": 0.431}, {"period": "0y", "growth": 0.305}, {"period": "+1y", "growth": 0.109}, {"period": "+5y", "growth": 0.120865}, {"period": "-5y"}]}, "industryTrend": {"maxAge": 1, "symbol": null, "estimates": []}, "insiderTransactions": {"transactions": [{"maxAge": 1, "shares": 422000, "value": 527584, "filerUrl": "", "transactionText": "Acquisition at price 1.25 per share.", "filerName": "Potluri Laboratories Pvt. Ltd.", "filerRelation": "Institution- Corporation", "moneyText": "", "startDate": "2020-08-17", "ownership": "D"}, {"maxAge": 1, "shares": 422000, "value": 527584, "filerUrl": "", "transactionText": "Sale at price 1.25 per share.", "filerName": "Potluri (Ramesh Babu)", "filerRelation": "Director", "moneyText": "", "startDate": "2020-08-17", "ownership": "D"}, {"maxAge": 1, "shares": 1025000, "filerUrl": "", "transactionText": "", "filerName": "Talluri (Annapurna)", "filerRelation": "Promoter", "moneyText": "", "startDate": "2020-03-06", "ownership": "D"}, {"maxAge": 1, "shares": 2760000, "filerUrl": "", "transactionText": "", "filerName": "Murthy (T V V S N)", "filerRelation": "Executive Vice Chairman", "moneyText": "", "startDate": "2020-03-06", "ownership": "D"}, {"maxAge": 1, "shares": 2760000, "filerUrl": "", "transactionText": "", "filerName": "Potluri (Vamsi Krishna)", "filerRelation": "Promoter", "moneyText": "", "startDate": "2020-03-06", "ownership": "D"}, {"maxAge": 1, "shares": 1025000, "filerUrl": "", "transactionText": "", "filerName": "Potluri (Hima Bindu)", "filerRelation": "Promoter", "moneyText": "", "startDate": "2020-03-06", "ownership": "D"}, {"maxAge": 1, "shares": 20000, "filerUrl": "", "transactionText": "", "filerName": "Koneru (Sukumari)", "filerRelation": "UNREPORTED", "moneyText": "", "startDate": "2019-09-11", "ownership": "D"}, {"maxAge": 1, "shares": 20000, "filerUrl": "", "transactionText": "", "filerName": "Potluri (Vamsi Krishna)", "filerRelation": "Promoter", "moneyText": "", "startDate": "2019-09-11", "ownership": "D"}, {"maxAge": 1, "shares": 110000, "filerUrl": "", "transactionText": "", "filerName": "Potluri Infra Projects Pvt. Ltd.", "filerRelation": "Promoter", "moneyText": "", "startDate": "2017-06-19", "ownership": "D"}, {"maxAge": 1, "shares": 231678, "filerUrl": "", "transactionText": "", "filerName": "Potluri Laboratories Pvt. Ltd.", "filerRelation": "Promoter", "moneyText": "", "startDate": "2017-06-19", "ownership": "D"}, {"maxAge": 1, "shares": 3150000, "filerUrl": "", "transactionText": "", "filerName": "Potluri (Ramesh Babu)", "filerRelation": "Executive Chairman", "moneyText": "", "startDate": "2016-09-30", "ownership": "D"}, {"maxAge": 1, "shares": 6454, "filerUrl": "", "transactionText": "", "filerName": "Potluru (Seeta Rama Bhahmam)", "filerRelation": "UNREPORTED", "moneyText": "", "startDate": "2016-02-12", "ownership": "D"}, {"maxAge": 1, "shares": 25150, "filerUrl": "", "transactionText": "", "filerName": "Potluru (Seeta Rama Bhahmam)", "filerRelation": "UNREPORTED", "moneyText": "", "startDate": "2016-02-05", "ownership": "D"}, {"maxAge": 1, "shares": 93000, "filerUrl": "", "transactionText": "", "filerName": "Potluri Laboratories Pvt. Ltd.", "filerRelation": "Promoter", "moneyText": "", "startDate": "2015-12-02", "ownership": "D"}], "maxAge": 1}, "quoteType": {"exchange": "BSE", "quoteType": "EQUITY", "symbol": "SMSPHARMA.BO", "underlyingSymbol": "SMSPHARMA.BO", "shortName": "SMS PHARMACEUTICALS LTD.", "longName": "SMS Pharmaceuticals Limited", "firstTradeDateEpochUtc": "2007-02-28 09:15:00", "timeZoneFullName": "Asia/Kolkata", "timeZoneShortName": "IST", "uuid": "977dc5e9-370b-3b47-bd36-ef3b879a857e", "gmtOffSetMilliseconds": 19800000, "maxAge": 1}, "incomeStatementHistory": {"incomeStatementHistory": [{"maxAge": 1, "endDate": "2020-03-31", "totalRevenue": 4145506000, "costOfRevenue": 2804456000, "grossProfit": 1341050000, "researchDevelopment": {}, "sellingGeneralAdministrative": 410149000, "nonRecurring": {}, "otherOperatingExpenses": 100490000, "totalOperatingExpenses": 3535759000, "operatingIncome": 609747000, "totalOtherIncomeExpenseNet": -113339000, "ebit": 609747000, "interestExpense": -111930000, "incomeBeforeTax": 496408000, "incomeTaxExpense": 180671000, "minorityInterest": {}, "netIncomeFromContinuingOps": 315737000, "discontinuedOperations": {}, "extraordinaryItems": {}, "effectOfAccountingCharges": {}, "otherItems": {}, "netIncome": 315737000, "netIncomeApplicableToCommonShares": 315737000}, {"maxAge": 1, "endDate": "2019-03-31", "totalRevenue": 4667466000, "costOfRevenue": 3278521000, "grossProfit": 1388945000, "researchDevelopment": {}, "sellingGeneralAdministrative": 372491000, "nonRecurring": {}, "otherOperatingExpenses": 94180000, "totalOperatingExpenses": 3937921000, "operatingIncome": 729545000, "totalOtherIncomeExpenseNet": -120053000, "ebit": 729545000, "interestExpense": -114197000, "incomeBeforeTax": 609492000, "incomeTaxExpense": 209008000, "minorityInterest": {}, "netIncomeFromContinuingOps": 400484000, "discontinuedOperations": {}, "extraordinaryItems": {}, "effectOfAccountingCharges": {}, "otherItems": {}, "netIncome": 400484000, "netIncomeApplicableToCommonShares": 400484000}, {"maxAge": 1, "endDate": "2018-03-31", "totalRevenue": 4639102000, "costOfRevenue": 3246823000, "grossProfit": 1392279000, "researchDevelopment": {}, "sellingGeneralAdministrative": 342599000, "nonRecurring": {}, "otherOperatingExpenses": 103077000, "totalOperatingExpenses": 3891497000, "operatingIncome": 747605000, "totalOtherIncomeExpenseNet": -231169000, "ebit": 747605000, "interestExpense": -147700000, "incomeBeforeTax": 516436000, "incomeTaxExpense": 198939000, "minorityInterest": {}, "netIncomeFromContinuingOps": 317497000, "discontinuedOperations": {}, "extraordinaryItems": {}, "effectOfAccountingCharges": {}, "otherItems": {}, "netIncome": 317497000, "netIncomeApplicableToCommonShares": 317497000}, {"maxAge": 1, "endDate": "2017-03-31", "totalRevenue": 4388351000, "costOfRevenue": 3245793000, "grossProfit": 1142558000, "researchDevelopment": {}, "sellingGeneralAdministrative": 287638000, "nonRecurring": {}, "otherOperatingExpenses": 96167000, "totalOperatingExpenses": 3821667000, "operatingIncome": 566684000, "totalOtherIncomeExpenseNet": -222165000, "ebit": 566684000, "interestExpense": -152344000, "incomeBeforeTax": 344519000, "incomeTaxExpense": 59655000, "minorityInterest": {}, "netIncomeFromContinuingOps": 284864000, "discontinuedOperations": {}, "extraordinaryItems": {}, "effectOfAccountingCharges": {}, "otherItems": {}, "netIncome": 284864000, "netIncomeApplicableToCommonShares": 284864000}], "maxAge": 86400}, "fundOwnership": {"ownershipList": [], "maxAge": 1}, "summaryDetail": {"maxAge": 1, "priceHint": 2, "previousClose": 151.4, "open": 153.9, "dayLow": 148.4, "dayHigh": 153.9, "regularMarketPreviousClose": 151.4, "regularMarketOpen": 153.9, "regularMarketDayLow": 148.4, "regularMarketDayHigh": 153.9, "trailingPE": 41.332417, "forwardPE": 21.74133, "volume": 29126, "regularMarketVolume": 29126, "averageVolume": 29614, "averageVolume10days": 9503, "averageDailyVolume10Day": 9503, "bid": 149.5, "ask": 150.05, "bidSize": 0, "askSize": 0, "marketCap": 12735893504, "fiftyTwoWeekLow": 23.55, "fiftyTwoWeekHigh": 153.9, "fiftyDayAverage": 114.778786, "twoHundredDayAverage": 93.94338, "trailingAnnualDividendRate": 0.25, "trailingAnnualDividendYield": 0.0016512551, "currency": "INR", "fromCurrency": null, "lastMarket": null, "algorithm": null, "tradeable": false}, "sectorTrend": {"maxAge": 1, "symbol": null, "estimates": []}, "incomeStatementHistoryQuarterly": {"incomeStatementHistory": [{"maxAge": 1, "endDate": "2020-06-30", "totalRevenue": 1137073000, "costOfRevenue": 800235000, "grossProfit": 336838000, "researchDevelopment": {}, "sellingGeneralAdministrative": 88831000, "nonRecurring": {}, "otherOperatingExpenses": 25463000, "totalOperatingExpenses": 969471000, "operatingIncome": 167602000, "totalOtherIncomeExpenseNet": -51263000, "ebit": 167602000, "interestExpense": -29496000, "incomeBeforeTax": 116339000, "incomeTaxExpense": 46068000, "minorityInterest": {}, "netIncomeFromContinuingOps": 70271000, "discontinuedOperations": {}, "extraordinaryItems": {}, "effectOfAccountingCharges": {}, "otherItems": {}, "netIncome": 70271000, "netIncomeApplicableToCommonShares": 70271000}, {"maxAge": 1, "endDate": "2020-03-31", "totalRevenue": 970448000, "costOfRevenue": 680839000, "grossProfit": 289609000, "researchDevelopment": {}, "sellingGeneralAdministrative": 117398000, "nonRecurring": {}, "otherOperatingExpenses": 17063000, "totalOperatingExpenses": 875333000, "operatingIncome": 95115000, "totalOtherIncomeExpenseNet": -7359000, "ebit": 95115000, "interestExpense": -18550000, "incomeBeforeTax": 87756000, "incomeTaxExpense": 23831000, "minorityInterest": {}, "netIncomeFromContinuingOps": 63925000, "discontinuedOperations": {}, "extraordinaryItems": {}, "effectOfAccountingCharges": {}, "otherItems": {}, "netIncome": 63925000, "netIncomeApplicableToCommonShares": 63925000}, {"maxAge": 1, "endDate": "2019-12-31", "totalRevenue": 812405000, "costOfRevenue": 478247000, "grossProfit": 334158000, "researchDevelopment": {}, "sellingGeneralAdministrative": 98696000, "nonRecurring": {}, "otherOperatingExpenses": 27418000, "totalOperatingExpenses": 658118000, "operatingIncome": 154287000, "totalOtherIncomeExpenseNet": -28129000, "ebit": 154287000, "interestExpense": -29300000, "incomeBeforeTax": 126158000, "incomeTaxExpense": 49984000, "minorityInterest": {}, "netIncomeFromContinuingOps": 76174000, "discontinuedOperations": {}, "extraordinaryItems": {}, "effectOfAccountingCharges": {}, "otherItems": {}, "netIncome": 76174000, "netIncomeApplicableToCommonShares": 76174000}, {"maxAge": 1, "endDate": "2019-09-30", "totalRevenue": 1184768000, "costOfRevenue": 832132000, "grossProfit": 352636000, "researchDevelopment": {}, "sellingGeneralAdministrative": 96089000, "nonRecurring": {}, "otherOperatingExpenses": 28556000, "totalOperatingExpenses": 1010627000, "operatingIncome": 174141000, "totalOtherIncomeExpenseNet": -26567000, "ebit": 174141000, "interestExpense": -29928000, "incomeBeforeTax": 147574000, "incomeTaxExpense": 48731000, "minorityInterest": {}, "netIncomeFromContinuingOps": 98843000, "discontinuedOperations": {}, "extraordinaryItems": {}, "effectOfAccountingCharges": {}, "otherItems": {}, "netIncome": 98843000, "netIncomeApplicableToCommonShares": 98843000}], "maxAge": 86400}, "cashflowStatementHistoryQuarterly": {"cashflowStatements": [{"maxAge": 1, "endDate": "2020-06-30", "netIncome": 70271000, "changeToLiabilities": 0}, {"maxAge": 1, "endDate": "2020-03-31", "netIncome": 63925000, "changeToLiabilities": 0}, {"maxAge": 1, "endDate": "2019-12-31", "netIncome": 76174000, "changeToLiabilities": 0}, {"maxAge": 1, "endDate": "2019-09-30", "netIncome": 98843000, "changeToLiabilities": 0}], "maxAge": 86400}, "insiderHolders": {"holders": [{"maxAge": 1, "name": "Koneru (Sukumari)", "relation": "UNREPORTED", "url": "", "transactionDescription": "Gift", "latestTransDate": "2019-09-11", "positionDirect": 20000, "positionDirectDate": "2019-09-11"}, {"maxAge": 1, "name": "Murthy (T V V S N)", "relation": "Executive Vice Chairman", "url": "", "transactionDescription": "Sale", "latestTransDate": "2020-03-06", "positionDirect": 5467000, "positionDirectDate": "2020-03-06"}, {"maxAge": 1, "name": "Potluri (Hima Bindu)", "relation": "Promoter", "url": "", "transactionDescription": "Acquisition", "latestTransDate": "2020-03-06", "positionDirect": 13398360, "positionDirectDate": "2020-03-06"}, {"maxAge": 1, "name": "Potluri (Ramesh Babu)", "relation": "Director", "url": "", "transactionDescription": "Sale", "latestTransDate": "2020-08-17", "positionDirect": 14084960, "positionDirectDate": "2020-08-17"}, {"maxAge": 1, "name": "Potluri (Vamsi Krishna)", "relation": "Promoter", "url": "", "transactionDescription": "Acquisition", "latestTransDate": "2020-03-06", "positionDirect": 4810590, "positionDirectDate": "2020-03-06"}, {"maxAge": 1, "name": "Potluri Infra Projects Pvt. Ltd.", "relation": "Promoter", "url": "", "transactionDescription": "Acquisition", "latestTransDate": "2017-06-19", "positionDirect": 5970000, "positionDirectDate": "2017-06-19"}, {"maxAge": 1, "name": "Potluri Laboratories Pvt. Ltd.", "relation": "Institution- Corporation", "url": "", "transactionDescription": "Acquisition", "latestTransDate": "2020-08-17", "positionDirect": 654420, "positionDirectDate": "2020-08-17"}, {"maxAge": 1, "name": "Potluru (Seeta Rama Bhahmam)", "relation": "UNREPORTED", "url": "", "transactionDescription": "Acquisition", "latestTransDate": "2016-02-12", "positionDirect": 97115, "positionDirectDate": "2016-02-12"}, {"maxAge": 1, "name": "Talluri (Annapurna)", "relation": "Promoter", "url": "", "transactionDescription": "Sale", "latestTransDate": "2020-03-06", "positionDirect": 3365340, "positionDirectDate": "2020-03-06"}], "maxAge": 1}, "earnings": {"maxAge": 86400, "earningsChart": {"quarterly": [], "earningsDate": []}, "financialsChart": {"yearly": [{"date": 2017, "revenue": 4388351000, "earnings": 284864000}, {"date": 2018, "revenue": 4639102000, "earnings": 317497000}, {"date": 2019, "revenue": 4667466000, "earnings": 400484000}, {"date": 2020, "revenue": 4145506000, "earnings": 315737000}], "quarterly": [{"date": "3Q2019", "revenue": 1184768000, "earnings": 98843000}, {"date": "4Q2019", "revenue": 812405000, "earnings": 76174000}, {"date": "1Q2020", "revenue": 970448000, "earnings": 63925000}, {"date": "2Q2020", "revenue": 1137073000, "earnings": 70271000}]}, "financialCurrency": "INR"}, "calendarEvents": {"maxAge": 1, "earnings": {"earningsDate": [], "revenueLow": 1988410000, "revenueHigh": 1988410000}}, "upgradeDowngradeHistory": {"history": [], "maxAge": 86400}, "price": {"maxAge": 1, "regularMarketChangePercent": -0.006274749, "regularMarketChange": -0.94999695, "regularMarketTime": "2021-04-30 15:29:32", "priceHint": 2, "regularMarketPrice": 150.45, "regularMarketDayHigh": 153.9, "regularMarketDayLow": 148.4, "regularMarketVolume": 29126, "averageDailyVolume10Day": 9503, "averageDailyVolume3Month": 29614, "regularMarketPreviousClose": 151.4, "regularMarketSource": "FREE_REALTIME", "regularMarketOpen": 153.9, "exchange": "BSE", "exchangeName": "BSE", "exchangeDataDelayedBy": 0, "marketState": "CLOSED", "quoteType": "EQUITY", "symbol": "SMSPHARMA.BO", "underlyingSymbol": null, "shortName": "SMS PHARMACEUTICALS LTD.", "longName": "SMS Pharmaceuticals Limited", "currency": "INR", "quoteSourceName": "Delayed Quote", "currencySymbol": "\u20b9", "fromCurrency": null, "lastMarket": null, "marketCap": 12735893504}, "balanceSheetHistory": {"balanceSheetStatements": [{"maxAge": 1, "endDate": "2020-03-31", "cash": 95442000, "netReceivables": 678570000, "inventory": 1292002000, "otherCurrentAssets": 103105000, "totalCurrentAssets": 2187809000, "longTermInvestments": 258104000, "propertyPlantEquipment": 3217760000, "intangibleAssets": 8326000, "otherAssets": 407147000, "totalAssets": 6079146000, "accountsPayable": 395506000, "shortLongTermDebt": 229150000, "otherCurrentLiab": 141371000, "longTermDebt": 682210000, "otherLiab": 414705000, "totalCurrentLiabilities": 1452076000, "totalLiab": 2596790000, "commonStock": 84652000, "retainedEarnings": 2684020000, "treasuryStock": 15500000, "capitalSurplus": 698184000, "otherStockholderEquity": 15500000, "totalStockholderEquity": 3482356000, "netTangibleAssets": 3474030000}, {"maxAge": 1, "endDate": "2019-03-31", "cash": 147977000, "netReceivables": 517059000, "inventory": 1363998000, "otherCurrentAssets": 36406000, "totalCurrentAssets": 2075903000, "longTermInvestments": 269925000, "propertyPlantEquipment": 2984092000, "intangibleAssets": 11488000, "otherAssets": 246735000, "totalAssets": 5588143000, "accountsPayable": 421742000, "shortLongTermDebt": 107500000, "otherCurrentLiab": 108151000, "longTermDebt": 622105000, "otherLiab": 321368000, "totalCurrentLiabilities": 1425496000, "totalLiab": 2368969000, "commonStock": 84652000, "retainedEarnings": 2420838000, "treasuryStock": 15500000, "capitalSurplus": 698184000, "otherStockholderEquity": 15500000, "totalStockholderEquity": 3219174000, "netTangibleAssets": 3207686000}, {"maxAge": 1, "endDate": "2018-03-31", "cash": 126308000, "netReceivables": 455939000, "inventory": 1074753000, "otherCurrentAssets": 21401000, "totalCurrentAssets": 1684870000, "longTermInvestments": 283818000, "propertyPlantEquipment": 2870955000, "intangibleAssets": 3627000, "otherAssets": 181992000, "totalAssets": 5025262000, "accountsPayable": 326919000, "shortLongTermDebt": 163346000, "otherCurrentLiab": 53228000, "longTermDebt": 713982000, "otherLiab": 251819000, "totalCurrentLiabilities": 1214574000, "totalLiab": 2180375000, "commonStock": 84652000, "retainedEarnings": 2046551000, "treasuryStock": 15500000, "capitalSurplus": 698184000, "otherStockholderEquity": 15500000, "totalStockholderEquity": 2844887000, "netTangibleAssets": 2841260000}, {"maxAge": 1, "endDate": "2017-03-31", "cash": 122853000, "netReceivables": 493807000, "inventory": 925193000, "otherCurrentAssets": 27568000, "totalCurrentAssets": 1573563000, "longTermInvestments": 290970000, "propertyPlantEquipment": 2977983000, "intangibleAssets": 4160000, "otherAssets": 84847000, "totalAssets": 4931523000, "accountsPayable": 615681000, "shortLongTermDebt": 145000000, "otherCurrentLiab": 23273000, "longTermDebt": 742154000, "otherLiab": 171968000, "totalCurrentLiabilities": 1469956000, "totalLiab": 2384078000, "commonStock": 84652000, "retainedEarnings": 1749109000, "treasuryStock": 15500000, "capitalSurplus": 698184000, "otherStockholderEquity": 15500000, "totalStockholderEquity": 2547445000, "netTangibleAssets": 2543285000}], "maxAge": 86400}, "earningsTrend": {"trend": [{"maxAge": 1, "period": "0q", "endDate": "2017-03-31", "growth": {}, "earningsEstimate": {"avg": 0.0, "low": 0.0, "high": 0.0, "yearAgoEps": {}, "numberOfAnalysts": 0, "growth": {}}, "revenueEstimate": {"avg": 0, "low": 1988410000, "high": 1988410000, "numberOfAnalysts": 1, "yearAgoRevenue": {}, "growth": {}}, "epsTrend": {"current": 0.0, "7daysAgo": 1.69, "30daysAgo": 1.69, "60daysAgo": 1.69, "90daysAgo": 1.69}, "epsRevisions": {"upLast7days": 0, "upLast30days": 0, "downLast30days": 0, "downLast90days": {}}}, {"maxAge": 1, "period": "+1q", "endDate": "2017-06-30", "growth": {}, "earningsEstimate": {"avg": 0.0, "low": 0.0, "high": 0.0, "yearAgoEps": {}, "numberOfAnalysts": 0, "growth": {}}, "revenueEstimate": {"avg": 0, "low": 0, "high": 0, "numberOfAnalysts": 0, "yearAgoRevenue": {}, "growth": {}}, "epsTrend": {"current": 0.0, "7daysAgo": 0.0, "30daysAgo": 0.0, "60daysAgo": 0.0, "90daysAgo": 0.0}, "epsRevisions": {"upLast7days": 0, "upLast30days": 0, "downLast30days": 0, "downLast90days": {}}}, {"maxAge": 1, "period": "0y", "endDate": "2017-03-31", "growth": {}, "earningsEstimate": {"avg": 0.0, "low": 0.0, "high": 0.0, "yearAgoEps": {}, "numberOfAnalysts": 0, "growth": {}}, "revenueEstimate": {"avg": 6126040000, "low": 7038940000, "high": 7038940000, "numberOfAnalysts": 1, "yearAgoRevenue": {}, "growth": {}}, "epsTrend": {"current": 0.0, "7daysAgo": 5.65, "30daysAgo": 5.65, "60daysAgo": 5.65, "90daysAgo": 5.65}, "epsRevisions": {"upLast7days": 0, "upLast30days": 0, "downLast30days": 0, "downLast90days": {}}}, {"maxAge": 1, "period": "+1y", "endDate": "2018-03-31", "growth": {}, "earningsEstimate": {"avg": 0.0, "low": 0.0, "high": 0.0, "yearAgoEps": {}, "numberOfAnalysts": 0, "growth": {}}, "revenueEstimate": {"avg": 4672510000, "low": 6031930000, "high": 6031930000, "numberOfAnalysts": 1, "yearAgoRevenue": 6126040000, "growth": -0.237}, "epsTrend": {"current": 0.0, "7daysAgo": 4.92, "30daysAgo": 4.92, "60daysAgo": 4.92, "90daysAgo": 4.92}, "epsRevisions": {"upLast7days": 0, "upLast30days": 0, "downLast30days": 0, "downLast90days": {}}}, {"maxAge": 1, "period": "+5y", "endDate": null, "growth": {}, "earningsEstimate": {"avg": {}, "low": {}, "high": {}, "yearAgoEps": {}, "numberOfAnalysts": {}, "growth": {}}, "revenueEstimate": {"avg": {}, "low": {}, "high": {}, "numberOfAnalysts": {}, "yearAgoRevenue": {}, "growth": {}}, "epsTrend": {"current": {}, "7daysAgo": {}, "30daysAgo": {}, "60daysAgo": {}, "90daysAgo": {}}, "epsRevisions": {"upLast7days": {}, "upLast30days": {}, "downLast30days": {}, "downLast90days": {}}}, {"maxAge": 1, "period": "-5y", "endDate": null, "growth": {}, "earningsEstimate": {"avg": {}, "low": {}, "high": {}, "yearAgoEps": {}, "numberOfAnalysts": {}, "growth": {}}, "revenueEstimate": {"avg": {}, "low": {}, "high": {}, "numberOfAnalysts": {}, "yearAgoRevenue": {}, "growth": {}}, "epsTrend": {"current": {}, "7daysAgo": {}, "30daysAgo": {}, "60daysAgo": {}, "90daysAgo": {}}, "epsRevisions": {"upLast7days": {}, "upLast30days": {}, "downLast30days": {}, "downLast90days": {}}}], "maxAge": 1}, "financialData": {"maxAge": 86400, "currentPrice": 150.45, "recommendationKey": "none", "grossProfits": 1341050000, "financialCurrency": "INR"}}}