{"SNL.BO": {"recommendationTrend": {"trend": [{"period": "0m", "strongBuy": 0, "buy": 0, "hold": 0, "sell": 0, "strongSell": 0}, {"period": "-1m", "strongBuy": 0, "buy": 0, "hold": 0, "sell": 0, "strongSell": 0}, {"period": "-2m", "strongBuy": 0, "buy": 0, "hold": 0, "sell": 0, "strongSell": 0}, {"period": "-3m", "strongBuy": 0, "buy": 0, "hold": 0, "sell": 0, "strongSell": 0}], "maxAge": 86400}, "cashflowStatementHistory": {"cashflowStatements": [{"maxAge": 1, "endDate": "2020-03-31", "netIncome": 41661000, "depreciation": 9550000, "changeToNetincome": -7515000, "changeToAccountReceivables": -3072000, "changeToLiabilities": -6859000, "changeToInventory": 47838000, "changeToOperatingActivities": -5910000, "totalCashFromOperatingActivities": 76194000, "capitalExpenditures": -34863000, "investments": -11931000, "otherCashflowsFromInvestingActivities": 992000, "totalCashflowsFromInvestingActivities": -45577000, "dividendsPaid": -28892000, "netBorrowings": 28920000, "otherCashflowsFromFinancingActivities": -5950000, "totalCashFromFinancingActivities": -5922000, "changeInCash": 24695000}, {"maxAge": 1, "endDate": "2019-03-31", "netIncome": 81436000, "depreciation": 8567000, "changeToNetincome": -7548000, "changeToAccountReceivables": 8974000, "changeToLiabilities": -8817000, "changeToInventory": -67226000, "changeToOperatingActivities": 6751000, "totalCashFromOperatingActivities": 22798000, "capitalExpenditures": -25895000, "investments": 23450000, "otherCashflowsFromInvestingActivities": 1125000, "totalCashflowsFromInvestingActivities": -1026000, "dividendsPaid": -18058000, "netBorrowings": 853000, "otherCashflowsFromFinancingActivities": -3766000, "totalCashFromFinancingActivities": -20971000, "changeInCash": 801000}, {"maxAge": 1, "endDate": "2018-03-31", "netIncome": 82202000, "depreciation": 7302000, "changeToNetincome": -2954000, "changeToAccountReceivables": -4184000, "changeToLiabilities": 9468000, "changeToInventory": 10595000, "changeToOperatingActivities": -5692000, "totalCashFromOperatingActivities": 97347000, "capitalExpenditures": -6430000, "investments": -84661000, "otherCashflowsFromInvestingActivities": 685000, "totalCashflowsFromInvestingActivities": -90406000, "dividendsPaid": -18058000, "netBorrowings": -6992000, "otherCashflowsFromFinancingActivities": -83000, "totalCashFromFinancingActivities": -7075000, "changeInCash": -134000}, {"maxAge": 1, "endDate": "2017-03-31", "netIncome": 66160000, "depreciation": 6817000, "changeToNetincome": 3677000, "changeToAccountReceivables": -4158000, "changeToLiabilities": -10415000, "changeToInventory": -10333000, "changeToOperatingActivities": 12341000, "totalCashFromOperatingActivities": 64349000, "capitalExpenditures": -12624000, "investments": -10673000, "otherCashflowsFromInvestingActivities": 745000, "totalCashflowsFromInvestingActivities": -22517000, "dividendsPaid": -27626000, "netBorrowings": -11192000, "otherCashflowsFromFinancingActivities": -6986000, "totalCashFromFinancingActivities": -48304000, "changeInCash": -6472000}], "maxAge": 86400}, "institutionOwnership": {"maxAge": 1, "ownershipList": []}, "balanceSheetHistoryQuarterly": {"balanceSheetStatements": [{"maxAge": 1, "endDate": "2020-06-30", "totalStockholderEquity": 347400000, "netTangibleAssets": 347200000}, {"maxAge": 1, "endDate": "2020-03-31", "cash": 25443000, "netReceivables": 65490000, "inventory": 80403000, "otherCurrentAssets": 7946000, "totalCurrentAssets": 278447000, "propertyPlantEquipment": 133531000, "intangibleAssets": 225000, "otherAssets": 5576000, "totalAssets": 417779000, "accountsPayable": 10637000, "otherCurrentLiab": 2495000, "otherLiab": 12375000, "totalCurrentLiabilities": 57190000, "totalLiab": 70379000, "commonStock": 36115000, "retainedEarnings": 211285000, "treasuryStock": 100000000, "otherStockholderEquity": 100000000, "totalStockholderEquity": 347400000, "netTangibleAssets": 347175000}, {"maxAge": 1, "endDate": "2019-12-31", "totalStockholderEquity": 347800000, "netTangibleAssets": 347400000}, {"maxAge": 1, "endDate": "2019-09-30", "cash": 2700000, "shortTermInvestments": 73800000, "netReceivables": 57500000, "inventory": 112700000, "otherCurrentAssets": 7600000, "totalCurrentAssets": 254300000, "propertyPlantEquipment": 109100000, "intangibleAssets": 400000, "otherAssets": 28400000, "totalAssets": 392200000, "accountsPayable": 13200000, "otherCurrentLiab": 14700000, "otherLiab": 11100000, "totalCurrentLiabilities": 33300000, "totalLiab": 44400000, "commonStock": 36100000, "treasuryStock": 311700000, "otherStockholderEquity": 311700000, "totalStockholderEquity": 347800000, "netTangibleAssets": 347400000}], "maxAge": 86400}, "earningsHistory": {"history": [{"maxAge": 1, "epsActual": {}, "epsEstimate": {}, "epsDifference": {}, "surprisePercent": {}, "quarter": {}, "period": "-4q"}, {"maxAge": 1, "epsActual": {}, "epsEstimate": {}, "epsDifference": {}, "surprisePercent": {}, "quarter": {}, "period": "-3q"}, {"maxAge": 1, "epsActual": {}, "epsEstimate": {}, "epsDifference": {}, "surprisePercent": {}, "quarter": {}, "period": "-2q"}, {"maxAge": 1, "epsActual": {}, "epsEstimate": {}, "epsDifference": {}, "surprisePercent": {}, "quarter": {}, "period": "-1q"}], "maxAge": 86400}, "indexTrend": {"maxAge": 1, "symbol": "SP5", "peRatio": 19.7411, "pegRatio": 1.34172, "estimates": [{"period": "0q", "growth": 0.549}, {"period": "+1q", "growth": 0.431}, {"period": "0y", "growth": 0.305}, {"period": "+1y", "growth": 0.109}, {"period": "+5y", "growth": 0.120859005}, {"period": "-5y"}]}, "industryTrend": {"maxAge": 1, "symbol": null, "estimates": []}, "insiderTransactions": {"transactions": [{"maxAge": 1, "shares": 5921, "filerUrl": "", "transactionText": "", "filerName": "Zaveri (Harshbeena Sahney)", "filerRelation": "Promoter", "moneyText": "", "startDate": "2016-02-12", "ownership": "D"}, {"maxAge": 1, "shares": 2298, "filerUrl": "", "transactionText": "", "filerName": "Zaveri (Harshbeena Sahney)", "filerRelation": "Promoter", "moneyText": "", "startDate": "2016-02-12", "ownership": "D"}, {"maxAge": 1, "shares": 20545, "filerUrl": "", "transactionText": "", "filerName": "Zaveri (Harshbeena Sahney)", "filerRelation": "Chairman of the Board", "moneyText": "", "startDate": "2015-11-20", "ownership": "D"}, {"maxAge": 1, "shares": 872, "filerUrl": "", "transactionText": "", "filerName": "Zaveri (Harshbeena Sahney)", "filerRelation": "Chairman of the Board", "moneyText": "", "startDate": "2011-03-15", "ownership": "D"}, {"maxAge": 1, "shares": 24000, "filerUrl": "", "transactionText": "", "filerName": "NRB Bearings Ltd", "filerRelation": "Institution- Corporation", "moneyText": "", "startDate": "2011-02-25", "ownership": "D"}, {"maxAge": 1, "shares": 144586, "filerUrl": "", "transactionText": "", "filerName": "NRB Bearings Ltd", "filerRelation": "Institution- Corporation", "moneyText": "", "startDate": "2011-01-07", "ownership": "D"}, {"maxAge": 1, "shares": 158033, "filerUrl": "", "transactionText": "", "filerName": "Trust Investment Advisors Pvt Ltd", "filerRelation": "Institution- Corporation", "moneyText": "", "startDate": "2011-01-07", "ownership": "D"}], "maxAge": 1}, "quoteType": {"exchange": "BSE", "quoteType": "EQUITY", "symbol": "SNL.BO", "underlyingSymbol": "SNL.BO", "shortName": "SNL BEARINGS LTD.", "longName": "SNL Bearings Limited", "firstTradeDateEpochUtc": "2000-01-27 09:15:00", "timeZoneFullName": "Asia/Kolkata", "timeZoneShortName": "IST", "uuid": "cf878bcc-e1f7-350f-bc5d-c5886c21418b", "messageBoardId": null, "gmtOffSetMilliseconds": 19800000, "maxAge": 1}, "incomeStatementHistory": {"incomeStatementHistory": [{"maxAge": 1, "endDate": "2020-03-31", "totalRevenue": 341418000, "costOfRevenue": 113071000, "grossProfit": 228347000, "researchDevelopment": {}, "sellingGeneralAdministrative": 94590000, "nonRecurring": {}, "otherOperatingExpenses": 75186000, "totalOperatingExpenses": 292898000, "operatingIncome": 48520000, "totalOtherIncomeExpenseNet": 6990000, "ebit": 48520000, "interestExpense": -166000, "incomeBeforeTax": 55510000, "incomeTaxExpense": 13849000, "minorityInterest": {}, "netIncomeFromContinuingOps": 41661000, "discontinuedOperations": {}, "extraordinaryItems": {}, "effectOfAccountingCharges": {}, "otherItems": {}, "netIncome": 41661000, "netIncomeApplicableToCommonShares": 41661000}, {"maxAge": 1, "endDate": "2019-03-31", "totalRevenue": 406417000, "costOfRevenue": 112572000, "grossProfit": 293845000, "researchDevelopment": {}, "sellingGeneralAdministrative": 87554000, "nonRecurring": {}, "otherOperatingExpenses": 94503000, "totalOperatingExpenses": 303857000, "operatingIncome": 102560000, "totalOtherIncomeExpenseNet": 11504000, "ebit": 102560000, "interestExpense": -54000, "incomeBeforeTax": 114064000, "incomeTaxExpense": 32628000, "minorityInterest": {}, "netIncomeFromContinuingOps": 81436000, "discontinuedOperations": {}, "extraordinaryItems": {}, "effectOfAccountingCharges": {}, "otherItems": {}, "netIncome": 81436000, "netIncomeApplicableToCommonShares": 81436000}, {"maxAge": 1, "endDate": "2018-03-31", "totalRevenue": 383145000, "costOfRevenue": 111807000, "grossProfit": 271338000, "researchDevelopment": {}, "sellingGeneralAdministrative": 75366000, "nonRecurring": {}, "otherOperatingExpenses": 77289000, "totalOperatingExpenses": 272374000, "operatingIncome": 110771000, "totalOtherIncomeExpenseNet": 2933000, "ebit": 110771000, "interestExpense": -83000, "incomeBeforeTax": 113704000, "incomeTaxExpense": 31502000, "minorityInterest": {}, "netIncomeFromContinuingOps": 82202000, "discontinuedOperations": {}, "extraordinaryItems": {}, "effectOfAccountingCharges": {}, "otherItems": {}, "netIncome": 82202000, "netIncomeApplicableToCommonShares": 82202000}, {"maxAge": 1, "endDate": "2017-03-31", "totalRevenue": 334826000, "costOfRevenue": 88476000, "grossProfit": 246350000, "researchDevelopment": {}, "sellingGeneralAdministrative": 69671000, "nonRecurring": {}, "otherOperatingExpenses": 69220000, "totalOperatingExpenses": 234444000, "operatingIncome": 100382000, "totalOtherIncomeExpenseNet": -780000, "ebit": 100382000, "interestExpense": -1365000, "incomeBeforeTax": 99602000, "incomeTaxExpense": 33442000, "minorityInterest": {}, "netIncomeFromContinuingOps": 66160000, "discontinuedOperations": {}, "extraordinaryItems": {}, "effectOfAccountingCharges": {}, "otherItems": {}, "netIncome": 66160000, "netIncomeApplicableToCommonShares": 66160000}], "maxAge": 86400}, "fundOwnership": {"maxAge": 1, "ownershipList": []}, "summaryDetail": {"maxAge": 1, "priceHint": 2, "previousClose": 192.5, "open": 191.05, "dayLow": 191.05, "dayHigh": 197.85, "regularMarketPreviousClose": 192.5, "regularMarketOpen": 191.05, "regularMarketDayLow": 191.05, "regularMarketDayHigh": 197.85, "trailingPE": 35.17235, "forwardPE": 8.443521, "volume": 300, "regularMarketVolume": 300, "averageVolume": 1850, "averageVolume10days": 2040, "averageDailyVolume10Day": 2040, "bid": 192.3, "ask": 197.7, "bidSize": 0, "askSize": 0, "marketCap": 696485504, "fiftyTwoWeekLow": 65.25, "fiftyTwoWeekHigh": 269.9, "fiftyDayAverage": 186.76286, "twoHundredDayAverage": 145.82043, "trailingAnnualDividendRate": 5.0, "trailingAnnualDividendYield": 0.025974026, "currency": "INR", "fromCurrency": null, "toCurrency": null, "lastMarket": null, "algorithm": null, "tradeable": false}, "sectorTrend": {"maxAge": 1, "symbol": null, "estimates": []}, "incomeStatementHistoryQuarterly": {"incomeStatementHistory": [{"maxAge": 1, "endDate": "2020-06-30", "totalRevenue": 28300000, "costOfRevenue": 8800000, "grossProfit": 19500000, "researchDevelopment": {}, "sellingGeneralAdministrative": 19400000, "nonRecurring": {}, "otherOperatingExpenses": 9700000, "totalOperatingExpenses": 39800000, "operatingIncome": -11500000, "totalOtherIncomeExpenseNet": 2300000, "ebit": -11500000, "interestExpense": -700000, "incomeBeforeTax": -9200000, "incomeTaxExpense": -2200000, "minorityInterest": {}, "netIncomeFromContinuingOps": -7000000, "discontinuedOperations": {}, "extraordinaryItems": {}, "effectOfAccountingCharges": {}, "otherItems": {}, "netIncome": -7000000, "netIncomeApplicableToCommonShares": -7000000}, {"maxAge": 1, "endDate": "2020-03-31", "totalRevenue": 85018000, "costOfRevenue": 36271000, "grossProfit": 48747000, "researchDevelopment": {}, "sellingGeneralAdministrative": 22790000, "nonRecurring": {}, "otherOperatingExpenses": 11286000, "totalOperatingExpenses": 72798000, "operatingIncome": 12220000, "totalOtherIncomeExpenseNet": 1490000, "ebit": 12220000, "interestExpense": -66000, "incomeBeforeTax": 13710000, "incomeTaxExpense": 4549000, "minorityInterest": {}, "netIncomeFromContinuingOps": 9161000, "discontinuedOperations": {}, "extraordinaryItems": {}, "effectOfAccountingCharges": {}, "otherItems": {}, "netIncome": 9161000, "netIncomeApplicableToCommonShares": 9161000}, {"maxAge": 1, "endDate": "2019-12-31", "totalRevenue": 72400000, "costOfRevenue": 23200000, "grossProfit": 49200000, "researchDevelopment": {}, "sellingGeneralAdministrative": 23500000, "nonRecurring": {}, "otherOperatingExpenses": 17100000, "totalOperatingExpenses": 66300000, "operatingIncome": 6100000, "totalOtherIncomeExpenseNet": 1300000, "ebit": 6100000, "interestExpense": -100000, "incomeBeforeTax": 7400000, "incomeTaxExpense": 2400000, "minorityInterest": {}, "netIncomeFromContinuingOps": 5000000, "discontinuedOperations": {}, "extraordinaryItems": {}, "effectOfAccountingCharges": {}, "otherItems": {}, "netIncome": 5000000, "netIncomeApplicableToCommonShares": 5000000}, {"maxAge": 1, "endDate": "2019-09-30", "totalRevenue": 88900000, "costOfRevenue": 27600000, "grossProfit": 61300000, "researchDevelopment": {}, "sellingGeneralAdministrative": 24600000, "nonRecurring": {}, "otherOperatingExpenses": 23100000, "totalOperatingExpenses": 77600000, "operatingIncome": 11300000, "totalOtherIncomeExpenseNet": 2300000, "ebit": 11300000, "interestExpense": -100000, "incomeBeforeTax": 13600000, "incomeTaxExpense": 800000, "minorityInterest": {}, "netIncomeFromContinuingOps": 12800000, "discontinuedOperations": {}, "extraordinaryItems": {}, "effectOfAccountingCharges": {}, "otherItems": {}, "netIncome": 12800000, "netIncomeApplicableToCommonShares": 12800000}], "maxAge": 86400}, "cashflowStatementHistoryQuarterly": {"cashflowStatements": [{"maxAge": 1, "endDate": "2020-06-30", "netIncome": -7000000, "changeToLiabilities": 0}, {"maxAge": 1, "endDate": "2020-03-31", "netIncome": 9161000, "changeToLiabilities": 0}, {"maxAge": 1, "endDate": "2019-12-31", "netIncome": 5000000, "changeToLiabilities": 0}, {"maxAge": 1, "endDate": "2019-09-30", "netIncome": 12800000, "changeToLiabilities": 0}], "maxAge": 86400}, "insiderHolders": {"holders": [{"maxAge": 1, "name": "NRB Bearings Ltd", "relation": "Institution- Corporation", "url": "", "transactionDescription": "Acquisition", "latestTransDate": "2011-02-25", "positionDirect": 2652762, "positionDirectDate": "2011-02-25"}, {"maxAge": 1, "name": "Trust Investment Advisors Pvt Ltd", "relation": "Institution- Corporation", "url": "", "transactionDescription": "Sale", "latestTransDate": "2011-01-07", "positionDirect": 39187, "positionDirectDate": "2011-01-07"}, {"maxAge": 1, "name": "Zaveri (Harshbeena Sahney)", "relation": "Promoter", "url": "", "transactionDescription": "Acquisition", "latestTransDate": "2016-02-12", "positionDirect": 36009, "positionDirectDate": "2016-02-12"}], "maxAge": 1}, "earnings": {"maxAge": 86400, "earningsChart": {"quarterly": [], "earningsDate": ["2020-07-17 05:30:S"]}, "financialsChart": {"yearly": [{"date": 2017, "revenue": 334826000, "earnings": 66160000}, {"date": 2018, "revenue": 383145000, "earnings": 82202000}, {"date": 2019, "revenue": 406417000, "earnings": 81436000}, {"date": 2020, "revenue": 341418000, "earnings": 41661000}], "quarterly": [{"date": "3Q2019", "revenue": 88900000, "earnings": 12800000}, {"date": "4Q2019", "revenue": 72400000, "earnings": 5000000}, {"date": "1Q2020", "revenue": 85018000, "earnings": 9161000}, {"date": "2Q2020", "revenue": 28300000, "earnings": -7000000}]}, "financialCurrency": "INR"}, "calendarEvents": {"maxAge": 1, "earnings": {"earningsDate": ["2020-07-17 05:30:S"]}}, "price": {"maxAge": 1, "regularMarketChangePercent": 0.0018182135, "regularMarketChange": 0.3500061, "regularMarketTime": "2021-04-30 15:26:12", "priceHint": 2, "regularMarketPrice": 192.85, "regularMarketDayHigh": 197.85, "regularMarketDayLow": 191.05, "regularMarketVolume": 300, "averageDailyVolume10Day": 2040, "averageDailyVolume3Month": 1850, "regularMarketPreviousClose": 192.5, "regularMarketSource": "FREE_REALTIME", "regularMarketOpen": 191.05, "exchange": "BSE", "exchangeName": "BSE", "exchangeDataDelayedBy": 0, "marketState": "CLOSED", "quoteType": "EQUITY", "symbol": "SNL.BO", "underlyingSymbol": null, "shortName": "SNL BEARINGS LTD.", "longName": "SNL Bearings Limited", "currency": "INR", "quoteSourceName": "Delayed Quote", "currencySymbol": "\u20b9", "fromCurrency": null, "toCurrency": null, "lastMarket": null, "marketCap": 696485504}, "balanceSheetHistory": {"balanceSheetStatements": [{"maxAge": 1, "endDate": "2020-03-31", "cash": 25443000, "netReceivables": 65490000, "inventory": 80403000, "otherCurrentAssets": 7946000, "totalCurrentAssets": 278447000, "propertyPlantEquipment": 133531000, "intangibleAssets": 225000, "otherAssets": 5576000, "totalAssets": 417779000, "accountsPayable": 10637000, "otherCurrentLiab": 2495000, "otherLiab": 12375000, "totalCurrentLiabilities": 57190000, "totalLiab": 70379000, "commonStock": 36115000, "retainedEarnings": 211285000, "treasuryStock": 100000000, "otherStockholderEquity": 100000000, "totalStockholderEquity": 347400000, "netTangibleAssets": 347175000}, {"maxAge": 1, "endDate": "2019-03-31", "cash": 635000, "shortTermInvestments": 49585000, "netReceivables": 62971000, "inventory": 128241000, "otherCurrentAssets": 6821000, "totalCurrentAssets": 280725000, "propertyPlantEquipment": 109047000, "intangibleAssets": 726000, "otherAssets": 4305000, "totalAssets": 394803000, "accountsPayable": 16701000, "otherCurrentLiab": 3246000, "otherLiab": 12900000, "totalCurrentLiabilities": 39536000, "totalLiab": 52436000, "commonStock": 36115000, "retainedEarnings": 206252000, "treasuryStock": 100000000, "otherStockholderEquity": 100000000, "totalStockholderEquity": 342367000, "netTangibleAssets": 341641000}, {"maxAge": 1, "endDate": "2018-03-31", "cash": 1706000, "shortTermInvestments": 10162000, "netReceivables": 73036000, "inventory": 61015000, "otherCurrentAssets": 11275000, "totalCurrentAssets": 244814000, "propertyPlantEquipment": 90315000, "intangibleAssets": 1282000, "otherAssets": 3152000, "totalAssets": 339563000, "accountsPayable": 26364000, "otherCurrentLiab": 937000, "otherLiab": 12477000, "totalCurrentLiabilities": 44220000, "totalLiab": 56697000, "commonStock": 36115000, "retainedEarnings": 146751000, "treasuryStock": 100000000, "otherStockholderEquity": 100000000, "totalStockholderEquity": 282866000, "netTangibleAssets": 281584000}, {"maxAge": 1, "endDate": "2017-03-31", "cash": 1071000, "netReceivables": 68837000, "inventory": 71610000, "otherCurrentAssets": 4022000, "totalCurrentAssets": 156380000, "propertyPlantEquipment": 92887000, "intangibleAssets": 1568000, "otherAssets": 2940000, "totalAssets": 253775000, "accountsPayable": 10520000, "otherCurrentLiab": 2736000, "otherLiab": 12679000, "totalCurrentLiabilities": 41990000, "totalLiab": 54669000, "commonStock": 36115000, "retainedEarnings": 62991000, "treasuryStock": 100000000, "otherStockholderEquity": 100000000, "totalStockholderEquity": 199106000, "netTangibleAssets": 197538000}], "maxAge": 86400}, "earningsTrend": {"trend": [{"maxAge": 1, "period": "0q", "endDate": null, "growth": {}, "earningsEstimate": {"avg": 0.0, "low": 0.0, "high": 0.0, "yearAgoEps": {}, "numberOfAnalysts": 0, "growth": {}}, "revenueEstimate": {"avg": 0, "low": 0, "high": 0, "numberOfAnalysts": 0, "yearAgoRevenue": {}, "growth": {}}, "epsTrend": {"current": 0.0, "7daysAgo": 0.0, "30daysAgo": 0.0, "60daysAgo": 0.0, "90daysAgo": 0.0}, "epsRevisions": {"upLast7days": 0, "upLast30days": 0, "downLast30days": 0, "downLast90days": {}}}, {"maxAge": 1, "period": "+1q", "endDate": null, "growth": {}, "earningsEstimate": {"avg": 0.0, "low": 0.0, "high": 0.0, "yearAgoEps": {}, "numberOfAnalysts": 0, "growth": {}}, "revenueEstimate": {"avg": 0, "low": 0, "high": 0, "numberOfAnalysts": 0, "yearAgoRevenue": {}, "growth": {}}, "epsTrend": {"current": 0.0, "7daysAgo": 0.0, "30daysAgo": 0.0, "60daysAgo": 0.0, "90daysAgo": 0.0}, "epsRevisions": {"upLast7days": 0, "upLast30days": 0, "downLast30days": 0, "downLast90days": {}}}, {"maxAge": 1, "period": "0y", "endDate": null, "growth": {}, "earningsEstimate": {"avg": 0.0, "low": 0.0, "high": 0.0, "yearAgoEps": {}, "numberOfAnalysts": 0, "growth": {}}, "revenueEstimate": {"avg": 0, "low": 0, "high": 0, "numberOfAnalysts": 0, "yearAgoRevenue": {}, "growth": {}}, "epsTrend": {"current": 0.0, "7daysAgo": 0.0, "30daysAgo": 0.0, "60daysAgo": 0.0, "90daysAgo": 0.0}, "epsRevisions": {"upLast7days": 0, "upLast30days": 0, "downLast30days": 0, "downLast90days": {}}}, {"maxAge": 1, "period": "+1y", "endDate": null, "growth": {}, "earningsEstimate": {"avg": 0.0, "low": 0.0, "high": 0.0, "yearAgoEps": {}, "numberOfAnalysts": 0, "growth": {}}, "revenueEstimate": {"avg": 0, "low": 0, "high": 0, "numberOfAnalysts": 0, "yearAgoRevenue": {}, "growth": {}}, "epsTrend": {"current": 0.0, "7daysAgo": 0.0, "30daysAgo": 0.0, "60daysAgo": 0.0, "90daysAgo": 0.0}, "epsRevisions": {"upLast7days": 0, "upLast30days": 0, "downLast30days": 0, "downLast90days": {}}}, {"maxAge": 1, "period": "+5y", "endDate": null, "growth": {}, "earningsEstimate": {"avg": {}, "low": {}, "high": {}, "yearAgoEps": {}, "numberOfAnalysts": {}, "growth": {}}, "revenueEstimate": {"avg": {}, "low": {}, "high": {}, "numberOfAnalysts": {}, "yearAgoRevenue": {}, "growth": {}}, "epsTrend": {"current": {}, "7daysAgo": {}, "30daysAgo": {}, "60daysAgo": {}, "90daysAgo": {}}, "epsRevisions": {"upLast7days": {}, "upLast30days": {}, "downLast30days": {}, "downLast90days": {}}}, {"maxAge": 1, "period": "-5y", "endDate": null, "growth": {}, "earningsEstimate": {"avg": {}, "low": {}, "high": {}, "yearAgoEps": {}, "numberOfAnalysts": {}, "growth": {}}, "revenueEstimate": {"avg": {}, "low": {}, "high": {}, "numberOfAnalysts": {}, "yearAgoRevenue": {}, "growth": {}}, "epsTrend": {"current": {}, "7daysAgo": {}, "30daysAgo": {}, "60daysAgo": {}, "90daysAgo": {}}, "epsRevisions": {"upLast7days": {}, "upLast30days": {}, "downLast30days": {}, "downLast90days": {}}}], "maxAge": 1}, "financialData": {"maxAge": 86400, "currentPrice": 192.85, "targetHighPrice": 155.0, "targetLowPrice": 155.0, "targetMeanPrice": 155.0, "targetMedianPrice": 155.0, "recommendationKey": "none", "numberOfAnalystOpinions": 1, "grossProfits": 228347000, "financialCurrency": "INR"}}}