{"SNOWMAN.NS": {"assetProfile": {"address1": "No: 54, Old Madras Road", "address2": "Virgo Nagar", "city": "Bengaluru", "zip": "560049", "country": "India", "phone": "91 80 6769 3700", "fax": "91 80 6769 3700", "website": "http://www.snowman.in", "industry": "Integrated Freight & Logistics", "sector": "Industrials", "longBusinessSummary": "Snowman Logistics Limited provides integrated temperature-controlled logistics services in India. The company operates through three segments: Warehousing Services, Transportation Services, and Consignment Agency Services. It offers warehousing solutions that cover ambient, chilled, frozen, and blast freezing facilities. The company also provides primary transportation services, such as door-to-door, customized milk run, and part cargo consolidation service; and secondary transportation services comprising last mile distribution to QSRs, retail outlets, restaurants and hotels, and others. It operates a fleet of approximately 293 refrigerated vehicles. In addition, the company offers retail distribution through a consignment agency services; and value added services, such as kitting, labelling, sorting, stuffing, and de-stuffing of containers, repacking, and bulk breaking. Further, the company sorts, grades, packs, and washes selected fruits and vegetables. The company was formerly known as Snowman Frozen Foods Limited and changed its name to Snowman Logistics Limited in March 2011. Snowman Logistics Limited was founded in 1993 and is based in Bengaluru, India.", "fullTimeEmployees": 411, "companyOfficers": [{"maxAge": 1, "name": "Mr. Sunil Prabhakaran Nair", "age": 48, "title": "CEO & Whole Time Director", "yearBorn": 1972, "fiscalYear": 2020, "totalPay": 12282004, "exercisedValue": 0, "unexercisedValue": 0}, {"maxAge": 1, "name": "Mr. Agaram Mangadu Sundar", "age": 58, "title": "CFO, Compliance Officer & Company Sec.", "yearBorn": 1962, "fiscalYear": 2020, "totalPay": 7673235, "exercisedValue": 0, "unexercisedValue": 0}, {"maxAge": 1, "name": "Mr. Sanjay  Sharma", "age": 51, "title": "Gen. Mang. of Distribution of Ambient", "yearBorn": 1969, "exercisedValue": 0, "unexercisedValue": 0}, {"maxAge": 1, "name": "Mr. Debabrata  Satpathy", "age": 47, "title": "Deputy Gen. Mang. of East", "yearBorn": 1973, "exercisedValue": 0, "unexercisedValue": 0}], "compensationAsOfEpochDate": "2020-12-31 05:30:00", "maxAge": 86400}, "recommendationTrend": {"trend": [{"period": "0m", "strongBuy": 0, "buy": 0, "hold": 0, "sell": 0, "strongSell": 0}, {"period": "-1m", "strongBuy": 0, "buy": 0, "hold": 0, "sell": 0, "strongSell": 0}, {"period": "-2m", "strongBuy": 0, "buy": 0, "hold": 0, "sell": 0, "strongSell": 0}, {"period": "-3m", "strongBuy": 0, "buy": 0, "hold": 0, "sell": 0, "strongSell": 0}], "maxAge": 86400}, "cashflowStatementHistory": {"cashflowStatements": [{"maxAge": 1, "endDate": "2020-03-31", "netIncome": -150110000, "depreciation": 501014000, "changeToNetincome": 292285000, "changeToAccountReceivables": -64204000, "changeToLiabilities": -34704000, "changeToOperatingActivities": 11319000, "totalCashFromOperatingActivities": 556103000, "capitalExpenditures": -36966000, "investments": -695000, "otherCashflowsFromInvestingActivities": 758000, "totalCashflowsFromInvestingActivities": -36468000, "netBorrowings": -309512000, "otherCashflowsFromFinancingActivities": -198833000, "totalCashFromFinancingActivities": -508345000, "changeInCash": 11290000}, {"maxAge": 1, "endDate": "2019-03-31", "netIncome": 97174000, "depreciation": 410518000, "changeToNetincome": 58555000, "changeToAccountReceivables": -92324000, "changeToLiabilities": 37116000, "changeToOperatingActivities": 20825000, "totalCashFromOperatingActivities": 532326000, "capitalExpenditures": -143006000, "investments": 8143000, "otherCashflowsFromInvestingActivities": -1096000, "totalCashflowsFromInvestingActivities": -106011000, "netBorrowings": -414930000, "otherCashflowsFromFinancingActivities": -107382000, "totalCashFromFinancingActivities": -522312000, "changeInCash": -95997000}, {"maxAge": 1, "endDate": "2018-03-31", "netIncome": -35603000, "depreciation": 398797000, "changeToNetincome": 84966000, "changeToAccountReceivables": -119566000, "changeToLiabilities": 23208000, "changeToOperatingActivities": 13904000, "totalCashFromOperatingActivities": 366974000, "capitalExpenditures": -307063000, "investments": -5860000, "otherCashflowsFromInvestingActivities": 2185000, "totalCashflowsFromInvestingActivities": -270099000, "netBorrowings": -70297000, "otherCashflowsFromFinancingActivities": -129170000, "totalCashFromFinancingActivities": -199467000, "changeInCash": -102592000}, {"maxAge": 1, "endDate": "2017-03-31", "netIncome": -49291000, "depreciation": 382211000, "changeToNetincome": 93606000, "changeToAccountReceivables": 122487000, "changeToLiabilities": -25403000, "changeToOperatingActivities": -32958000, "totalCashFromOperatingActivities": 494208000, "capitalExpenditures": -286658000, "investments": -821000, "otherCashflowsFromInvestingActivities": 3435000, "totalCashflowsFromInvestingActivities": -282341000, "dividendsPaid": -304000, "netBorrowings": -78464000, "otherCashflowsFromFinancingActivities": -152874000, "totalCashFromFinancingActivities": -231642000, "changeInCash": -19775000}], "maxAge": 86400}, "indexTrend": {"maxAge": 1, "symbol": "SP5", "peRatio": 19.7411, "pegRatio": 1.34172, "estimates": [{"period": "0q", "growth": 0.549}, {"period": "+1q", "growth": 0.431}, {"period": "0y", "growth": 0.305}, {"period": "+1y", "growth": 0.109}, {"period": "+5y", "growth": 0.120865}, {"period": "-5y"}]}, "defaultKeyStatistics": {"maxAge": 1, "priceHint": 2, "enterpriseValue": 9963377664, "forwardPE": 35.464287, "profitMargins": -0.00296, "floatShares": 89026155, "sharesOutstanding": 167088000, "heldPercentInsiders": 0.44735, "heldPercentInstitutions": 0.0, "beta": 1.074006, "category": null, "bookValue": 26.539, "priceToBook": 1.8708317, "fundFamily": null, "legalType": null, "lastFiscalYearEnd": "2020-03-31 05:30:00", "nextFiscalYearEnd": "2022-03-31 05:30:00", "mostRecentQuarter": "2020-12-31 05:30:00", "netIncomeToCommon": -6931000, "trailingEps": -0.045, "forwardEps": 1.4, "pegRatio": 2.42, "lastSplitFactor": null, "enterpriseToRevenue": 4.258, "enterpriseToEbitda": 18.532}, "industryTrend": {"maxAge": 1, "symbol": null, "estimates": []}, "quoteType": {"exchange": "NSI", "quoteType": "EQUITY", "symbol": "SNOWMAN.NS", "underlyingSymbol": "SNOWMAN.NS", "shortName": "SNOWMAN LOGISTICS", "longName": "Snowman Logistics Limited", "firstTradeDateEpochUtc": "2014-09-12 09:15:00", "timeZoneFullName": "Asia/Kolkata", "timeZoneShortName": "IST", "uuid": "159f19ff-9ca7-37bc-8096-c919bb6355e2", "gmtOffSetMilliseconds": 19800000, "maxAge": 1}, "incomeStatementHistory": {"incomeStatementHistory": [{"maxAge": 1, "endDate": "2020-03-31", "totalRevenue": 2402019000, "costOfRevenue": 1401869000, "grossProfit": 1000150000, "researchDevelopment": {}, "sellingGeneralAdministrative": 153676000, "nonRecurring": {}, "otherOperatingExpenses": 240730000, "totalOperatingExpenses": 2297792000, "operatingIncome": 104227000, "totalOtherIncomeExpenseNet": -167370000, "ebit": 104227000, "interestExpense": -195440000, "incomeBeforeTax": -63143000, "incomeTaxExpense": 86967000, "minorityInterest": {}, "netIncomeFromContinuingOps": -150110000, "discontinuedOperations": {}, "extraordinaryItems": {}, "effectOfAccountingCharges": {}, "otherItems": {}, "netIncome": -150110000, "netIncomeApplicableToCommonShares": -150110000}, {"maxAge": 1, "endDate": "2019-03-31", "totalRevenue": 2325493000, "costOfRevenue": 1322881000, "grossProfit": 1002612000, "researchDevelopment": {}, "sellingGeneralAdministrative": 207952000, "nonRecurring": {}, "otherOperatingExpenses": 205538000, "totalOperatingExpenses": 2146585000, "operatingIncome": 178908000, "totalOtherIncomeExpenseNet": -70293000, "ebit": 178908000, "interestExpense": -102783000, "incomeBeforeTax": 108615000, "incomeTaxExpense": 11441000, "minorityInterest": {}, "netIncomeFromContinuingOps": 97174000, "discontinuedOperations": {}, "extraordinaryItems": {}, "effectOfAccountingCharges": {}, "otherItems": {}, "netIncome": 97174000, "netIncomeApplicableToCommonShares": 97174000}, {"maxAge": 1, "endDate": "2018-03-31", "totalRevenue": 1942816000, "costOfRevenue": 1127104000, "grossProfit": 815712000, "researchDevelopment": {}, "sellingGeneralAdministrative": 144984000, "nonRecurring": {}, "otherOperatingExpenses": 226710000, "totalOperatingExpenses": 1898289000, "operatingIncome": 44527000, "totalOtherIncomeExpenseNet": -80130000, "ebit": 44527000, "interestExpense": -118609000, "incomeBeforeTax": -35603000, "incomeTaxExpense": 0, "minorityInterest": {}, "netIncomeFromContinuingOps": -35603000, "discontinuedOperations": {}, "extraordinaryItems": {}, "effectOfAccountingCharges": {}, "otherItems": {}, "netIncome": -35603000, "netIncomeApplicableToCommonShares": -35603000}, {"maxAge": 1, "endDate": "2017-03-31", "totalRevenue": 1892383000, "costOfRevenue": 1061174000, "grossProfit": 831209000, "researchDevelopment": {}, "sellingGeneralAdministrative": 154607000, "nonRecurring": {}, "otherOperatingExpenses": 286963000, "totalOperatingExpenses": 1888391000, "operatingIncome": 3992000, "totalOtherIncomeExpenseNet": -158869000, "ebit": 3992000, "interestExpense": -114102000, "incomeBeforeTax": -154877000, "incomeTaxExpense": -105586000, "minorityInterest": {}, "netIncomeFromContinuingOps": -49291000, "discontinuedOperations": {}, "extraordinaryItems": {}, "effectOfAccountingCharges": {}, "otherItems": {}, "netIncome": -49291000, "netIncomeApplicableToCommonShares": -49291000}], "maxAge": 86400}, "fundOwnership": {"ownershipList": [], "maxAge": 1}, "summaryDetail": {"maxAge": 1, "priceHint": 2, "previousClose": 50.35, "open": 50.0, "dayLow": 49.5, "dayHigh": 51.85, "regularMarketPreviousClose": 50.35, "regularMarketOpen": 50.0, "regularMarketDayLow": 49.5, "regularMarketDayHigh": 51.85, "exDividendDate": "2015-07-27 05:30:00", "payoutRatio": 0.0, "beta": 1.074006, "forwardPE": 35.464287, "volume": 2529945, "regularMarketVolume": 2529945, "averageVolume": 3313879, "averageVolume10days": 1883527, "averageDailyVolume10Day": 1883527, "bid": 0.0, "ask": 0.0, "bidSize": 0, "askSize": 0, "marketCap": 8287677440, "fiftyTwoWeekLow": 24.55, "fiftyTwoWeekHigh": 71.25, "priceToSalesTrailing12Months": 3.5421164, "fiftyDayAverage": 50.125, "twoHundredDayAverage": 49.72234, "currency": "INR", "fromCurrency": null, "lastMarket": null, "algorithm": null, "tradeable": false}, "insiderHolders": {"holders": [{"maxAge": 1, "name": "Adani Agro Pvt Ltd", "relation": "Promoter", "url": "", "transactionDescription": "Sale", "latestTransDate": "2021-02-09", "positionDirect": 2991761, "positionDirectDate": "2021-02-09"}, {"maxAge": 1, "name": "Agaram (Sundar Mangadu)", "relation": "Chief Financial Officer", "url": "", "transactionDescription": "Sale", "latestTransDate": "2017-12-14", "positionDirect": 10019, "positionDirectDate": "2017-12-14"}, {"maxAge": 1, "name": "Dubey (Pradeep)", "relation": "Chief Operating Officer", "url": "", "transactionDescription": "Sale", "latestTransDate": "2016-11-28", "positionDirect": 128085, "positionDirectDate": "2016-11-28"}, {"maxAge": 1, "name": "Kannan (Ravi)", "relation": "Wholetime Director", "url": "", "transactionDescription": "Acquisition", "latestTransDate": "2015-04-28", "positionDirect": 370000, "positionDirectDate": "2015-04-28"}, {"maxAge": 1, "name": "Mistubishi Corporation", "relation": "Promoter", "url": "", "transactionDescription": "Sale", "latestTransDate": "2020-03-12", "positionDirect": 1267888, "positionDirectDate": "2020-03-12"}, {"maxAge": 1, "name": "Rajasthan Global Securities Ltd", "relation": "Institution- Corporation", "url": "", "transactionDescription": "Sale", "latestTransDate": "2020-03-12", "positionDirect": 1232476, "positionDirectDate": "2020-03-12"}], "maxAge": 1}, "calendarEvents": {"maxAge": 1, "earnings": {"earningsDate": ["2018-02-05 05:30:S", "2018-02-09 05:30:S"], "earningsAverage": 0.06, "earningsLow": 0.06, "earningsHigh": 0.06, "revenueAverage": 546000000, "revenueLow": 546000000, "revenueHigh": 546000000}, "exDividendDate": "2015-07-27 05:30:00"}, "upgradeDowngradeHistory": {"history": [], "maxAge": 86400}, "price": {"maxAge": 1, "regularMarketChangePercent": -0.013902621, "regularMarketChange": -0.69999695, "regularMarketTime": "2021-04-30 15:30:01", "priceHint": 2, "regularMarketPrice": 49.65, "regularMarketDayHigh": 51.85, "regularMarketDayLow": 49.5, "regularMarketVolume": 2529945, "averageDailyVolume10Day": 1883527, "averageDailyVolume3Month": 3313879, "regularMarketPreviousClose": 50.35, "regularMarketSource": "FREE_REALTIME", "regularMarketOpen": 50.0, "exchange": "NSI", "exchangeName": "NSE", "exchangeDataDelayedBy": 15, "marketState": "CLOSED", "quoteType": "EQUITY", "symbol": "SNOWMAN.NS", "underlyingSymbol": null, "shortName": "SNOWMAN LOGISTICS", "longName": "Snowman Logistics Limited", "currency": "INR", "quoteSourceName": "Delayed Quote", "currencySymbol": "\u20b9", "fromCurrency": null, "lastMarket": null, "marketCap": 8287677440}, "balanceSheetHistory": {"balanceSheetStatements": [{"maxAge": 1, "endDate": "2020-03-31", "cash": 17408000, "shortTermInvestments": 1763000, "netReceivables": 555867000, "otherCurrentAssets": 11594000, "totalCurrentAssets": 625071000, "propertyPlantEquipment": 4993837000, "intangibleAssets": 606000, "otherAssets": 797129000, "deferredLongTermAssetCharges": 447566000, "totalAssets": 6416643000, "accountsPayable": 153182000, "shortLongTermDebt": 189925000, "otherCurrentLiab": 6263000, "longTermDebt": 361307000, "otherLiab": 15288000, "totalCurrentLiabilities": 481919000, "totalLiab": 2219750000, "commonStock": 1670880000, "retainedEarnings": 535497000, "capitalSurplus": 1990516000, "totalStockholderEquity": 4196893000, "netTangibleAssets": 4196287000}, {"maxAge": 1, "endDate": "2019-03-31", "cash": 22987000, "shortTermInvestments": 1763000, "netReceivables": 517495000, "otherCurrentAssets": 16512000, "totalCurrentAssets": 591202000, "propertyPlantEquipment": 4134449000, "intangibleAssets": 706000, "otherAssets": 890621000, "deferredLongTermAssetCharges": 532598000, "totalAssets": 5616978000, "accountsPayable": 187886000, "shortLongTermDebt": 347012000, "otherCurrentLiab": 17794000, "longTermDebt": 550487000, "otherLiab": 85525000, "totalCurrentLiabilities": 630542000, "totalLiab": 1266554000, "commonStock": 1670880000, "retainedEarnings": 688235000, "treasuryStock": 793000, "capitalSurplus": 1990516000, "otherStockholderEquity": 793000, "totalStockholderEquity": 4350424000, "netTangibleAssets": 4349718000}, {"maxAge": 1, "endDate": "2018-03-31", "cash": 85350000, "netReceivables": 444838000, "otherCurrentAssets": 39245000, "totalCurrentAssets": 603100000, "propertyPlantEquipment": 4448146000, "intangibleAssets": 918000, "otherAssets": 845549000, "deferredLongTermAssetCharges": 541087000, "totalAssets": 5897713000, "accountsPayable": 150770000, "shortLongTermDebt": 435926000, "otherCurrentLiab": 48644000, "longTermDebt": 876494000, "otherLiab": 106176000, "totalCurrentLiabilities": 662256000, "totalLiab": 1644926000, "commonStock": 1670880000, "retainedEarnings": 590598000, "treasuryStock": 793000, "capitalSurplus": 1990516000, "otherStockholderEquity": 793000, "totalStockholderEquity": 4252787000, "netTangibleAssets": 4251869000}, {"maxAge": 1, "endDate": "2017-03-31", "cash": 187942000, "netReceivables": 357350000, "otherCurrentAssets": 34704000, "totalCurrentAssets": 608229000, "propertyPlantEquipment": 4523079000, "intangibleAssets": 1732000, "otherAssets": 848568000, "deferredLongTermAssetCharges": 541087000, "totalAssets": 5981608000, "accountsPayable": 127562000, "shortLongTermDebt": 287801000, "otherCurrentLiab": 48211000, "longTermDebt": 1094916000, "otherLiab": 110143000, "totalCurrentLiabilities": 489895000, "totalLiab": 1694954000, "commonStock": 1670880000, "retainedEarnings": 624465000, "treasuryStock": 793000, "capitalSurplus": 1990516000, "otherStockholderEquity": 793000, "totalStockholderEquity": 4286654000, "netTangibleAssets": 4284922000}], "maxAge": 86400}, "earningsTrend": {"trend": [{"maxAge": 1, "period": "0q", "endDate": "2018-06-30", "growth": -0.84199995, "earningsEstimate": {"avg": 0.06, "low": 0.06, "high": 0.06, "yearAgoEps": 0.38, "numberOfAnalysts": 1, "growth": -0.84199995}, "revenueEstimate": {"avg": 546000000, "low": 546000000, "high": 546000000, "numberOfAnalysts": 1, "yearAgoRevenue": 478341000, "growth": 0.141}, "epsTrend": {"current": 0.06, "7daysAgo": 0.0, "30daysAgo": 0.0, "60daysAgo": 0.0, "90daysAgo": 0.0}, "epsRevisions": {"upLast7days": 0, "upLast30days": 0, "downLast30days": 0, "downLast90days": {}}}, {"maxAge": 1, "period": "+1q", "endDate": "2018-09-30", "growth": {}, "earningsEstimate": {"avg": 0.0, "low": 0.0, "high": 0.0, "yearAgoEps": -0.12, "numberOfAnalysts": 0, "growth": {}}, "revenueEstimate": {"avg": 0, "low": 0, "high": 0, "numberOfAnalysts": 0, "yearAgoRevenue": {}, "growth": {}}, "epsTrend": {"current": 0.0, "7daysAgo": 0.0, "30daysAgo": 0.0, "60daysAgo": 0.0, "90daysAgo": 0.0}, "epsRevisions": {"upLast7days": 0, "upLast30days": 0, "downLast30days": 0, "downLast90days": {}}}, {"maxAge": 1, "period": "0y", "endDate": "2019-03-31", "growth": 4.571, "earningsEstimate": {"avg": 0.75, "low": 0.6, "high": 0.9, "yearAgoEps": -0.21, "numberOfAnalysts": 2, "growth": 4.571}, "revenueEstimate": {"avg": 2411000000, "low": 2396000000, "high": 2426000000, "numberOfAnalysts": 2, "yearAgoRevenue": 1942820000, "growth": 0.241}, "epsTrend": {"current": 0.75, "7daysAgo": 0.75, "30daysAgo": 0.75, "60daysAgo": 0.6, "90daysAgo": 0.85}, "epsRevisions": {"upLast7days": 0, "upLast30days": 0, "downLast30days": 0, "downLast90days": {}}}, {"maxAge": 1, "period": "+1y", "endDate": "2020-03-31", "growth": 0.867, "earningsEstimate": {"avg": 1.4, "low": 1.4, "high": 1.4, "yearAgoEps": 0.75, "numberOfAnalysts": 2, "growth": 0.867}, "revenueEstimate": {"avg": 2845500000, "low": 2622000000, "high": 3069000000, "numberOfAnalysts": 2, "yearAgoRevenue": 2411000000, "growth": 0.18}, "epsTrend": {"current": 1.4, "7daysAgo": 1.4, "30daysAgo": 1.4, "60daysAgo": 1.2, "90daysAgo": 1.45}, "epsRevisions": {"upLast7days": 0, "upLast30days": 0, "downLast30days": 0, "downLast90days": {}}}, {"maxAge": 1, "period": "+5y", "endDate": null, "growth": 0.23, "earningsEstimate": {"avg": {}, "low": {}, "high": {}, "yearAgoEps": {}, "numberOfAnalysts": {}, "growth": {}}, "revenueEstimate": {"avg": {}, "low": {}, "high": {}, "numberOfAnalysts": {}, "yearAgoRevenue": {}, "growth": {}}, "epsTrend": {"current": {}, "7daysAgo": {}, "30daysAgo": {}, "60daysAgo": {}, "90daysAgo": {}}, "epsRevisions": {"upLast7days": {}, "upLast30days": {}, "downLast30days": {}, "downLast90days": {}}}, {"maxAge": 1, "period": "-5y", "endDate": null, "growth": {}, "earningsEstimate": {"avg": {}, "low": {}, "high": {}, "yearAgoEps": {}, "numberOfAnalysts": {}, "growth": {}}, "revenueEstimate": {"avg": {}, "low": {}, "high": {}, "numberOfAnalysts": {}, "yearAgoRevenue": {}, "growth": {}}, "epsTrend": {"current": {}, "7daysAgo": {}, "30daysAgo": {}, "60daysAgo": {}, "90daysAgo": {}}, "epsRevisions": {"upLast7days": {}, "upLast30days": {}, "downLast30days": {}, "downLast90days": {}}}], "maxAge": 1}, "institutionOwnership": {"ownershipList": [], "maxAge": 1}, "majorHoldersBreakdown": {"maxAge": 1, "insidersPercentHeld": 0.44735, "institutionsPercentHeld": 0.0, "institutionsFloatPercentHeld": 0.0, "institutionsCount": 0}, "balanceSheetHistoryQuarterly": {"balanceSheetStatements": [{"maxAge": 1, "endDate": "2020-12-31", "totalStockholderEquity": 4188341000, "netTangibleAssets": 4187937000}, {"maxAge": 1, "endDate": "2020-09-30", "cash": 227843000, "shortTermInvestments": 4468000, "netReceivables": 509843000, "otherCurrentAssets": 37744000, "totalCurrentAssets": 779898000, "longTermInvestments": 121550000, "propertyPlantEquipment": 4855410000, "intangibleAssets": 404000, "otherAssets": 579828000, "deferredLongTermAssetCharges": 447188000, "totalAssets": 6337090000, "accountsPayable": 206930000, "shortLongTermDebt": 121028000, "otherCurrentLiab": 25678000, "longTermDebt": 377199000, "otherLiab": 14635000, "totalCurrentLiabilities": 393482000, "totalLiab": 2148749000, "commonStock": 1670880000, "treasuryStock": 2517461000, "otherStockholderEquity": 2517461000, "totalStockholderEquity": 4188341000, "netTangibleAssets": 4187937000}, {"maxAge": 1, "endDate": "2020-06-30", "totalStockholderEquity": 4196893000, "netTangibleAssets": 4196287000}, {"maxAge": 1, "endDate": "2020-03-31", "cash": 17408000, "shortTermInvestments": 1763000, "netReceivables": 555867000, "otherCurrentAssets": 11594000, "totalCurrentAssets": 625071000, "propertyPlantEquipment": 4993837000, "intangibleAssets": 606000, "otherAssets": 797129000, "deferredLongTermAssetCharges": 447566000, "totalAssets": 6416643000, "accountsPayable": 153182000, "shortLongTermDebt": 189925000, "otherCurrentLiab": 6263000, "longTermDebt": 361307000, "otherLiab": 15288000, "totalCurrentLiabilities": 481919000, "totalLiab": 2219750000, "commonStock": 1670880000, "retainedEarnings": 535497000, "capitalSurplus": 1990516000, "totalStockholderEquity": 4196893000, "netTangibleAssets": 4196287000}], "maxAge": 86400}, "earningsHistory": {"history": [{"maxAge": 1, "epsActual": 0.38, "epsEstimate": 0.1, "epsDifference": 0.28, "surprisePercent": 2.8, "quarter": "2017-03-31", "period": "-4q"}, {"maxAge": 1, "epsActual": -0.12, "epsEstimate": 0.1, "epsDifference": -0.22, "surprisePercent": -2.2, "quarter": "2017-06-30", "period": "-3q"}, {"maxAge": 1, "epsActual": 0.01, "epsEstimate": 0.1, "epsDifference": -0.09, "surprisePercent": -0.9, "quarter": "2017-12-31", "period": "-2q"}, {"maxAge": 1, "epsActual": 0.12, "epsEstimate": 0.2, "epsDifference": -0.08, "surprisePercent": -0.4, "quarter": "2018-03-31", "period": "-1q"}], "maxAge": 86400}, "summaryProfile": {"address1": "No: 54, Old Madras Road", "address2": "Virgo Nagar", "city": "Bengaluru", "zip": "560049", "country": "India", "phone": "91 80 6769 3700", "fax": "91 80 6769 3700", "website": "http://www.snowman.in", "industry": "Integrated Freight & Logistics", "sector": "Industrials", "longBusinessSummary": "Snowman Logistics Limited provides integrated temperature-controlled logistics services in India. The company operates through three segments: Warehousing Services, Transportation Services, and Consignment Agency Services. It offers warehousing solutions that cover ambient, chilled, frozen, and blast freezing facilities. The company also provides primary transportation services, such as door-to-door, customized milk run, and part cargo consolidation service; and secondary transportation services comprising last mile distribution to QSRs, retail outlets, restaurants and hotels, and others. It operates a fleet of approximately 293 refrigerated vehicles. In addition, the company offers retail distribution through a consignment agency services; and value added services, such as kitting, labelling, sorting, stuffing, and de-stuffing of containers, repacking, and bulk breaking. Further, the company sorts, grades, packs, and washes selected fruits and vegetables. The company was formerly known as Snowman Frozen Foods Limited and changed its name to Snowman Logistics Limited in March 2011. Snowman Logistics Limited was founded in 1993 and is based in Bengaluru, India.", "fullTimeEmployees": 411, "companyOfficers": [], "maxAge": 86400}, "netSharePurchaseActivity": {"maxAge": 1, "period": "6m", "buyInfoCount": 0, "buyInfoShares": 0, "sellInfoCount": 0, "netInfoCount": 0, "netInfoShares": 0, "netPercentInsiderShares": 0.0, "totalInsiderShares": 74746816}, "insiderTransactions": {"transactions": [{"maxAge": 1, "shares": 3548730, "filerUrl": "", "transactionText": "", "filerName": "Adani Agro Pvt Ltd", "filerRelation": "Promoter", "moneyText": "", "startDate": "2021-02-09", "ownership": "D"}, {"maxAge": 1, "shares": 8150251, "filerUrl": "", "transactionText": "", "filerName": "Rajasthan Global Securities Ltd", "filerRelation": "Institution- Corporation", "moneyText": "", "startDate": "2020-03-12", "ownership": "D"}, {"maxAge": 1, "shares": 1473112, "value": 169849, "filerUrl": "", "transactionText": "Sale at price 0.12 per share.", "filerName": "Mistubishi Corporation", "filerRelation": "Promoter", "moneyText": "", "startDate": "2020-03-12", "ownership": "D"}, {"maxAge": 1, "shares": 1105011, "filerUrl": "", "transactionText": "", "filerName": "Rajasthan Global Securities Ltd", "filerRelation": "Institution- Corporation", "moneyText": "", "startDate": "2020-02-07", "ownership": "D"}, {"maxAge": 1, "shares": 79981, "filerUrl": "", "transactionText": "", "filerName": "Agaram (Sundar Mangadu)", "filerRelation": "Chief Financial Officer", "moneyText": "", "startDate": "2017-12-14", "ownership": "D"}, {"maxAge": 1, "shares": 31000, "filerUrl": "", "transactionText": "", "filerName": "Dubey (Pradeep)", "filerRelation": "Chief Operating Officer", "moneyText": "", "startDate": "2016-11-28", "ownership": "D"}, {"maxAge": 1, "shares": 41000, "filerUrl": "", "transactionText": "", "filerName": "Dubey (Pradeep)", "filerRelation": "Chief Operating Officer", "moneyText": "", "startDate": "2016-05-27", "ownership": "D"}, {"maxAge": 1, "shares": 5000, "filerUrl": "", "transactionText": "", "filerName": "Dubey (Pradeep)", "filerRelation": "Chief Operating Officer", "moneyText": "", "startDate": "2015-12-03", "ownership": "D"}, {"maxAge": 1, "shares": 27415, "filerUrl": "", "transactionText": "", "filerName": "Dubey (Pradeep)", "filerRelation": "Chief Operating Officer", "moneyText": "", "startDate": "2015-11-23", "ownership": "D"}, {"maxAge": 1, "shares": 100000, "filerUrl": "", "transactionText": "", "filerName": "Agaram (Sundar Mangadu)", "filerRelation": "Chief Financial Officer", "moneyText": "", "startDate": "2015-09-09", "ownership": "D"}, {"maxAge": 1, "shares": 37500, "filerUrl": "", "transactionText": "", "filerName": "Dubey (Pradeep)", "filerRelation": "Chief Operating Officer", "moneyText": "", "startDate": "2015-04-28", "ownership": "D"}, {"maxAge": 1, "shares": 60000, "filerUrl": "", "transactionText": "", "filerName": "Agaram (Sundar Mangadu)", "filerRelation": "Chief Financial Officer", "moneyText": "", "startDate": "2015-04-28", "ownership": "D"}, {"maxAge": 1, "shares": 90000, "filerUrl": "", "transactionText": "", "filerName": "Kannan (Ravi)", "filerRelation": "Wholetime Director", "moneyText": "", "startDate": "2015-04-28", "ownership": "D"}, {"maxAge": 1, "shares": 30000, "filerUrl": "", "transactionText": "", "filerName": "Kannan (Ravi)", "filerRelation": "Wholetime Director", "moneyText": "", "startDate": "2015-02-23", "ownership": "D"}, {"maxAge": 1, "shares": 30000, "filerUrl": "", "transactionText": "", "filerName": "Agaram (Sundar Mangadu)", "filerRelation": "Chief Financial Officer", "moneyText": "", "startDate": "2015-02-23", "ownership": "D"}, {"maxAge": 1, "shares": 52500, "filerUrl": "", "transactionText": "", "filerName": "Dubey (Pradeep)", "filerRelation": "Chief Operating Officer", "moneyText": "", "startDate": "2015-02-23", "ownership": "D"}, {"maxAge": 1, "shares": 20000, "filerUrl": "", "transactionText": "", "filerName": "Agaram (Sundar Mangadu)", "filerRelation": "Chief Financial Officer", "moneyText": "", "startDate": "2014-12-08", "ownership": "D"}, {"maxAge": 1, "shares": 55000, "filerUrl": "", "transactionText": "", "filerName": "Agaram (Sundar Mangadu)", "filerRelation": "Chief Financial Officer", "moneyText": "", "startDate": "2014-12-03", "ownership": "D"}, {"maxAge": 1, "shares": 5000, "filerUrl": "", "transactionText": "", "filerName": "Agaram (Sundar Mangadu)", "filerRelation": "Chief Financial Officer", "moneyText": "", "startDate": "2014-11-24", "ownership": "D"}, {"maxAge": 1, "shares": 15000, "filerUrl": "", "transactionText": "", "filerName": "Dubey (Pradeep)", "filerRelation": "Chief Operating Officer", "moneyText": "", "startDate": "2014-11-24", "ownership": "D"}], "maxAge": 1}, "sectorTrend": {"maxAge": 1, "symbol": null, "estimates": []}, "incomeStatementHistoryQuarterly": {"incomeStatementHistory": [{"maxAge": 1, "endDate": "2020-12-31", "totalRevenue": 601799000, "costOfRevenue": 351435000, "grossProfit": 250364000, "researchDevelopment": {}, "sellingGeneralAdministrative": {}, "nonRecurring": {}, "otherOperatingExpenses": 85344000, "totalOperatingExpenses": 557247000, "operatingIncome": 44552000, "totalOtherIncomeExpenseNet": -30327000, "ebit": 44552000, "interestExpense": -39856000, "incomeBeforeTax": 14225000, "incomeTaxExpense": 0, "minorityInterest": {}, "netIncomeFromContinuingOps": 14225000, "discontinuedOperations": {}, "extraordinaryItems": {}, "effectOfAccountingCharges": {}, "otherItems": {}, "netIncome": 14225000, "netIncomeApplicableToCommonShares": 14225000}, {"maxAge": 1, "endDate": "2020-09-30", "totalRevenue": 576897000, "costOfRevenue": 336936000, "grossProfit": 239961000, "researchDevelopment": {}, "sellingGeneralAdministrative": {}, "nonRecurring": {}, "otherOperatingExpenses": 91991000, "totalOperatingExpenses": 554480000, "operatingIncome": 22417000, "totalOtherIncomeExpenseNet": -39685000, "ebit": 22417000, "interestExpense": -43619000, "incomeBeforeTax": -17268000, "incomeTaxExpense": 0, "minorityInterest": {}, "netIncomeFromContinuingOps": -17268000, "discontinuedOperations": {}, "extraordinaryItems": {}, "effectOfAccountingCharges": {}, "otherItems": {}, "netIncome": -17268000, "netIncomeApplicableToCommonShares": -17268000}, {"maxAge": 1, "endDate": "2020-06-30", "totalRevenue": 551245000, "costOfRevenue": 296248000, "grossProfit": 254997000, "researchDevelopment": {}, "sellingGeneralAdministrative": {}, "nonRecurring": {}, "otherOperatingExpenses": 88919000, "totalOperatingExpenses": 508134000, "operatingIncome": 43111000, "totalOtherIncomeExpenseNet": -30764000, "ebit": 43111000, "interestExpense": -43362000, "incomeBeforeTax": 12347000, "incomeTaxExpense": 4548000, "minorityInterest": {}, "netIncomeFromContinuingOps": 7799000, "discontinuedOperations": {}, "extraordinaryItems": {}, "effectOfAccountingCharges": {}, "otherItems": {}, "netIncome": 7799000, "netIncomeApplicableToCommonShares": 7799000}, {"maxAge": 1, "endDate": "2020-03-31", "totalRevenue": 609812000, "costOfRevenue": 373637000, "grossProfit": 236175000, "researchDevelopment": {}, "sellingGeneralAdministrative": 153676000, "nonRecurring": {}, "otherOperatingExpenses": -75271000, "totalOperatingExpenses": 580742000, "operatingIncome": 29070000, "totalOtherIncomeExpenseNet": -42469000, "ebit": 29070000, "interestExpense": -44662000, "incomeBeforeTax": -13399000, "incomeTaxExpense": -1684000, "minorityInterest": {}, "netIncomeFromContinuingOps": -11715000, "discontinuedOperations": {}, "extraordinaryItems": {}, "effectOfAccountingCharges": {}, "otherItems": {}, "netIncome": -11715000, "netIncomeApplicableToCommonShares": -11715000}], "maxAge": 86400}, "cashflowStatementHistoryQuarterly": {"cashflowStatements": [{"maxAge": 1, "endDate": "2020-12-31", "netIncome": 14225000, "changeToLiabilities": 0}, {"maxAge": 1, "endDate": "2020-09-30", "netIncome": -17268000, "changeToLiabilities": 0}, {"maxAge": 1, "endDate": "2020-06-30", "netIncome": 7799000, "changeToLiabilities": 0}, {"maxAge": 1, "endDate": "2020-03-31", "netIncome": -11715000, "changeToLiabilities": 0}], "maxAge": 86400}, "earnings": {"maxAge": 86400, "earningsChart": {"quarterly": [{"date": "1Q2017", "actual": 0.38, "estimate": 0.1}, {"date": "2Q2017", "actual": -0.12, "estimate": 0.1}, {"date": "4Q2017", "actual": 0.01, "estimate": 0.1}, {"date": "1Q2018", "actual": 0.12, "estimate": 0.2}], "currentQuarterEstimate": 0.06, "currentQuarterEstimateDate": "2Q", "currentQuarterEstimateYear": 2018, "earningsDate": ["2018-02-05 05:30:S", "2018-02-09 05:30:S"]}, "financialsChart": {"yearly": [{"date": 2017, "revenue": 1892383000, "earnings": -49291000}, {"date": 2018, "revenue": 1942816000, "earnings": -35603000}, {"date": 2019, "revenue": 2325493000, "earnings": 97174000}, {"date": 2020, "revenue": 2402019000, "earnings": -150110000}], "quarterly": [{"date": "1Q2020", "revenue": 609812000, "earnings": -11715000}, {"date": "2Q2020", "revenue": 551245000, "earnings": 7799000}, {"date": "3Q2020", "revenue": 576897000, "earnings": -17268000}, {"date": "4Q2020", "revenue": 601799000, "earnings": 14225000}]}, "financialCurrency": "INR"}, "financialData": {"maxAge": 86400, "currentPrice": 49.65, "targetHighPrice": 59.0, "targetLowPrice": 55.0, "targetMeanPrice": 57.0, "targetMedianPrice": 57.0, "recommendationMean": 3.0, "recommendationKey": "hold", "numberOfAnalystOpinions": 2, "totalCash": 232311008, "totalCashPerShare": 1.39, "ebitda": 537619968, "totalDebt": 1899769984, "totalRevenue": 2339752960, "debtToEquity": 45.358, "revenuePerShare": 14.476, "grossProfits": 1000150000, "revenueGrowth": 0.024, "grossMargins": 0.43886003, "ebitdaMargins": 0.22978, "operatingMargins": 0.06005, "profitMargins": -0.00296, "financialCurrency": "INR"}}}