{"SOBHA.NS": {"assetProfile": {"address1": "SOBHA", "address2": "Sarjapur-Marathahalli Outer Ring Road Devarabisanahalli Bellandur Post", "city": "Bengaluru", "zip": "560103", "country": "India", "phone": "91 80 4932 0000", "fax": "91 80 4932 0444", "website": "http://www.sobha.com", "industry": "Real Estate\u2014Development", "sector": "Real Estate", "longBusinessSummary": "Sobha Limited engages in the construction, development, sale, management, and operation of residential and commercial projects primarily in India. The company operates through two segments, Real Estate, and Contractual and Manufacturing. Its residential projects include luxury and super luxury apartments, presidential apartments, villas, row houses, plotted developments, and aspirational homes; and contractual projects for corporates comprise offices, convention centers, software development blocks, multiplex theatres, hostel facilities, hotels, guest houses, food courts, restaurants, research centers, club houses, and factory buildings. The company also manufactures doors and door frames; fitted and loose furniture for hotels and serviced apartments; panelings, partitions, discussion tables, office workstations, reception desks, lift claddings, etc.; and modular kitchens, wardrobes, sofas, dining tables, exclusive chairs, etc. In addition, it undertakes contracts for corporate interiors for offices and hospitals; manufactures and markets aluminum doors, windows, structural glazing products, aluminum composite panels and SS claddings, and pre-engineered buildings; and undertakes other architectural metal works. Further, the company manufactures concrete products, such as concrete blocks, pavers, kerbs, water drainage channels, paving slabs, and landscape products; and mattresses under the Restoplus brand. The company was formerly known as Sobha Developers Limited and changed its name to Sobha Limited in August 2014. Sobha Limited was founded in 1995 and is headquartered in Bengaluru, India.", "fullTimeEmployees": 3219, "companyOfficers": [{"maxAge": 1, "name": "Mr. Ravi P.N.C. Menon B.S.C.E", "age": 39, "title": "Chairman", "yearBorn": 1981, "fiscalYear": 2020, "totalPay": 122941082, "exercisedValue": 0, "unexercisedValue": 0}, {"maxAge": 1, "name": "Mr. Jagdish Chandra Sharma ACA, B Com(Hons), ACS", "age": 62, "title": "Vice Chairman & MD", "yearBorn": 1958, "fiscalYear": 2020, "totalPay": 70249288, "exercisedValue": 0, "unexercisedValue": 0}, {"maxAge": 1, "name": "Mr. Subhash Mohan Bhatt", "age": 49, "title": "Chief Financial Officer", "yearBorn": 1971, "fiscalYear": 2020, "totalPay": 11340000, "exercisedValue": 0, "unexercisedValue": 0}, {"maxAge": 1, "name": "Mr. Vighneshwar G. Bhat", "title": "Compliance Officer & Company Sec.", "fiscalYear": 2020, "totalPay": 3940000, "exercisedValue": 0, "unexercisedValue": 0}, {"maxAge": 1, "name": "Mr. Gaurav  Bhatia", "age": 47, "title": "Sr. VP of Sales & Marketing", "yearBorn": 1973, "exercisedValue": 0, "unexercisedValue": 0}, {"maxAge": 1, "name": "Mr. Ajith  Lal PG", "age": 53, "title": "Exec. VP", "yearBorn": 1967, "exercisedValue": 0, "unexercisedValue": 0}, {"maxAge": 1, "name": "Mr. Seetharam Thettali Parameswaran Pillai", "age": 63, "title": "Whole Time Director", "yearBorn": 1957, "fiscalYear": 2020, "totalPay": 8480177, "exercisedValue": 0, "unexercisedValue": 0}, {"maxAge": 1, "name": "Mr. P. V. Varghese", "age": 57, "title": "Chief Exec. Officer of Sobha Glazing & Metal Work Division", "yearBorn": 1963, "exercisedValue": 0, "unexercisedValue": 0}, {"maxAge": 1, "name": "Mr. P. N. C. Menon", "age": 72, "title": "Founder & Chairman Emeritus", "yearBorn": 1948, "fiscalYear": 2012, "exercisedValue": 0, "unexercisedValue": 0}, {"maxAge": 1, "name": "Mr. Tejus  Singh", "title": "Head of Investor Relations", "exercisedValue": 0, "unexercisedValue": 0}], "compensationAsOfEpochDate": "2020-12-31 05:30:00", "maxAge": 86400}, "recommendationTrend": {"trend": [{"period": "0m", "strongBuy": 0, "buy": 0, "hold": 0, "sell": 0, "strongSell": 0}, {"period": "-1m", "strongBuy": 4, "buy": 10, "hold": 2, "sell": 2, "strongSell": 0}, {"period": "-2m", "strongBuy": 4, "buy": 10, "hold": 2, "sell": 1, "strongSell": 0}, {"period": "-3m", "strongBuy": 4, "buy": 10, "hold": 2, "sell": 1, "strongSell": 0}], "maxAge": 86400}, "cashflowStatementHistory": {"cashflowStatements": [{"maxAge": 1, "endDate": "2020-03-31", "netIncome": 2816690000, "depreciation": 722430000, "changeToNetincome": 6861070000, "changeToAccountReceivables": -623350000, "changeToLiabilities": -1742280000, "changeToInventory": -3157760000, "changeToOperatingActivities": -2261170000, "totalCashFromOperatingActivities": 2616050000, "capitalExpenditures": -2913840000, "investments": -142330000, "otherCashflowsFromInvestingActivities": 429920000, "totalCashflowsFromInvestingActivities": -2742870000, "dividendsPaid": -663740000, "netBorrowings": 3254680000, "otherCashflowsFromFinancingActivities": -3435270000, "totalCashFromFinancingActivities": -844330000, "changeInCash": -969450000}, {"maxAge": 1, "endDate": "2019-03-31", "netIncome": 2969930000, "depreciation": 622470000, "changeToNetincome": 2409270000, "changeToAccountReceivables": 152450000, "changeToLiabilities": 4805140000, "changeToInventory": -4879270000, "changeToOperatingActivities": -4019980000, "totalCashFromOperatingActivities": 2060710000, "capitalExpenditures": -1077900000, "investments": 148450000, "otherCashflowsFromInvestingActivities": 388110000, "totalCashflowsFromInvestingActivities": -613810000, "dividendsPaid": -663410000, "netBorrowings": 2706140000, "otherCashflowsFromFinancingActivities": -2904740000, "totalCashFromFinancingActivities": -862010000, "changeInCash": 584900000}, {"maxAge": 1, "endDate": "2018-03-31", "netIncome": 2168700000, "depreciation": 542630000, "changeToNetincome": 1709520000, "changeToAccountReceivables": -1098870000, "changeToLiabilities": 274150000, "changeToInventory": -1023140000, "changeToOperatingActivities": 960240000, "totalCashFromOperatingActivities": 3534600000, "capitalExpenditures": -621250000, "investments": -1000700000, "otherCashflowsFromInvestingActivities": 330760000, "totalCashflowsFromInvestingActivities": -1287100000, "dividendsPaid": -240680000, "netBorrowings": 1087670000, "otherCashflowsFromFinancingActivities": -2654870000, "totalCashFromFinancingActivities": -2427880000, "changeInCash": -180380000, "repurchaseOfStock": -620000000}, {"maxAge": 1, "endDate": "2017-03-31", "netIncome": 1607530000, "depreciation": 635080000, "changeToNetincome": 1163330000, "changeToAccountReceivables": 374630000, "changeToLiabilities": 5421460000, "changeToInventory": -7779330000, "changeToOperatingActivities": 2112020000, "totalCashFromOperatingActivities": 3537870000, "capitalExpenditures": -316240000, "investments": 366630000, "otherCashflowsFromInvestingActivities": 335960000, "totalCashflowsFromInvestingActivities": 19800000, "dividendsPaid": -192870000, "netBorrowings": -39990000, "otherCashflowsFromFinancingActivities": -2641090000, "totalCashFromFinancingActivities": -3454480000, "changeInCash": 104790000, "repurchaseOfStock": -580530000}], "maxAge": 86400}, "indexTrend": {"maxAge": 1, "symbol": "SP5", "peRatio": 19.7411, "pegRatio": 1.34172, "estimates": [{"period": "0q", "growth": 0.549}, {"period": "+1q", "growth": 0.431}, {"period": "0y", "growth": 0.305}, {"period": "+1y", "growth": 0.109}, {"period": "+5y", "growth": 0.120865}, {"period": "-5y"}]}, "defaultKeyStatistics": {"maxAge": 1, "priceHint": 2, "enterpriseValue": 68765319168, "forwardPE": 15.8184185, "profitMargins": 0.03862, "floatShares": 35887263, "sharesOutstanding": 94845904, "heldPercentInsiders": 0.65458, "heldPercentInstitutions": 0.27417, "beta": 1.501142, "category": null, "bookValue": 256.332, "priceToBook": 1.8963687, "fundFamily": null, "legalType": null, "lastFiscalYearEnd": "2020-03-31 05:30:00", "nextFiscalYearEnd": "2022-03-31 05:30:00", "mostRecentQuarter": "2020-12-31 05:30:00", "earningsQuarterlyGrowth": -0.705, "netIncomeToCommon": 952689984, "trailingEps": 10.044, "forwardEps": 23.97, "pegRatio": 1.28, "lastSplitFactor": null, "enterpriseToRevenue": 2.788, "enterpriseToEbitda": 8.885}, "industryTrend": {"maxAge": 1, "symbol": null, "estimates": []}, "quoteType": {"exchange": "NSI", "quoteType": "EQUITY", "symbol": "SOBHA.NS", "underlyingSymbol": "SOBHA.NS", "shortName": "SOBHA LIMITED", "longName": "Sobha Limited", "firstTradeDateEpochUtc": "2006-12-20 09:15:00", "timeZoneFullName": "Asia/Kolkata", "timeZoneShortName": "IST", "uuid": "57081206-22f2-3937-aa59-c5c6b2896161", "gmtOffSetMilliseconds": 19800000, "maxAge": 1}, "incomeStatementHistory": {"incomeStatementHistory": [{"maxAge": 1, "endDate": "2020-03-31", "totalRevenue": 37538520000, "costOfRevenue": 20182600000, "grossProfit": 17355920000, "researchDevelopment": {}, "sellingGeneralAdministrative": 3245290000, "nonRecurring": {}, "otherOperatingExpenses": 2949470000, "totalOperatingExpenses": 27109010000, "operatingIncome": 10429510000, "totalOtherIncomeExpenseNet": -6097960000, "ebit": 10429510000, "interestExpense": -6595350000, "incomeBeforeTax": 4331550000, "incomeTaxExpense": 1514860000, "minorityInterest": {}, "netIncomeFromContinuingOps": 2816690000, "discontinuedOperations": {}, "extraordinaryItems": {}, "effectOfAccountingCharges": {}, "otherItems": {}, "netIncome": 2816690000, "netIncomeApplicableToCommonShares": 2816690000}, {"maxAge": 1, "endDate": "2019-03-31", "totalRevenue": 34420660000, "costOfRevenue": 20864880000, "grossProfit": 13555780000, "researchDevelopment": {}, "sellingGeneralAdministrative": 3502400000, "nonRecurring": {}, "otherOperatingExpenses": 3320560000, "totalOperatingExpenses": 28311010000, "operatingIncome": 6109650000, "totalOtherIncomeExpenseNet": -1627450000, "ebit": 6109650000, "interestExpense": -2147090000, "incomeBeforeTax": 4482200000, "incomeTaxExpense": 1512270000, "minorityInterest": {}, "netIncomeFromContinuingOps": 2969930000, "discontinuedOperations": {}, "extraordinaryItems": {}, "effectOfAccountingCharges": {}, "otherItems": {}, "netIncome": 2969930000, "netIncomeApplicableToCommonShares": 2969930000}, {"maxAge": 1, "endDate": "2018-03-31", "totalRevenue": 27830320000, "costOfRevenue": 17012820000, "grossProfit": 10817500000, "researchDevelopment": {}, "sellingGeneralAdministrative": 3067190000, "nonRecurring": {}, "otherOperatingExpenses": 2548660000, "totalOperatingExpenses": 23177140000, "operatingIncome": 4653180000, "totalOtherIncomeExpenseNet": -1481780000, "ebit": 4653180000, "interestExpense": -1779500000, "incomeBeforeTax": 3171400000, "incomeTaxExpense": 1002700000, "minorityInterest": {}, "netIncomeFromContinuingOps": 2168700000, "discontinuedOperations": {}, "extraordinaryItems": {}, "effectOfAccountingCharges": {}, "otherItems": {}, "netIncome": 2168700000, "netIncomeApplicableToCommonShares": 2168700000}, {"maxAge": 1, "endDate": "2017-03-31", "totalRevenue": 22290570000, "costOfRevenue": 13259820000, "grossProfit": 9030750000, "researchDevelopment": {}, "sellingGeneralAdministrative": 2680060000, "nonRecurring": {}, "otherOperatingExpenses": 2152610000, "totalOperatingExpenses": 18730720000, "operatingIncome": 3559850000, "totalOtherIncomeExpenseNet": -982100000, "ebit": 3559850000, "interestExpense": -1327470000, "incomeBeforeTax": 2577750000, "incomeTaxExpense": 970220000, "minorityInterest": {}, "netIncomeFromContinuingOps": 1607530000, "discontinuedOperations": {}, "extraordinaryItems": {}, "effectOfAccountingCharges": {}, "otherItems": {}, "netIncome": 1607530000, "netIncomeApplicableToCommonShares": 1607530000}], "maxAge": 86400}, "fundOwnership": {"ownershipList": [{"maxAge": 1, "reportDate": "2021-01-31", "organization": "Vanguard International Stock Index-Emerging Markets Stk", "pctHeld": 0.0055, "position": 522118, "value": 240565868}, {"maxAge": 1, "reportDate": "2021-01-31", "organization": "DFA Emerging Markets Core Equity Portfolio", "pctHeld": 0.0050999997, "position": 483831, "value": 222925133}, {"maxAge": 1, "reportDate": "2021-01-31", "organization": "Vanguard International Stock Index-Total Intl Stock Indx", "pctHeld": 0.0049, "position": 467630, "value": 215460522}, {"maxAge": 1, "reportDate": "2021-01-31", "organization": "DFA Investment Dimensions-DFA Emerging Mkts Value", "pctHeld": 0.0042, "position": 397498, "value": 183147203}, {"maxAge": 1, "reportDate": "2020-12-31", "organization": "Morgan Stanley India Investment Fund", "pctHeld": 0.0034, "position": 320288, "value": 132807419}, {"maxAge": 1, "reportDate": "2021-01-31", "organization": "DFA Emerging Markets Small Cap Series", "pctHeld": 0.0028, "position": 261447, "value": 120461705}, {"maxAge": 1, "reportDate": "2021-01-31", "organization": "Vanguard Global ex U.S. Real Estate Index Fund", "pctHeld": 0.0018000001, "position": 173716, "value": 80039647}, {"maxAge": 1, "reportDate": "2021-02-28", "organization": "WisdomTree Tr-WisdomTree Emerging Markets Small Cap Dividend Fund", "pctHeld": 0.0016, "position": 147452, "value": 64783036}, {"maxAge": 1, "reportDate": "2021-01-31", "organization": "Vanguard Intl Equity Index Fds-FTSE All World ex U.S.Small Cap Index", "pctHeld": 0.0013, "position": 126746, "value": 58398219}, {"maxAge": 1, "reportDate": "2021-03-31", "organization": "iShares MSCI India Small Cap ETF", "pctHeld": 0.00090000004, "position": 88788, "value": 38795916}], "maxAge": 1}, "summaryDetail": {"maxAge": 1, "priceHint": 2, "previousClose": 495.65, "open": 494.85, "dayLow": 483.0, "dayHigh": 502.5, "regularMarketPreviousClose": 495.65, "regularMarketOpen": 494.85, "regularMarketDayLow": 483.0, "regularMarketDayHigh": 502.5, "dividendRate": 7.0, "dividendYield": 0.014099999, "exDividendDate": "2020-07-23 05:30:00", "payoutRatio": 0.6972, "fiveYearAvgDividendYield": 1.45, "beta": 1.501142, "trailingPE": 48.397057, "forwardPE": 20.279516, "volume": 142142, "regularMarketVolume": 142142, "averageVolume": 248345, "averageVolume10days": 86017, "averageDailyVolume10Day": 86017, "bid": 0.0, "ask": 0.0, "bidSize": 0, "askSize": 0, "marketCap": 46085976064, "fiftyTwoWeekLow": 163.5, "fiftyTwoWeekHigh": 502.5, "priceToSalesTrailing12Months": 1.868513, "fiftyDayAverage": 450.12646, "twoHundredDayAverage": 368.1202, "trailingAnnualDividendRate": 7.0, "trailingAnnualDividendYield": 0.014122869, "currency": "INR", "fromCurrency": null, "lastMarket": null, "algorithm": null, "tradeable": false}, "insiderHolders": {"holders": [{"maxAge": 1, "name": "Menon (P N C)", "relation": "Chairman of the Board", "url": "", "transactionDescription": "Other", "latestTransDate": "2016-07-20", "positionDirect": 12223903, "positionDirectDate": "2016-07-20"}, {"maxAge": 1, "name": "Menon (Ravi)", "relation": "Promoter", "url": "", "transactionDescription": "Acquisition", "latestTransDate": "2020-09-11", "positionDirect": 3185930, "positionDirectDate": "2020-09-11"}, {"maxAge": 1, "name": "Menon (Sobha)", "relation": "UNREPORTED", "url": "", "transactionDescription": "Sale", "latestTransDate": "2019-06-21", "positionDirect": 28726420, "positionDirectDate": "2019-06-21"}, {"maxAge": 1, "name": "Platinum Asia Fund", "relation": "Investment Advisor", "url": "", "transactionDescription": "Acquisition", "latestTransDate": "2015-04-29", "positionDirect": 6951555, "positionDirectDate": "2015-04-29"}, {"maxAge": 1, "name": "Prabhakaran (Ramakrishnan)", "relation": "Deputy Managing Director", "url": "", "transactionDescription": "Sale", "latestTransDate": "2013-12-03", "positionDirect": 0, "positionDirectDate": "2013-12-03"}, {"maxAge": 1, "name": "Reliance Capital Trustee Co Ltd - Reliance", "relation": "UNREPORTED", "url": "", "transactionDescription": "Sale", "latestTransDate": "2010-10-07", "positionDirect": 2634416, "positionDirectDate": "2010-10-07"}, {"maxAge": 1, "name": "Sarathy (T P Sanjaya)", "relation": "UNREPORTED", "url": "", "transactionDescription": "Sale", "latestTransDate": "2017-10-17", "positionDirect": 1000, "positionDirectDate": "2017-10-17"}, {"maxAge": 1, "name": "Sharma (J C)", "relation": "Executive Vice Chairman", "url": "", "transactionDescription": "Acquisition", "latestTransDate": "2020-03-27", "positionDirect": 107177, "positionDirectDate": "2020-03-27"}], "maxAge": 1}, "calendarEvents": {"maxAge": 1, "earnings": {"earningsDate": [], "earningsAverage": 5.35, "earningsLow": 5.35, "earningsHigh": 5.35, "revenueAverage": 6991500000, "revenueLow": 6656000000, "revenueHigh": 7327000000}, "exDividendDate": "2020-07-23 05:30:00"}, "upgradeDowngradeHistory": {"history": [], "maxAge": 86400}, "price": {"maxAge": 1, "regularMarketChangePercent": -0.019267604, "regularMarketChange": -9.549988, "regularMarketTime": "2021-04-30 15:29:59", "priceHint": 2, "regularMarketPrice": 486.1, "regularMarketDayHigh": 502.5, "regularMarketDayLow": 483.0, "regularMarketVolume": 142142, "averageDailyVolume10Day": 86017, "averageDailyVolume3Month": 248345, "regularMarketPreviousClose": 495.65, "regularMarketSource": "FREE_REALTIME", "regularMarketOpen": 494.85, "exchange": "NSI", "exchangeName": "NSE", "exchangeDataDelayedBy": 15, "marketState": "CLOSED", "quoteType": "EQUITY", "symbol": "SOBHA.NS", "underlyingSymbol": null, "shortName": "SOBHA LIMITED", "longName": "Sobha Limited", "currency": "INR", "quoteSourceName": "Delayed Quote", "currencySymbol": "\u20b9", "fromCurrency": null, "lastMarket": null, "marketCap": 46085976064}, "balanceSheetHistory": {"balanceSheetStatements": [{"maxAge": 1, "endDate": "2020-03-31", "cash": 675090000, "shortTermInvestments": 2128290000, "netReceivables": 5537130000, "inventory": 67044900000, "otherCurrentAssets": 18569440000, "totalCurrentAssets": 94166950000, "longTermInvestments": 1142690000, "propertyPlantEquipment": 4758900000, "goodWill": 222090000, "intangibleAssets": 9650000, "otherAssets": 9821980000, "deferredLongTermAssetCharges": 20560000, "totalAssets": 110122260000, "accountsPayable": 9566880000, "shortLongTermDebt": 170920000, "otherCurrentLiab": 42482000000, "longTermDebt": 2377640000, "otherLiab": 456000000, "totalCurrentLiabilities": 82915970000, "totalLiab": 85810250000, "commonStock": 948460000, "retainedEarnings": 13921160000, "treasuryStock": 113470000, "capitalSurplus": 9328920000, "otherStockholderEquity": 113470000, "totalStockholderEquity": 24312010000, "netTangibleAssets": 24080270000}, {"maxAge": 1, "endDate": "2019-03-31", "cash": 1644540000, "netReceivables": 3668270000, "inventory": 65173370000, "otherCurrentAssets": 22424350000, "totalCurrentAssets": 93096410000, "longTermInvestments": 1128240000, "propertyPlantEquipment": 2841970000, "goodWill": 127140000, "intangibleAssets": 2750000, "otherAssets": 10274670000, "deferredLongTermAssetCharges": 1008890000, "totalAssets": 107471180000, "accountsPayable": 11327650000, "shortLongTermDebt": 1612040000, "otherCurrentLiab": 44945180000, "longTermDebt": 48130000, "otherLiab": 195010000, "totalCurrentLiabilities": 84936940000, "totalLiab": 85180080000, "commonStock": 948460000, "retainedEarnings": 11604640000, "treasuryStock": 409080000, "capitalSurplus": 9328920000, "otherStockholderEquity": 409080000, "totalStockholderEquity": 22291100000, "netTangibleAssets": 22161210000}, {"maxAge": 1, "endDate": "2018-03-31", "cash": 1059640000, "netReceivables": 7021720000, "inventory": 48348950000, "otherCurrentAssets": 21598010000, "totalCurrentAssets": 78147350000, "longTermInvestments": 1124840000, "propertyPlantEquipment": 2795920000, "intangibleAssets": 1180000, "otherAssets": 8178860000, "totalAssets": 90248150000, "accountsPayable": 7204980000, "shortLongTermDebt": 225000000, "otherCurrentLiab": 27714140000, "longTermDebt": 2788280000, "otherLiab": 2705790000, "totalCurrentLiabilities": 57054770000, "totalLiab": 62548840000, "commonStock": 948460000, "retainedEarnings": 16825860000, "treasuryStock": 596070000, "capitalSurplus": 9328920000, "otherStockholderEquity": 596070000, "totalStockholderEquity": 27699310000, "netTangibleAssets": 27698130000}, {"maxAge": 1, "endDate": "2017-03-31", "cash": 1240020000, "netReceivables": 6830650000, "inventory": 50959930000, "otherCurrentAssets": 19029440000, "totalCurrentAssets": 78118240000, "longTermInvestments": 180000, "propertyPlantEquipment": 3177750000, "intangibleAssets": 1920000, "otherAssets": 7632290000, "totalAssets": 88930380000, "accountsPayable": 7693290000, "shortLongTermDebt": 424340000, "otherCurrentLiab": 28582110000, "longTermDebt": 4423330000, "otherLiab": 2446340000, "totalCurrentLiabilities": 55615930000, "totalLiab": 62485600000, "commonStock": 963050000, "retainedEarnings": 15012510000, "treasuryStock": 534890000, "capitalSurplus": 9934330000, "otherStockholderEquity": 534890000, "totalStockholderEquity": 26444780000, "netTangibleAssets": 26442860000}], "maxAge": 86400}, "earningsTrend": {"trend": [{"maxAge": 1, "period": "0q", "endDate": "2018-06-30", "growth": 0.081, "earningsEstimate": {"avg": 5.35, "low": 5.35, "high": 5.35, "yearAgoEps": 4.95, "numberOfAnalysts": 1, "growth": 0.081}, "revenueEstimate": {"avg": 6991500000, "low": 6656000000, "high": 7327000000, "numberOfAnalysts": 2, "yearAgoRevenue": 6749000000, "growth": 0.036}, "epsTrend": {"current": 5.35, "7daysAgo": 5.35, "30daysAgo": 5.35, "60daysAgo": 5.35, "90daysAgo": 5.35}, "epsRevisions": {"upLast7days": 0, "upLast30days": 0, "downLast30days": 0, "downLast90days": {}}}, {"maxAge": 1, "period": "+1q", "endDate": "2018-09-30", "growth": 0.117, "earningsEstimate": {"avg": 5.83, "low": 5.83, "high": 5.83, "yearAgoEps": 5.22, "numberOfAnalysts": 1, "growth": 0.117}, "revenueEstimate": {"avg": 0, "low": 0, "high": 0, "numberOfAnalysts": 0, "yearAgoRevenue": {}, "growth": {}}, "epsTrend": {"current": 5.83, "7daysAgo": 5.83, "30daysAgo": 5.83, "60daysAgo": 5.83, "90daysAgo": 5.83}, "epsRevisions": {"upLast7days": 0, "upLast30days": 0, "downLast30days": 0, "downLast90days": {}}}, {"maxAge": 1, "period": "0y", "endDate": "2019-03-31", "growth": 0.148, "earningsEstimate": {"avg": 26.03, "low": 20.2, "high": 30.4, "yearAgoEps": 22.67, "numberOfAnalysts": 19, "growth": 0.148}, "revenueEstimate": {"avg": 29765900000, "low": 23389000000, "high": 33202100000, "numberOfAnalysts": 19, "yearAgoRevenue": 27830000000, "growth": 0.07}, "epsTrend": {"current": 26.03, "7daysAgo": 26.18, "30daysAgo": 26.01, "60daysAgo": 25.02, "90daysAgo": 24.92}, "epsRevisions": {"upLast7days": 0, "upLast30days": 1, "downLast30days": 1, "downLast90days": {}}}, {"maxAge": 1, "period": "+1y", "endDate": "2020-03-31", "growth": 0.18100001, "earningsEstimate": {"avg": 30.73, "low": 23.2, "high": 41.9, "yearAgoEps": 26.03, "numberOfAnalysts": 19, "growth": 0.18100001}, "revenueEstimate": {"avg": 33262300000, "low": 28287000000, "high": 38152200000, "numberOfAnalysts": 19, "yearAgoRevenue": 29765900000, "growth": 0.117}, "epsTrend": {"current": 30.73, "7daysAgo": 30.88, "30daysAgo": 30.81, "60daysAgo": 29.08, "90daysAgo": 28.88}, "epsRevisions": {"upLast7days": 0, "upLast30days": 0, "downLast30days": 1, "downLast90days": {}}}, {"maxAge": 1, "period": "+5y", "endDate": null, "growth": 0.137, "earningsEstimate": {"avg": {}, "low": {}, "high": {}, "yearAgoEps": {}, "numberOfAnalysts": {}, "growth": {}}, "revenueEstimate": {"avg": {}, "low": {}, "high": {}, "numberOfAnalysts": {}, "yearAgoRevenue": {}, "growth": {}}, "epsTrend": {"current": {}, "7daysAgo": {}, "30daysAgo": {}, "60daysAgo": {}, "90daysAgo": {}}, "epsRevisions": {"upLast7days": {}, "upLast30days": {}, "downLast30days": {}, "downLast90days": {}}}, {"maxAge": 1, "period": "-5y", "endDate": null, "growth": -0.0475, "earningsEstimate": {"avg": {}, "low": {}, "high": {}, "yearAgoEps": {}, "numberOfAnalysts": {}, "growth": {}}, "revenueEstimate": {"avg": {}, "low": {}, "high": {}, "numberOfAnalysts": {}, "yearAgoRevenue": {}, "growth": {}}, "epsTrend": {"current": {}, "7daysAgo": {}, "30daysAgo": {}, "60daysAgo": {}, "90daysAgo": {}}, "epsRevisions": {"upLast7days": {}, "upLast30days": {}, "downLast30days": {}, "downLast90days": {}}}], "maxAge": 1}, "institutionOwnership": {"ownershipList": [], "maxAge": 1}, "majorHoldersBreakdown": {"maxAge": 1, "insidersPercentHeld": 0.65458, "institutionsPercentHeld": 0.27417, "institutionsFloatPercentHeld": 0.79371, "institutionsCount": 40}, "balanceSheetHistoryQuarterly": {"balanceSheetStatements": [{"maxAge": 1, "endDate": "2020-12-31", "totalStockholderEquity": 23884000000, "netTangibleAssets": 23652000000}, {"maxAge": 1, "endDate": "2020-09-30", "cash": 1062000000, "shortTermInvestments": 8287000000, "netReceivables": 2420000000, "inventory": 67342000000, "otherCurrentAssets": 15357000000, "totalCurrentAssets": 94468000000, "longTermInvestments": 1143000000, "propertyPlantEquipment": 4704000000, "intangibleAssets": 232000000, "otherAssets": 9190000000, "deferredLongTermAssetCharges": 22000000, "totalAssets": 109737000000, "accountsPayable": 7184000000, "otherCurrentLiab": 46941000000, "longTermDebt": 3691000000, "otherLiab": 428000000, "totalCurrentLiabilities": 81696000000, "totalLiab": 85853000000, "commonStock": 948000000, "treasuryStock": 22936000000, "otherStockholderEquity": 22936000000, "totalStockholderEquity": 23884000000, "netTangibleAssets": 23652000000}, {"maxAge": 1, "endDate": "2020-06-30", "cash": 1039000000, "shortTermInvestments": 8331000000, "netReceivables": 2457000000, "inventory": 67482000000, "otherCurrentAssets": 15402000000, "totalCurrentAssets": 94711000000, "longTermInvestments": 1143000000, "propertyPlantEquipment": 4668000000, "intangibleAssets": 232000000, "otherAssets": 9100000000, "deferredLongTermAssetCharges": 22000000, "totalAssets": 109854000000, "accountsPayable": 8028000000, "otherCurrentLiab": 46322000000, "longTermDebt": 2365000000, "otherLiab": 342000000, "totalCurrentLiabilities": 82719000000, "totalLiab": 85475000000, "commonStock": 948000000, "treasuryStock": 23431000000, "otherStockholderEquity": 23431000000, "totalStockholderEquity": 24379000000, "netTangibleAssets": 24147000000}, {"maxAge": 1, "endDate": "2020-03-31", "cash": 675090000, "shortTermInvestments": 2128290000, "netReceivables": 5537130000, "inventory": 67044900000, "otherCurrentAssets": 18569440000, "totalCurrentAssets": 94166950000, "longTermInvestments": 1142690000, "propertyPlantEquipment": 4758900000, "goodWill": 222090000, "intangibleAssets": 9650000, "otherAssets": 9821980000, "deferredLongTermAssetCharges": 20560000, "totalAssets": 110122260000, "accountsPayable": 9566880000, "shortLongTermDebt": 170920000, "otherCurrentLiab": 42482000000, "longTermDebt": 2377640000, "otherLiab": 456000000, "totalCurrentLiabilities": 82915970000, "totalLiab": 85810250000, "commonStock": 948460000, "retainedEarnings": 13921160000, "treasuryStock": 113470000, "capitalSurplus": 9328920000, "otherStockholderEquity": 113470000, "totalStockholderEquity": 24312010000, "netTangibleAssets": 24080270000}], "maxAge": 86400}, "earningsHistory": {"history": [{"maxAge": 1, "epsActual": 4.95, "epsEstimate": 4.87, "epsDifference": 0.08, "surprisePercent": 0.016, "quarter": "2017-06-30", "period": "-4q"}, {"maxAge": 1, "epsActual": 5.22, "epsEstimate": 4.86, "epsDifference": 0.36, "surprisePercent": 0.074, "quarter": "2017-09-30", "period": "-3q"}, {"maxAge": 1, "epsActual": 5.62, "epsEstimate": 5.62, "epsDifference": 0.0, "surprisePercent": 0.0, "quarter": "2017-12-31", "period": "-2q"}, {"maxAge": 1, "epsActual": 6.9, "epsEstimate": 5.78, "epsDifference": 1.12, "surprisePercent": 0.19399999, "quarter": "2018-03-31", "period": "-1q"}], "maxAge": 86400}, "summaryProfile": {"address1": "SOBHA", "address2": "Sarjapur-Marathahalli Outer Ring Road Devarabisanahalli Bellandur Post", "city": "Bengaluru", "zip": "560103", "country": "India", "phone": "91 80 4932 0000", "fax": "91 80 4932 0444", "website": "http://www.sobha.com", "industry": "Real Estate\u2014Development", "sector": "Real Estate", "longBusinessSummary": "Sobha Limited engages in the construction, development, sale, management, and operation of residential and commercial projects primarily in India. The company operates through two segments, Real Estate, and Contractual and Manufacturing. Its residential projects include luxury and super luxury apartments, presidential apartments, villas, row houses, plotted developments, and aspirational homes; and contractual projects for corporates comprise offices, convention centers, software development blocks, multiplex theatres, hostel facilities, hotels, guest houses, food courts, restaurants, research centers, club houses, and factory buildings. The company also manufactures doors and door frames; fitted and loose furniture for hotels and serviced apartments; panelings, partitions, discussion tables, office workstations, reception desks, lift claddings, etc.; and modular kitchens, wardrobes, sofas, dining tables, exclusive chairs, etc. In addition, it undertakes contracts for corporate interiors for offices and hospitals; manufactures and markets aluminum doors, windows, structural glazing products, aluminum composite panels and SS claddings, and pre-engineered buildings; and undertakes other architectural metal works. Further, the company manufactures concrete products, such as concrete blocks, pavers, kerbs, water drainage channels, paving slabs, and landscape products; and mattresses under the Restoplus brand. The company was formerly known as Sobha Developers Limited and changed its name to Sobha Limited in August 2014. Sobha Limited was founded in 1995 and is headquartered in Bengaluru, India.", "fullTimeEmployees": 3219, "companyOfficers": [], "maxAge": 86400}, "netSharePurchaseActivity": {"maxAge": 1, "period": "6m", "buyInfoCount": 0, "buyInfoShares": 0, "sellInfoCount": 0, "netInfoCount": 0, "netInfoShares": 0, "netPercentInsiderShares": 0.0, "totalInsiderShares": 62012840}, "insiderTransactions": {"transactions": [{"maxAge": 1, "shares": 7891, "value": 25697, "filerUrl": "", "transactionText": "Acquisition at price 3.26 per share.", "filerName": "Menon (Ravi)", "filerRelation": "Promoter", "moneyText": "", "startDate": "2020-09-11", "ownership": "D"}, {"maxAge": 1, "shares": 17072, "value": 55376, "filerUrl": "", "transactionText": "Acquisition at price 3.24 per share.", "filerName": "Menon (Ravi)", "filerRelation": "Chairman of the Board", "moneyText": "", "startDate": "2020-09-10", "ownership": "D"}, {"maxAge": 1, "shares": 26500, "value": 90168, "filerUrl": "", "transactionText": "Acquisition at price 3.40 per share.", "filerName": "Menon (Ravi)", "filerRelation": "Chairman of the Board", "moneyText": "", "startDate": "2020-09-08", "ownership": "D"}, {"maxAge": 1, "shares": 10000, "value": 34942, "filerUrl": "", "transactionText": "Acquisition at price 3.49 per share.", "filerName": "Menon (Ravi)", "filerRelation": "Chairman of the Board", "moneyText": "", "startDate": "2020-09-04", "ownership": "D"}, {"maxAge": 1, "shares": 0, "filerUrl": "", "transactionText": "", "filerName": "Menon (Ravi)", "filerRelation": "Chairman of the Board", "moneyText": "", "startDate": "2020-09-04", "ownership": "I"}, {"maxAge": 1, "shares": 0, "filerUrl": "", "transactionText": "", "filerName": "Menon (Ravi)", "filerRelation": "Chairman of the Board", "moneyText": "", "startDate": "2020-09-01", "ownership": "I"}, {"maxAge": 1, "shares": 10600, "value": 37710, "filerUrl": "", "transactionText": "Acquisition at price 3.56 per share.", "filerName": "Menon (Ravi)", "filerRelation": "Promoter", "moneyText": "", "startDate": "2020-08-31", "ownership": "D"}, {"maxAge": 1, "shares": 3128, "filerUrl": "", "transactionText": "", "filerName": "Menon (Ravi)", "filerRelation": "Chairman of the Board", "moneyText": "", "startDate": "2020-08-31", "ownership": "D"}, {"maxAge": 1, "shares": 5339, "value": 16784, "filerUrl": "", "transactionText": "Acquisition at price 3.14 per share.", "filerName": "Menon (Ravi)", "filerRelation": "Promoter", "moneyText": "", "startDate": "2020-08-18", "ownership": "D"}, {"maxAge": 1, "shares": 66290, "filerUrl": "", "transactionText": "", "filerName": "Menon (Ravi)", "filerRelation": "Chairman of the Board", "moneyText": "", "startDate": "2020-03-31", "ownership": "D"}, {"maxAge": 1, "shares": 46940, "filerUrl": "", "transactionText": "", "filerName": "Menon (Ravi)", "filerRelation": "Chairman of the Board", "moneyText": "", "startDate": "2020-03-30", "ownership": "D"}, {"maxAge": 1, "shares": 20000, "filerUrl": "", "transactionText": "", "filerName": "Sharma (J C)", "filerRelation": "Executive Vice Chairman", "moneyText": "", "startDate": "2020-03-27", "ownership": "D"}, {"maxAge": 1, "shares": 15504, "filerUrl": "", "transactionText": "", "filerName": "Sharma (J C)", "filerRelation": "Executive Vice Chairman", "moneyText": "", "startDate": "2020-03-11", "ownership": "D"}, {"maxAge": 1, "shares": 5000, "filerUrl": "", "transactionText": "", "filerName": "Sharma (J C)", "filerRelation": "Executive Vice Chairman", "moneyText": "", "startDate": "2020-03-09", "ownership": "D"}, {"maxAge": 1, "shares": 6673, "filerUrl": "", "transactionText": "", "filerName": "Sharma (J C)", "filerRelation": "Executive Vice Chairman", "moneyText": "", "startDate": "2020-02-28", "ownership": "D"}, {"maxAge": 1, "shares": 10000, "filerUrl": "", "transactionText": "", "filerName": "Sharma (J C)", "filerRelation": "Executive Vice Chairman", "moneyText": "", "startDate": "2020-02-24", "ownership": "D"}, {"maxAge": 1, "shares": 185, "filerUrl": "", "transactionText": "", "filerName": "Menon (Ravi)", "filerRelation": "Chairman of the Board", "moneyText": "", "startDate": "2020-02-20", "ownership": "D"}, {"maxAge": 1, "shares": 15014, "filerUrl": "", "transactionText": "", "filerName": "Sharma (J C)", "filerRelation": "Executive Vice Chairman", "moneyText": "", "startDate": "2020-02-20", "ownership": "D"}, {"maxAge": 1, "shares": 28000, "filerUrl": "", "transactionText": "", "filerName": "Menon (Ravi)", "filerRelation": "Chairman of the Board", "moneyText": "", "startDate": "2020-02-19", "ownership": "D"}, {"maxAge": 1, "shares": 12623, "filerUrl": "", "transactionText": "", "filerName": "Sharma (J C)", "filerRelation": "Executive Chairman", "moneyText": "", "startDate": "2020-02-19", "ownership": "D"}, {"maxAge": 1, "shares": 4000000, "filerUrl": "", "transactionText": "", "filerName": "Menon (Sobha)", "filerRelation": "UNREPORTED", "moneyText": "", "startDate": "2019-06-21", "ownership": "D"}, {"maxAge": 1, "shares": 13475, "filerUrl": "", "transactionText": "", "filerName": "Sharma (J C)", "filerRelation": "Executive Vice Chairman", "moneyText": "", "startDate": "2019-06-04", "ownership": "D"}, {"maxAge": 1, "shares": 10000, "filerUrl": "", "transactionText": "", "filerName": "Sharma (J C)", "filerRelation": "Executive Vice Chairman", "moneyText": "", "startDate": "2019-05-27", "ownership": "D"}, {"maxAge": 1, "shares": 2900000, "filerUrl": "", "transactionText": "", "filerName": "Menon (Ravi)", "filerRelation": "Promoter", "moneyText": "", "startDate": "2019-04-03", "ownership": "D"}, {"maxAge": 1, "shares": 3620131, "filerUrl": "", "transactionText": "", "filerName": "Menon (Sobha)", "filerRelation": "Promoter", "moneyText": "", "startDate": "2019-04-03", "ownership": "D"}, {"maxAge": 1, "shares": 3017, "filerUrl": "", "transactionText": "", "filerName": "Menon (Ravi)", "filerRelation": "Chairman of the Board", "moneyText": "", "startDate": "2018-12-11", "ownership": "D"}, {"maxAge": 1, "shares": 2538, "filerUrl": "", "transactionText": "", "filerName": "Menon (Ravi)", "filerRelation": "Chairman of the Board", "moneyText": "", "startDate": "2018-12-10", "ownership": "D"}, {"maxAge": 1, "shares": 2000, "filerUrl": "", "transactionText": "", "filerName": "Menon (Ravi)", "filerRelation": "Chairman of the Board", "moneyText": "", "startDate": "2018-11-26", "ownership": "D"}, {"maxAge": 1, "shares": 4533, "filerUrl": "", "transactionText": "", "filerName": "Menon (Ravi)", "filerRelation": "Chairman of the Board", "moneyText": "", "startDate": "2018-10-26", "ownership": "D"}, {"maxAge": 1, "shares": 735, "filerUrl": "", "transactionText": "", "filerName": "Menon (Ravi)", "filerRelation": "Chairman of the Board", "moneyText": "", "startDate": "2018-10-25", "ownership": "D"}, {"maxAge": 1, "shares": 1594, "filerUrl": "", "transactionText": "", "filerName": "Menon (Ravi)", "filerRelation": "Chairman of the Board", "moneyText": "", "startDate": "2018-10-23", "ownership": "D"}, {"maxAge": 1, "shares": 16618, "filerUrl": "", "transactionText": "", "filerName": "Menon (Ravi)", "filerRelation": "Chairman of the Board", "moneyText": "", "startDate": "2018-10-19", "ownership": "D"}, {"maxAge": 1, "shares": 2823, "filerUrl": "", "transactionText": "", "filerName": "Sharma (J C)", "filerRelation": "Executive Vice Chairman", "moneyText": "", "startDate": "2018-09-10", "ownership": "D"}, {"maxAge": 1, "shares": 3000, "filerUrl": "", "transactionText": "", "filerName": "Sarathy (T P Sanjaya)", "filerRelation": "UNREPORTED", "moneyText": "", "startDate": "2017-10-17", "ownership": "D"}, {"maxAge": 1, "shares": 97000, "filerUrl": "", "transactionText": "", "filerName": "Sharma (J C)", "filerRelation": "Executive Vice Chairman", "moneyText": "", "startDate": "2017-10-06", "ownership": "D"}, {"maxAge": 1, "shares": 4000000, "filerUrl": "", "transactionText": "", "filerName": "Menon (Sobha)", "filerRelation": "Promoter", "moneyText": "", "startDate": "2017-04-07", "ownership": "D"}, {"maxAge": 1, "shares": 40000, "filerUrl": "", "transactionText": "", "filerName": "Sharma (J C)", "filerRelation": "Executive Vice Chairman", "moneyText": "", "startDate": "2017-04-05", "ownership": "D"}, {"maxAge": 1, "shares": 264619, "filerUrl": "", "transactionText": "", "filerName": "Menon (P N C)", "filerRelation": "Chairman of the Board", "moneyText": "", "startDate": "2016-07-20", "ownership": "D"}, {"maxAge": 1, "shares": 1001870, "filerUrl": "", "transactionText": "", "filerName": "Menon (Sobha)", "filerRelation": "Promoter", "moneyText": "", "startDate": "2016-07-20", "ownership": "D"}, {"maxAge": 1, "shares": 5000, "filerUrl": "", "transactionText": "", "filerName": "Sharma (J C)", "filerRelation": "Executive Vice Chairman", "moneyText": "", "startDate": "2015-09-18", "ownership": "D"}, {"maxAge": 1, "shares": 4998, "filerUrl": "", "transactionText": "", "filerName": "Sharma (J C)", "filerRelation": "Executive Vice Chairman", "moneyText": "", "startDate": "2015-09-09", "ownership": "D"}, {"maxAge": 1, "shares": 2, "filerUrl": "", "transactionText": "", "filerName": "Sharma (J C)", "filerRelation": "Executive Vice Chairman", "moneyText": "", "startDate": "2015-09-08", "ownership": "D"}, {"maxAge": 1, "shares": 26190, "filerUrl": "", "transactionText": "", "filerName": "Platinum Asia Fund", "filerRelation": "Investment Advisor", "moneyText": "", "startDate": "2015-04-29", "ownership": "D"}, {"maxAge": 1, "shares": 22914, "filerUrl": "", "transactionText": "", "filerName": "Sharma (J C)", "filerRelation": "Executive Vice Chairman", "moneyText": "", "startDate": "2014-06-09", "ownership": "D"}, {"maxAge": 1, "shares": 2500, "filerUrl": "", "transactionText": "", "filerName": "Prabhakaran (Ramakrishnan)", "filerRelation": "Deputy Managing Director", "moneyText": "", "startDate": "2013-12-03", "ownership": "D"}, {"maxAge": 1, "shares": 10000, "filerUrl": "", "transactionText": "", "filerName": "Sharma (J C)", "filerRelation": "Executive Vice Chairman", "moneyText": "", "startDate": "2013-09-04", "ownership": "D"}, {"maxAge": 1, "shares": 3000, "filerUrl": "", "transactionText": "", "filerName": "Sharma (J C)", "filerRelation": "Executive Vice Chairman", "moneyText": "", "startDate": "2013-07-31", "ownership": "D"}, {"maxAge": 1, "shares": 2000, "filerUrl": "", "transactionText": "", "filerName": "Sharma (J C)", "filerRelation": "Executive Vice Chairman", "moneyText": "", "startDate": "2013-07-30", "ownership": "D"}, {"maxAge": 1, "shares": 5206, "filerUrl": "", "transactionText": "", "filerName": "Sharma (J C)", "filerRelation": "Executive Vice Chairman", "moneyText": "", "startDate": "2013-07-26", "ownership": "D"}, {"maxAge": 1, "shares": 5000, "filerUrl": "", "transactionText": "", "filerName": "Sharma (J C)", "filerRelation": "Executive Vice Chairman", "moneyText": "", "startDate": "2013-07-23", "ownership": "D"}, {"maxAge": 1, "shares": 2500, "filerUrl": "", "transactionText": "", "filerName": "Prabhakaran (Ramakrishnan)", "filerRelation": "Deputy Managing Director", "moneyText": "", "startDate": "2013-07-22", "ownership": "D"}, {"maxAge": 1, "shares": 5052, "filerUrl": "", "transactionText": "", "filerName": "Sharma (J C)", "filerRelation": "Executive Vice Chairman", "moneyText": "", "startDate": "2013-04-04", "ownership": "D"}, {"maxAge": 1, "shares": 32920, "filerUrl": "", "transactionText": "", "filerName": "Menon (Ravi)", "filerRelation": "Co-Chairman", "moneyText": "", "startDate": "2012-05-25", "ownership": "D"}, {"maxAge": 1, "shares": 3000, "filerUrl": "", "transactionText": "", "filerName": "Sharma (J C)", "filerRelation": "Managing Director", "moneyText": "", "startDate": "2012-01-02", "ownership": "D"}, {"maxAge": 1, "shares": 4700, "filerUrl": "", "transactionText": "", "filerName": "Sharma (J C)", "filerRelation": "Managing Director", "moneyText": "", "startDate": "2011-09-09", "ownership": "D"}, {"maxAge": 1, "shares": 5000, "filerUrl": "", "transactionText": "", "filerName": "Sharma (J C)", "filerRelation": "Managing Director", "moneyText": "", "startDate": "2011-02-09", "ownership": "D"}, {"maxAge": 1, "shares": 5000, "filerUrl": "", "transactionText": "", "filerName": "Sharma (J C)", "filerRelation": "Managing Director", "moneyText": "", "startDate": "2011-02-03", "ownership": "D"}, {"maxAge": 1, "shares": 1224400, "filerUrl": "", "transactionText": "", "filerName": "Reliance Capital Trustee Co Ltd - Reliance", "filerRelation": "UNREPORTED", "moneyText": "", "startDate": "2010-10-07", "ownership": "D"}, {"maxAge": 1, "shares": 4000000, "filerUrl": "", "transactionText": "", "filerName": "Menon (P N C)", "filerRelation": "Chairman of the Board", "moneyText": "", "startDate": "2010-02-08", "ownership": "D"}], "maxAge": 1}, "sectorTrend": {"maxAge": 1, "symbol": null, "estimates": []}, "incomeStatementHistoryQuarterly": {"incomeStatementHistory": [{"maxAge": 1, "endDate": "2020-12-31", "totalRevenue": 6844000000, "costOfRevenue": 3736000000, "grossProfit": 3108000000, "researchDevelopment": {}, "sellingGeneralAdministrative": 483000000, "nonRecurring": {}, "otherOperatingExpenses": 839000000, "totalOperatingExpenses": 5264000000, "operatingIncome": 1580000000, "totalOtherIncomeExpenseNet": -1257000000, "ebit": 1580000000, "interestExpense": -1376000000, "incomeBeforeTax": 323000000, "incomeTaxExpense": 107000000, "minorityInterest": {}, "netIncomeFromContinuingOps": 216000000, "discontinuedOperations": {}, "extraordinaryItems": {}, "effectOfAccountingCharges": {}, "otherItems": {}, "netIncome": 216000000, "netIncomeApplicableToCommonShares": 216000000}, {"maxAge": 1, "endDate": "2020-09-30", "totalRevenue": 5220000000, "costOfRevenue": 4184000000, "grossProfit": 1036000000, "researchDevelopment": {}, "sellingGeneralAdministrative": 483000000, "nonRecurring": {}, "otherOperatingExpenses": 839000000, "totalOperatingExpenses": 4379000000, "operatingIncome": 841000000, "totalOtherIncomeExpenseNet": -612000000, "ebit": 841000000, "interestExpense": -851000000, "incomeBeforeTax": 229000000, "incomeTaxExpense": 67000000, "minorityInterest": {}, "netIncomeFromContinuingOps": 162000000, "discontinuedOperations": {}, "extraordinaryItems": {}, "effectOfAccountingCharges": {}, "otherItems": {}, "netIncome": 162000000, "netIncomeApplicableToCommonShares": 162000000}, {"maxAge": 1, "endDate": "2020-06-30", "totalRevenue": 3500000000, "costOfRevenue": 651000000, "grossProfit": 2849000000, "researchDevelopment": {}, "sellingGeneralAdministrative": 304000000, "nonRecurring": {}, "otherOperatingExpenses": 611000000, "totalOperatingExpenses": 1755000000, "operatingIncome": 1745000000, "totalOtherIncomeExpenseNet": -1691000000, "ebit": 1745000000, "interestExpense": -1784000000, "incomeBeforeTax": 54000000, "incomeTaxExpense": -12000000, "minorityInterest": {}, "netIncomeFromContinuingOps": 66000000, "discontinuedOperations": {}, "extraordinaryItems": {}, "effectOfAccountingCharges": {}, "otherItems": {}, "netIncome": 66000000, "netIncomeApplicableToCommonShares": 66000000}, {"maxAge": 1, "endDate": "2020-03-31", "totalRevenue": 9100520000, "costOfRevenue": 5212600000, "grossProfit": 3887920000, "researchDevelopment": {}, "sellingGeneralAdministrative": 1381290000, "nonRecurring": {}, "otherOperatingExpenses": -48530000, "totalOperatingExpenses": 6742010000, "operatingIncome": 2358510000, "totalOtherIncomeExpenseNet": -1542960000, "ebit": 2358510000, "interestExpense": -1741910000, "incomeBeforeTax": 815550000, "incomeTaxExpense": 306860000, "minorityInterest": {}, "netIncomeFromContinuingOps": 508690000, "discontinuedOperations": {}, "extraordinaryItems": {}, "effectOfAccountingCharges": {}, "otherItems": {}, "netIncome": 508690000, "netIncomeApplicableToCommonShares": 508690000}], "maxAge": 86400}, "cashflowStatementHistoryQuarterly": {"cashflowStatements": [{"maxAge": 1, "endDate": "2020-12-31", "netIncome": 216000000, "changeToLiabilities": 0}, {"maxAge": 1, "endDate": "2020-09-30", "netIncome": 162000000, "depreciation": 195000000, "changeToNetincome": 940000000, "changeToLiabilities": 0, "totalCashFromOperatingActivities": 1297000000, "otherCashflowsFromInvestingActivities": -24000000, "totalCashflowsFromInvestingActivities": -134000000, "dividendsPaid": -664000000, "otherCashflowsFromFinancingActivities": -696000000, "totalCashFromFinancingActivities": -1360000000, "changeInCash": -197000000}, {"maxAge": 1, "endDate": "2020-06-30", "netIncome": 66000000, "depreciation": 195000000, "changeToNetincome": 940000000, "changeToLiabilities": 0, "totalCashFromOperatingActivities": 1297000000, "otherCashflowsFromInvestingActivities": -24000000, "totalCashflowsFromInvestingActivities": -134000000, "dividendsPaid": -664000000, "otherCashflowsFromFinancingActivities": -696000000, "totalCashFromFinancingActivities": -1360000000, "changeInCash": -197000000}, {"maxAge": 1, "endDate": "2020-03-31", "netIncome": 508690000, "depreciation": 187430000, "changeToNetincome": 9151070000, "changeToAccountReceivables": -623350000, "changeToLiabilities": -1742280000, "changeToInventory": -3157760000, "changeToOperatingActivities": -2261170000, "totalCashFromOperatingActivities": 2063050000, "capitalExpenditures": -2607840000, "investments": -142330000, "otherCashflowsFromInvestingActivities": 593920000, "totalCashflowsFromInvestingActivities": 817130000, "dividendsPaid": -664000000, "netBorrowings": 3254680000, "otherCashflowsFromFinancingActivities": -506010000, "totalCashFromFinancingActivities": 2748670000, "changeInCash": 5630550000}], "maxAge": 86400}, "earnings": {"maxAge": 86400, "earningsChart": {"quarterly": [{"date": "2Q2017", "actual": 4.95, "estimate": 4.87}, {"date": "3Q2017", "actual": 5.22, "estimate": 4.86}, {"date": "4Q2017", "actual": 5.62, "estimate": 5.62}, {"date": "1Q2018", "actual": 6.9, "estimate": 5.78}], "currentQuarterEstimate": 5.35, "currentQuarterEstimateDate": "2Q", "currentQuarterEstimateYear": 2018, "earningsDate": []}, "financialsChart": {"yearly": [{"date": 2017, "revenue": 22290570000, "earnings": 1607530000}, {"date": 2018, "revenue": 27830320000, "earnings": 2168700000}, {"date": 2019, "revenue": 34420660000, "earnings": 2969930000}, {"date": 2020, "revenue": 37538520000, "earnings": 2816690000}], "quarterly": [{"date": "1Q2020", "revenue": 9100520000, "earnings": 508690000}, {"date": "2Q2020", "revenue": 3500000000, "earnings": 66000000}, {"date": "3Q2020", "revenue": 5220000000, "earnings": 162000000}, {"date": "4Q2020", "revenue": 6844000000, "earnings": 216000000}]}, "financialCurrency": "INR"}, "financialData": {"maxAge": 86400, "currentPrice": 486.1, "targetHighPrice": 764.0, "targetLowPrice": 363.0, "targetMeanPrice": 585.35, "targetMedianPrice": 600.0, "recommendationMean": 2.0, "recommendationKey": "buy", "numberOfAnalystOpinions": 20, "totalCash": 9349000192, "totalCashPerShare": 98.684, "ebitda": 7739870208, "totalDebt": 31157999616, "totalRevenue": 24664520704, "debtToEquity": 130.456, "revenuePerShare": 260.029, "grossProfits": 17355920000, "earningsGrowth": -0.705, "revenueGrowth": -0.225, "grossMargins": 0.50672, "ebitdaMargins": 0.31381, "operatingMargins": 0.28476, "profitMargins": 0.03862, "financialCurrency": "INR"}}}