{"SOLIDSTON.BO": {"cashflowStatementHistory": {"cashflowStatements": [{"maxAge": 1, "endDate": "2020-03-31", "netIncome": 7018450, "depreciation": 9395770, "changeToNetincome": 14356580, "changeToAccountReceivables": -12722260, "changeToLiabilities": 4689220, "changeToInventory": 17712170, "changeToOperatingActivities": -28766100, "totalCashFromOperatingActivities": 11684920, "capitalExpenditures": -2728290, "totalCashflowsFromInvestingActivities": -2639790, "netBorrowings": 11021520, "otherCashflowsFromFinancingActivities": -19093780, "totalCashFromFinancingActivities": -8072260, "changeInCash": 972870}, {"maxAge": 1, "endDate": "2019-03-31", "netIncome": 6763100, "depreciation": 4873290, "changeToNetincome": 21388830, "changeToAccountReceivables": 22376510, "changeToLiabilities": -47169470, "changeToInventory": -18973460, "changeToOperatingActivities": 39712230, "totalCashFromOperatingActivities": 28971030, "capitalExpenditures": -359310, "otherCashflowsFromInvestingActivities": -10, "totalCashflowsFromInvestingActivities": -274570, "netBorrowings": -7276280, "otherCashflowsFromFinancingActivities": -21589120, "totalCashFromFinancingActivities": -28865400, "changeInCash": -168940}, {"maxAge": 1, "endDate": "2018-03-31", "netIncome": 12235610, "depreciation": 4899280, "changeToNetincome": 17719850, "changeToAccountReceivables": -56614140, "changeToLiabilities": 40198820, "changeToInventory": 34244160, "changeToOperatingActivities": -27558550, "totalCashFromOperatingActivities": 25125030, "capitalExpenditures": -3485160, "otherCashflowsFromInvestingActivities": -10, "totalCashflowsFromInvestingActivities": -3485160, "netBorrowings": -655790, "otherCashflowsFromFinancingActivities": -20926700, "totalCashFromFinancingActivities": -21582490, "changeInCash": 57390}, {"maxAge": 1, "endDate": "2017-03-31", "netIncome": 8247890, "depreciation": 6674030, "changeToNetincome": 21909150, "changeToAccountReceivables": -12840370, "changeToLiabilities": -23135440, "changeToInventory": 22106160, "changeToOperatingActivities": -24034100, "totalCashFromOperatingActivities": -1072680, "capitalExpenditures": -77380, "otherCashflowsFromInvestingActivities": 1510, "totalCashflowsFromInvestingActivities": -42370, "netBorrowings": 24670590, "otherCashflowsFromFinancingActivities": -21312040, "totalCashFromFinancingActivities": 3358550, "changeInCash": 2243500}], "maxAge": 86400}, "institutionOwnership": {"ownershipList": [], "maxAge": 1}, "balanceSheetHistoryQuarterly": {"balanceSheetStatements": [{"maxAge": 1, "endDate": "2020-06-30", "totalStockholderEquity": 216958280, "netTangibleAssets": 216953610}, {"maxAge": 1, "endDate": "2020-03-31", "cash": 1837690, "shortTermInvestments": 3393300, "netReceivables": 172637890, "inventory": 194218410, "otherCurrentAssets": 47748530, "totalCurrentAssets": 419999180, "longTermInvestments": 9213610, "propertyPlantEquipment": 20763040, "intangibleAssets": 4670, "otherAssets": 5749040, "deferredLongTermAssetCharges": 2914670, "totalAssets": 455729540, "accountsPayable": 17315940, "shortLongTermDebt": 16946480, "otherCurrentLiab": 27721960, "longTermDebt": 11054950, "otherLiab": 4736350, "totalCurrentLiabilities": 222979960, "totalLiab": 238771260, "commonStock": 53800000, "retainedEarnings": 108974360, "treasuryStock": 1783920, "capitalSurplus": 52400000, "otherStockholderEquity": 1783920, "totalStockholderEquity": 216958280, "netTangibleAssets": 216953610}, {"maxAge": 1, "endDate": "2019-12-31", "totalStockholderEquity": 212107000, "netTangibleAssets": 212101000}, {"maxAge": 1, "endDate": "2019-09-30", "cash": 4302000, "netReceivables": 215945000, "inventory": 194948000, "otherCurrentAssets": 42056000, "totalCurrentAssets": 457251000, "longTermInvestments": 8901000, "propertyPlantEquipment": 24260000, "intangibleAssets": 6000, "otherAssets": 6102000, "deferredLongTermAssetCharges": 3339000, "totalAssets": 496520000, "accountsPayable": 57355000, "shortLongTermDebt": 14286000, "otherCurrentLiab": 57716000, "longTermDebt": 13029000, "otherLiab": 4709000, "totalCurrentLiabilities": 266675000, "totalLiab": 284413000, "commonStock": 53800000, "treasuryStock": 158307000, "otherStockholderEquity": 158307000, "totalStockholderEquity": 212107000, "netTangibleAssets": 212101000}], "maxAge": 86400}, "indexTrend": {"maxAge": 1, "symbol": "SP5", "peRatio": 19.7411, "pegRatio": 1.34172, "estimates": [{"period": "0q", "growth": 0.549}, {"period": "+1q", "growth": 0.431}, {"period": "0y", "growth": 0.305}, {"period": "+1y", "growth": 0.109}, {"period": "+5y", "growth": 0.120859005}, {"period": "-5y"}]}, "quoteType": {"exchange": "BSE", "quoteType": "EQUITY", "symbol": "SOLIDSTON.BO", "underlyingSymbol": "SOLIDSTON.BO", "shortName": "SOLID STONE COMPANY LTD.", "longName": "Solid Stone Company Limited", "firstTradeDateEpochUtc": "2004-12-07 09:15:00", "timeZoneFullName": "Asia/Kolkata", "timeZoneShortName": "IST", "uuid": "9e963e0f-14a8-363b-8735-3f07c765db41", "gmtOffSetMilliseconds": 19800000, "maxAge": 1}, "incomeStatementHistory": {"incomeStatementHistory": [{"maxAge": 1, "endDate": "2020-03-31", "totalRevenue": 365472880, "costOfRevenue": 282993260, "grossProfit": 82479620, "researchDevelopment": {}, "sellingGeneralAdministrative": 22960870, "nonRecurring": {}, "otherOperatingExpenses": 20682930, "totalOperatingExpenses": 336033920, "operatingIncome": 29438960, "totalOtherIncomeExpenseNet": -18756570, "ebit": 29438960, "interestExpense": -19156630, "incomeBeforeTax": 10682390, "incomeTaxExpense": 3663940, "minorityInterest": {}, "netIncomeFromContinuingOps": 7018450, "discontinuedOperations": {}, "extraordinaryItems": {}, "effectOfAccountingCharges": {}, "otherItems": {}, "netIncome": 7018450, "netIncomeApplicableToCommonShares": 7018450}, {"maxAge": 1, "endDate": "2019-03-31", "totalRevenue": 411690550, "costOfRevenue": 324189690, "grossProfit": 87500860, "researchDevelopment": {}, "sellingGeneralAdministrative": 29724670, "nonRecurring": {}, "otherOperatingExpenses": 23101910, "totalOperatingExpenses": 381889560, "operatingIncome": 29800990, "totalOtherIncomeExpenseNet": -19614920, "ebit": 29800990, "interestExpense": -19660560, "incomeBeforeTax": 10186070, "incomeTaxExpense": 3422970, "minorityInterest": {}, "netIncomeFromContinuingOps": 6763100, "discontinuedOperations": {}, "extraordinaryItems": {}, "effectOfAccountingCharges": {}, "otherItems": {}, "netIncome": 6763100, "netIncomeApplicableToCommonShares": 6763100}, {"maxAge": 1, "endDate": "2018-03-31", "totalRevenue": 613733220, "costOfRevenue": 527146870, "grossProfit": 86586350, "researchDevelopment": {}, "sellingGeneralAdministrative": 30254290, "nonRecurring": {}, "otherOperatingExpenses": 19293380, "totalOperatingExpenses": 581593820, "operatingIncome": 32139400, "totalOtherIncomeExpenseNet": -15654540, "ebit": 32139400, "interestExpense": -18991030, "incomeBeforeTax": 16484860, "incomeTaxExpense": 4249250, "minorityInterest": {}, "netIncomeFromContinuingOps": 12235610, "discontinuedOperations": {}, "extraordinaryItems": {}, "effectOfAccountingCharges": {}, "otherItems": {}, "netIncome": 12235610, "netIncomeApplicableToCommonShares": 12235610}, {"maxAge": 1, "endDate": "2017-03-31", "totalRevenue": 661244850, "costOfRevenue": 571684740, "grossProfit": 89560110, "researchDevelopment": {}, "sellingGeneralAdministrative": 27897180, "nonRecurring": {}, "otherOperatingExpenses": 21550760, "totalOperatingExpenses": 627806710, "operatingIncome": 33438140, "totalOtherIncomeExpenseNet": -21318470, "ebit": 33438140, "interestExpense": -18918760, "incomeBeforeTax": 12119670, "incomeTaxExpense": 3871780, "minorityInterest": {}, "netIncomeFromContinuingOps": 8247890, "discontinuedOperations": {}, "extraordinaryItems": {}, "effectOfAccountingCharges": {}, "otherItems": {}, "netIncome": 8247890, "netIncomeApplicableToCommonShares": 8247890}], "maxAge": 86400}, "fundOwnership": {"ownershipList": [], "maxAge": 1}, "summaryDetail": {"maxAge": 1, "priceHint": 2, "previousClose": 28.9, "open": 27.5, "dayLow": 27.5, "dayHigh": 27.5, "regularMarketPreviousClose": 28.9, "regularMarketOpen": 27.5, "regularMarketDayLow": 27.5, "regularMarketDayHigh": 27.5, "volume": 21, "regularMarketVolume": 21, "averageVolume": 33, "averageVolume10days": 6, "averageDailyVolume10Day": 6, "bid": 0.0, "ask": 35.35, "bidSize": 0, "askSize": 0, "marketCap": 147950000, "fiftyTwoWeekLow": 11.36, "fiftyTwoWeekHigh": 65.95, "fiftyDayAverage": 62.613636, "twoHundredDayAverage": 49.23125, "currency": "INR", "fromCurrency": null, "lastMarket": null, "algorithm": null, "tradeable": false}, "incomeStatementHistoryQuarterly": {"incomeStatementHistory": [{"maxAge": 1, "endDate": "2020-06-30", "totalRevenue": 9183000, "costOfRevenue": 8171000, "grossProfit": 1012000, "researchDevelopment": {}, "sellingGeneralAdministrative": 2767000, "nonRecurring": {}, "otherOperatingExpenses": 2280000, "totalOperatingExpenses": 15142000, "operatingIncome": -5959000, "totalOtherIncomeExpenseNet": -1397000, "ebit": -5959000, "interestExpense": -1431000, "incomeBeforeTax": -7356000, "incomeTaxExpense": -319000, "minorityInterest": {}, "netIncomeFromContinuingOps": -7037000, "discontinuedOperations": {}, "extraordinaryItems": {}, "effectOfAccountingCharges": {}, "otherItems": {}, "netIncome": -7037000, "netIncomeApplicableToCommonShares": -7037000}, {"maxAge": 1, "endDate": "2020-03-31", "totalRevenue": 119018880, "costOfRevenue": 98174260, "grossProfit": 20844620, "researchDevelopment": {}, "sellingGeneralAdministrative": 6632870, "nonRecurring": {}, "otherOperatingExpenses": 4197930, "totalOperatingExpenses": 111414920, "operatingIncome": 7603960, "totalOtherIncomeExpenseNet": -3282570, "ebit": 7603960, "interestExpense": -2911630, "incomeBeforeTax": 4321390, "incomeTaxExpense": 1769940, "minorityInterest": {}, "netIncomeFromContinuingOps": 2551450, "discontinuedOperations": {}, "extraordinaryItems": {}, "effectOfAccountingCharges": {}, "otherItems": {}, "netIncome": 2551450, "netIncomeApplicableToCommonShares": 2551450}, {"maxAge": 1, "endDate": "2019-12-31", "totalRevenue": 65410000, "costOfRevenue": 45025000, "grossProfit": 20385000, "researchDevelopment": {}, "sellingGeneralAdministrative": 5456000, "nonRecurring": {}, "otherOperatingExpenses": 5078000, "totalOperatingExpenses": 57922000, "operatingIncome": 7488000, "totalOtherIncomeExpenseNet": -4957000, "ebit": 7488000, "interestExpense": -5358000, "incomeBeforeTax": 2531000, "incomeTaxExpense": 691000, "minorityInterest": {}, "netIncomeFromContinuingOps": 1840000, "discontinuedOperations": {}, "extraordinaryItems": {}, "effectOfAccountingCharges": {}, "otherItems": {}, "netIncome": 1840000, "netIncomeApplicableToCommonShares": 1840000}, {"maxAge": 1, "endDate": "2019-09-30", "totalRevenue": 94997000, "costOfRevenue": 73942000, "grossProfit": 21055000, "researchDevelopment": {}, "sellingGeneralAdministrative": 5329000, "nonRecurring": {}, "otherOperatingExpenses": 5237000, "totalOperatingExpenses": 86828000, "operatingIncome": 8169000, "totalOtherIncomeExpenseNet": -5376000, "ebit": 8169000, "interestExpense": -5600000, "incomeBeforeTax": 2793000, "incomeTaxExpense": 886000, "minorityInterest": {}, "netIncomeFromContinuingOps": 1907000, "discontinuedOperations": {}, "extraordinaryItems": {}, "effectOfAccountingCharges": {}, "otherItems": {}, "netIncome": 1907000, "netIncomeApplicableToCommonShares": 1907000}], "maxAge": 86400}, "cashflowStatementHistoryQuarterly": {"cashflowStatements": [{"maxAge": 1, "endDate": "2020-06-30", "netIncome": -7037000, "changeToLiabilities": 0}, {"maxAge": 1, "endDate": "2020-03-31", "netIncome": 2551450, "changeToLiabilities": 0}, {"maxAge": 1, "endDate": "2019-12-31", "netIncome": 1840000, "changeToLiabilities": 0}, {"maxAge": 1, "endDate": "2019-09-30", "netIncome": 1907000, "changeToLiabilities": 0}], "maxAge": 86400}, "insiderHolders": {"holders": [], "maxAge": 1}, "calendarEvents": {"maxAge": 1, "earnings": {"earningsDate": []}}, "upgradeDowngradeHistory": {"history": [], "maxAge": 86400}, "price": {"maxAge": 1, "regularMarketChangePercent": -0.048442893, "regularMarketChange": -1.3999996, "regularMarketTime": "2021-04-30 15:18:08", "priceHint": 2, "regularMarketPrice": 27.5, "regularMarketDayHigh": 27.5, "regularMarketDayLow": 27.5, "regularMarketVolume": 21, "averageDailyVolume10Day": 6, "averageDailyVolume3Month": 33, "regularMarketPreviousClose": 28.9, "regularMarketSource": "FREE_REALTIME", "regularMarketOpen": 27.5, "exchange": "BSE", "exchangeName": "BSE", "exchangeDataDelayedBy": 0, "marketState": "CLOSED", "quoteType": "EQUITY", "symbol": "SOLIDSTON.BO", "underlyingSymbol": null, "shortName": "SOLID STONE COMPANY LTD.", "longName": "Solid Stone Company Limited", "currency": "INR", "quoteSourceName": "Delayed Quote", "currencySymbol": "\u20b9", "fromCurrency": null, "lastMarket": null, "marketCap": 147950000}, "balanceSheetHistory": {"balanceSheetStatements": [{"maxAge": 1, "endDate": "2020-03-31", "cash": 1837690, "shortTermInvestments": 3393300, "netReceivables": 172637890, "inventory": 194218410, "otherCurrentAssets": 47748530, "totalCurrentAssets": 419999180, "longTermInvestments": 9213610, "propertyPlantEquipment": 20763040, "intangibleAssets": 4670, "otherAssets": 5749040, "deferredLongTermAssetCharges": 2914670, "totalAssets": 455729540, "accountsPayable": 17315940, "shortLongTermDebt": 16946480, "otherCurrentLiab": 27721960, "longTermDebt": 11054950, "otherLiab": 4736350, "totalCurrentLiabilities": 222979960, "totalLiab": 238771260, "commonStock": 53800000, "retainedEarnings": 108974360, "treasuryStock": 1783920, "capitalSurplus": 52400000, "otherStockholderEquity": 1783920, "totalStockholderEquity": 216958280, "netTangibleAssets": 216953610}, {"maxAge": 1, "endDate": "2019-03-31", "cash": 786050, "shortTermInvestments": 3386110, "netReceivables": 163255290, "inventory": 211930580, "otherCurrentAssets": 41559390, "totalCurrentAssets": 421292410, "longTermInvestments": 9208440, "propertyPlantEquipment": 13240980, "otherAssets": 5721690, "deferredLongTermAssetCharges": 3127760, "totalAssets": 449463520, "accountsPayable": 12626710, "shortLongTermDebt": 12672140, "otherCurrentLiab": 54529840, "longTermDebt": 15090170, "otherLiab": 4435370, "totalCurrentLiabilities": 220266630, "totalLiab": 239792170, "commonStock": 53800000, "retainedEarnings": 101950740, "treasuryStock": 1520610, "capitalSurplus": 52400000, "otherStockholderEquity": 1520610, "totalStockholderEquity": 209671350, "netTangibleAssets": 209671350}, {"maxAge": 1, "endDate": "2018-03-31", "cash": 1233030, "shortTermInvestments": 3018310, "netReceivables": 206385720, "inventory": 192957110, "otherCurrentAssets": 40375610, "totalCurrentAssets": 444369990, "longTermInvestments": 9213710, "propertyPlantEquipment": 17754960, "otherAssets": 5613430, "deferredLongTermAssetCharges": 2960510, "totalAssets": 476952090, "accountsPayable": 59796180, "shortLongTermDebt": 9791700, "otherCurrentLiab": 34056890, "longTermDebt": 13452940, "otherLiab": 3897200, "totalCurrentLiabilities": 256738470, "totalLiab": 274088610, "commonStock": 53800000, "retainedEarnings": 95192900, "treasuryStock": 1470580, "capitalSurplus": 52400000, "otherStockholderEquity": 1470580, "totalStockholderEquity": 202863480, "netTangibleAssets": 202863480}, {"maxAge": 1, "endDate": "2017-03-31", "cash": 1124200, "shortTermInvestments": 3012510, "netReceivables": 140582550, "inventory": 227201270, "otherCurrentAssets": 87107890, "totalCurrentAssets": 459228730, "longTermInvestments": 10169140, "propertyPlantEquipment": 20495390, "otherAssets": 4892450, "deferredLongTermAssetCharges": 2104590, "totalAssets": 494785710, "accountsPayable": 19597370, "shortLongTermDebt": 9433800, "otherCurrentLiab": 101678250, "longTermDebt": 9386930, "otherLiab": 3124390, "totalCurrentLiabilities": 288665620, "totalLiab": 301176940, "commonStock": 53800000, "retainedEarnings": 82967890, "treasuryStock": 4440880, "capitalSurplus": 52400000, "otherStockholderEquity": 4440880, "totalStockholderEquity": 193608770, "netTangibleAssets": 193608770}], "maxAge": 86400}, "financialData": {"maxAge": 86400, "currentPrice": 27.5, "recommendationKey": "none", "grossProfits": 82479620, "financialCurrency": "INR"}}}