{"SOLIMAC.BO": {"recommendationTrend": {"trend": [{"period": "0m", "strongBuy": 0, "buy": 0, "hold": 0, "sell": 0, "strongSell": 0}, {"period": "-1m", "strongBuy": 0, "buy": 0, "hold": 0, "sell": 0, "strongSell": 0}, {"period": "-2m", "strongBuy": 0, "buy": 0, "hold": 0, "sell": 0, "strongSell": 0}, {"period": "-3m", "strongBuy": 0, "buy": 0, "hold": 0, "sell": 0, "strongSell": 0}], "maxAge": 86400}, "cashflowStatementHistory": {"cashflowStatements": [{"maxAge": 1, "endDate": "2020-03-31", "netIncome": 6607468, "depreciation": 11938278, "changeToNetincome": -3104538, "changeToAccountReceivables": 17278909, "changeToLiabilities": -1859421, "changeToInventory": -30862848, "changeToOperatingActivities": 9941857, "totalCashFromOperatingActivities": 9939705, "capitalExpenditures": -14726405, "investments": 64722, "otherCashflowsFromInvestingActivities": 724071, "totalCashflowsFromInvestingActivities": -13937612, "dividendsPaid": -4996394, "otherCashflowsFromFinancingActivities": -1229600, "totalCashFromFinancingActivities": -6225994, "changeInCash": -10223901}, {"maxAge": 1, "endDate": "2019-03-31", "netIncome": 12172000, "depreciation": 10111000, "changeToNetincome": 636000, "changeToAccountReceivables": 2350000, "changeToLiabilities": 6000, "changeToInventory": -14353000, "changeToOperatingActivities": 9941857, "totalCashFromOperatingActivities": 10922000, "capitalExpenditures": -2461000, "investments": -12500000, "otherCashflowsFromInvestingActivities": 1148000, "totalCashflowsFromInvestingActivities": -13813000, "dividendsPaid": -4996000, "otherCashflowsFromFinancingActivities": -1243000, "totalCashFromFinancingActivities": -6239000, "changeInCash": -9130000}, {"maxAge": 1, "endDate": "2018-03-31", "netIncome": 18577000, "depreciation": 9366000, "changeToNetincome": -2596000, "changeToAccountReceivables": 3931000, "changeToLiabilities": 3266000, "changeToInventory": -13045000, "changeToOperatingActivities": 9941857, "totalCashFromOperatingActivities": 19499000, "capitalExpenditures": -4225000, "investments": -10085000, "otherCashflowsFromInvestingActivities": 1819000, "totalCashflowsFromInvestingActivities": -12491000, "dividendsPaid": -5678000, "otherCashflowsFromFinancingActivities": -1584000, "totalCashFromFinancingActivities": -7262000, "changeInCash": -254000}, {"maxAge": 1, "endDate": "2017-03-31", "netIncome": 20369300, "depreciation": 7885200, "changeToNetincome": -6834800, "changeToAccountReceivables": -8870000, "changeToLiabilities": 6670600, "changeToInventory": -2584700, "changeToOperatingActivities": 9941857, "totalCashFromOperatingActivities": 16635600, "capitalExpenditures": -8879700, "investments": 3746300, "otherCashflowsFromInvestingActivities": 1717200, "totalCashflowsFromInvestingActivities": -3416200, "dividendsPaid": -5315300, "netBorrowings": -807700, "otherCashflowsFromFinancingActivities": -168900, "totalCashFromFinancingActivities": -6291900, "changeInCash": 6927500}], "maxAge": 86400}, "institutionOwnership": {"maxAge": 1, "ownershipList": []}, "balanceSheetHistoryQuarterly": {"balanceSheetStatements": [{"maxAge": 1, "endDate": "2020-06-30", "totalStockholderEquity": 142239288, "netTangibleAssets": 142239288}, {"maxAge": 1, "endDate": "2020-03-31", "cash": 8037844, "shortTermInvestments": 24698245, "netReceivables": 9117977, "inventory": 94795608, "otherCurrentAssets": 771250, "totalCurrentAssets": 137506850, "longTermInvestments": 9040, "propertyPlantEquipment": 64944904, "otherAssets": 1012342, "totalAssets": 203473136, "accountsPayable": 11241770, "otherCurrentLiab": 29264656, "otherLiab": 15275572, "totalCurrentLiabilities": 45958275, "totalLiab": 61233847, "commonStock": 45421760, "retainedEarnings": 94739058, "treasuryStock": 2078470, "otherStockholderEquity": 2078470, "totalStockholderEquity": 142239288, "netTangibleAssets": 142239288}, {"maxAge": 1, "endDate": "2019-12-31", "totalStockholderEquity": 141158000, "netTangibleAssets": 140911000}, {"maxAge": 1, "endDate": "2019-09-30", "cash": 16884000, "shortTermInvestments": 22665000, "netReceivables": 16872000, "inventory": 66940000, "totalCurrentAssets": 123361000, "longTermInvestments": 9000, "propertyPlantEquipment": 55854000, "goodWill": 247000, "otherAssets": 2006000, "totalAssets": 181477000, "accountsPayable": 8751000, "otherCurrentLiab": 26933000, "otherLiab": 4635000, "totalCurrentLiabilities": 35684000, "totalLiab": 40319000, "commonStock": 45422000, "treasuryStock": 95736000, "otherStockholderEquity": 95736000, "totalStockholderEquity": 141158000, "netTangibleAssets": 140911000}], "maxAge": 86400}, "earningsHistory": {"history": [{"maxAge": 1, "epsActual": {}, "epsEstimate": {}, "epsDifference": {}, "surprisePercent": {}, "quarter": {}, "period": "-4q"}, {"maxAge": 1, "epsActual": {}, "epsEstimate": {}, "epsDifference": {}, "surprisePercent": {}, "quarter": {}, "period": "-3q"}, {"maxAge": 1, "epsActual": {}, "epsEstimate": {}, "epsDifference": {}, "surprisePercent": {}, "quarter": {}, "period": "-2q"}, {"maxAge": 1, "epsActual": {}, "epsEstimate": {}, "epsDifference": {}, "surprisePercent": {}, "quarter": {}, "period": "-1q"}], "maxAge": 86400}, "indexTrend": {"maxAge": 1, "symbol": "SP5", "peRatio": 19.7411, "pegRatio": 1.34172, "estimates": [{"period": "0q", "growth": 0.549}, {"period": "+1q", "growth": 0.431}, {"period": "0y", "growth": 0.305}, {"period": "+1y", "growth": 0.109}, {"period": "+5y", "growth": 0.120859005}, {"period": "-5y"}]}, "industryTrend": {"maxAge": 1, "symbol": null, "estimates": []}, "insiderTransactions": {"transactions": [{"maxAge": 1, "shares": 50000, "filerUrl": "", "transactionText": "", "filerName": "Badani (Harsh Hemendra)", "filerRelation": "Wholetime Director", "moneyText": "", "startDate": "2017-03-03", "ownership": "D"}, {"maxAge": 1, "shares": 10000, "filerUrl": "", "transactionText": "", "filerName": "Kalani (Sunita)", "filerRelation": "UNREPORTED", "moneyText": "", "startDate": "2017-03-03", "ownership": "D"}, {"maxAge": 1, "shares": 10000, "filerUrl": "", "transactionText": "", "filerName": "Shah (Sandipbhai Manubhai)", "filerRelation": "Promoter", "moneyText": "", "startDate": "2017-03-03", "ownership": "D"}, {"maxAge": 1, "shares": 15000, "filerUrl": "", "transactionText": "", "filerName": "Sheth (Ashok J.)", "filerRelation": "Director (Executive)", "moneyText": "", "startDate": "2017-03-03", "ownership": "D"}, {"maxAge": 1, "shares": 50000, "filerUrl": "", "transactionText": "", "filerName": "Sheth (Sanjay Ashok)", "filerRelation": "UNREPORTED", "moneyText": "", "startDate": "2017-03-03", "ownership": "D"}, {"maxAge": 1, "shares": 135000, "filerUrl": "", "transactionText": "", "filerName": "Shruchi Manufacturing Ltd", "filerRelation": "Promoter", "moneyText": "", "startDate": "2017-03-03", "ownership": "D"}], "maxAge": 1}, "quoteType": {"exchange": "BSE", "quoteType": "EQUITY", "symbol": "SOLIMAC.BO", "underlyingSymbol": "SOLIMAC.BO", "shortName": "SOLITAIRE MACHINE TOOLS LTD.", "longName": "Solitaire Machine Tools Limited", "firstTradeDateEpochUtc": "2000-01-03 09:15:00", "timeZoneFullName": "Asia/Kolkata", "timeZoneShortName": "IST", "uuid": "ca8a1a75-5f49-33e2-a5d6-6bc90d64d0e9", "messageBoardId": null, "gmtOffSetMilliseconds": 19800000, "maxAge": 1}, "incomeStatementHistory": {"incomeStatementHistory": [{"maxAge": 1, "endDate": "2020-03-31", "totalRevenue": 122606612, "costOfRevenue": 48740595, "grossProfit": 73866017, "researchDevelopment": {}, "sellingGeneralAdministrative": 30112042, "nonRecurring": {}, "otherOperatingExpenses": 24399956, "totalOperatingExpenses": 115190871, "operatingIncome": 7415741, "totalOtherIncomeExpenseNet": 2893663, "ebit": 7415741, "interestExpense": -185082, "incomeBeforeTax": 10309404, "incomeTaxExpense": 3701936, "minorityInterest": {}, "netIncomeFromContinuingOps": 6607468, "discontinuedOperations": {}, "extraordinaryItems": {}, "effectOfAccountingCharges": {}, "otherItems": {}, "netIncome": 6607468, "netIncomeApplicableToCommonShares": 6607468}, {"maxAge": 1, "endDate": "2019-03-31", "totalRevenue": 155964000, "costOfRevenue": 69655000, "grossProfit": 86309000, "researchDevelopment": {}, "sellingGeneralAdministrative": 31081000, "nonRecurring": {}, "otherOperatingExpenses": 26743000, "totalOperatingExpenses": 137590000, "operatingIncome": 18374000, "totalOtherIncomeExpenseNet": 1594000, "ebit": 18374000, "interestExpense": -533000, "incomeBeforeTax": 19968000, "incomeTaxExpense": 7796000, "minorityInterest": {}, "netIncomeFromContinuingOps": 12172000, "discontinuedOperations": {}, "extraordinaryItems": {}, "effectOfAccountingCharges": {}, "otherItems": {}, "netIncome": 12172000, "netIncomeApplicableToCommonShares": 12172000}, {"maxAge": 1, "endDate": "2018-03-31", "totalRevenue": 163622000, "costOfRevenue": 78590000, "grossProfit": 85032000, "researchDevelopment": {}, "sellingGeneralAdministrative": 28469000, "nonRecurring": {}, "otherOperatingExpenses": 26170000, "totalOperatingExpenses": 142595000, "operatingIncome": 21027000, "totalOtherIncomeExpenseNet": 3275000, "ebit": 21027000, "interestExpense": -115000, "incomeBeforeTax": 24302000, "incomeTaxExpense": 5725000, "minorityInterest": {}, "netIncomeFromContinuingOps": 18577000, "discontinuedOperations": {}, "extraordinaryItems": {}, "effectOfAccountingCharges": {}, "otherItems": {}, "netIncome": 18577000, "netIncomeApplicableToCommonShares": 18577000}, {"maxAge": 1, "endDate": "2017-03-31", "totalRevenue": 183406800, "costOfRevenue": 91490900, "grossProfit": 91915900, "researchDevelopment": {}, "sellingGeneralAdministrative": 25577400, "nonRecurring": {}, "otherOperatingExpenses": 31140600, "totalOperatingExpenses": 156094100, "operatingIncome": 27312700, "totalOtherIncomeExpenseNet": 4839500, "ebit": 27312700, "interestExpense": -100500, "incomeBeforeTax": 32152200, "incomeTaxExpense": 11782900, "minorityInterest": {}, "netIncomeFromContinuingOps": 20369300, "discontinuedOperations": {}, "extraordinaryItems": {}, "effectOfAccountingCharges": {}, "otherItems": {}, "netIncome": 20369300, "netIncomeApplicableToCommonShares": 20369300}], "maxAge": 86400}, "fundOwnership": {"maxAge": 1, "ownershipList": []}, "summaryDetail": {"maxAge": 1, "priceHint": 2, "previousClose": 24.5, "open": 24.9, "dayLow": 24.2, "dayHigh": 26.0, "regularMarketPreviousClose": 24.5, "regularMarketOpen": 24.9, "regularMarketDayLow": 24.2, "regularMarketDayHigh": 26.0, "trailingPE": 34.72033, "volume": 1441, "regularMarketVolume": 1441, "averageVolume": 5143, "averageVolume10days": 8160, "averageDailyVolume10Day": 8160, "bid": 24.2, "ask": 25.25, "bidSize": 0, "askSize": 0, "marketCap": 115598488, "fiftyTwoWeekLow": 15.5, "fiftyTwoWeekHigh": 29.3, "fiftyDayAverage": 25.170588, "twoHundredDayAverage": 22.530148, "trailingAnnualDividendRate": 0.75, "trailingAnnualDividendYield": 0.030612245, "currency": "INR", "fromCurrency": null, "toCurrency": null, "lastMarket": null, "algorithm": null, "tradeable": false}, "sectorTrend": {"maxAge": 1, "symbol": null, "estimates": []}, "incomeStatementHistoryQuarterly": {"incomeStatementHistory": [{"maxAge": 1, "endDate": "2020-06-30", "totalRevenue": 22936000, "costOfRevenue": 10217000, "grossProfit": 12719000, "researchDevelopment": {}, "sellingGeneralAdministrative": 5168000, "nonRecurring": {}, "otherOperatingExpenses": 3288000, "totalOperatingExpenses": 22068000, "operatingIncome": 868000, "totalOtherIncomeExpenseNet": 323000, "ebit": 868000, "interestExpense": {}, "incomeBeforeTax": 1191000, "incomeTaxExpense": 552000, "minorityInterest": {}, "netIncomeFromContinuingOps": 639000, "discontinuedOperations": {}, "extraordinaryItems": {}, "effectOfAccountingCharges": {}, "otherItems": {}, "netIncome": 639000, "netIncomeApplicableToCommonShares": 639000}, {"maxAge": 1, "endDate": "2020-03-31", "totalRevenue": 29619612, "costOfRevenue": 11528595, "grossProfit": 18091017, "researchDevelopment": {}, "sellingGeneralAdministrative": 10068042, "nonRecurring": {}, "otherOperatingExpenses": 5771956, "totalOperatingExpenses": 30396871, "operatingIncome": -777259, "totalOtherIncomeExpenseNet": 946663, "ebit": -777259, "interestExpense": -23082, "incomeBeforeTax": 169404, "incomeTaxExpense": 1000936, "minorityInterest": {}, "netIncomeFromContinuingOps": -831532, "discontinuedOperations": {}, "extraordinaryItems": {}, "effectOfAccountingCharges": {}, "otherItems": {}, "netIncome": -831532, "netIncomeApplicableToCommonShares": -831532}, {"maxAge": 1, "endDate": "2019-12-31", "totalRevenue": 26900000, "costOfRevenue": 8595000, "grossProfit": 18305000, "researchDevelopment": {}, "sellingGeneralAdministrative": 6222000, "nonRecurring": {}, "otherOperatingExpenses": 6579000, "totalOperatingExpenses": 24105000, "operatingIncome": 2795000, "totalOtherIncomeExpenseNet": 529000, "ebit": 2795000, "interestExpense": -63000, "incomeBeforeTax": 3324000, "incomeTaxExpense": 1083000, "minorityInterest": {}, "netIncomeFromContinuingOps": 2241000, "discontinuedOperations": {}, "extraordinaryItems": {}, "effectOfAccountingCharges": {}, "otherItems": {}, "netIncome": 2241000, "netIncomeApplicableToCommonShares": 2241000}, {"maxAge": 1, "endDate": "2019-09-30", "totalRevenue": 26721000, "costOfRevenue": 10135000, "grossProfit": 16586000, "researchDevelopment": {}, "sellingGeneralAdministrative": 6667000, "nonRecurring": {}, "otherOperatingExpenses": 5831000, "totalOperatingExpenses": 25733000, "operatingIncome": 988000, "totalOtherIncomeExpenseNet": 968000, "ebit": 988000, "interestExpense": -10000, "incomeBeforeTax": 1956000, "incomeTaxExpense": 499000, "minorityInterest": {}, "netIncomeFromContinuingOps": 1457000, "discontinuedOperations": {}, "extraordinaryItems": {}, "effectOfAccountingCharges": {}, "otherItems": {}, "netIncome": 1457000, "netIncomeApplicableToCommonShares": 1457000}], "maxAge": 86400}, "cashflowStatementHistoryQuarterly": {"cashflowStatements": [{"maxAge": 1, "endDate": "2020-06-30", "netIncome": 639000, "changeToLiabilities": 0}, {"maxAge": 1, "endDate": "2020-03-31", "netIncome": -831532, "changeToLiabilities": 0}, {"maxAge": 1, "endDate": "2019-12-31", "netIncome": 2241000, "changeToLiabilities": 0}, {"maxAge": 1, "endDate": "2019-09-30", "netIncome": 1457000, "changeToLiabilities": 0}], "maxAge": 86400}, "insiderHolders": {"holders": [{"maxAge": 1, "name": "Badani (Harsh Hemendra)", "relation": "Wholetime Director", "url": "", "transactionDescription": "Other", "latestTransDate": "2017-03-03", "positionDirect": 769793, "positionDirectDate": "2017-03-03"}, {"maxAge": 1, "name": "Kalani (Sunita)", "relation": "UNREPORTED", "url": "", "transactionDescription": "Other", "latestTransDate": "2017-03-03", "positionDirect": 10000, "positionDirectDate": "2017-03-03"}, {"maxAge": 1, "name": "Shah (Sandipbhai Manubhai)", "relation": "Promoter", "url": "", "transactionDescription": "Other", "latestTransDate": "2017-03-03", "positionDirect": 11300, "positionDirectDate": "2017-03-03"}, {"maxAge": 1, "name": "Sheth (Ashok J.)", "relation": "Director (Executive)", "url": "", "transactionDescription": "Other", "latestTransDate": "2017-03-03", "positionDirect": 716975, "positionDirectDate": "2017-03-03"}, {"maxAge": 1, "name": "Sheth (Sanjay Ashok)", "relation": "UNREPORTED", "url": "", "transactionDescription": "Other", "latestTransDate": "2017-03-03", "positionDirect": 50000, "positionDirectDate": "2017-03-03"}, {"maxAge": 1, "name": "Shruchi Manufacturing Ltd", "relation": "Promoter", "url": "", "transactionDescription": "Other", "latestTransDate": "2017-03-03", "positionDirect": 0, "positionDirectDate": "2017-03-03"}], "maxAge": 1}, "earnings": {"maxAge": 86400, "earningsChart": {"quarterly": [], "earningsDate": []}, "financialsChart": {"yearly": [{"date": 2017, "revenue": 183406800, "earnings": 20369300}, {"date": 2018, "revenue": 163622000, "earnings": 18577000}, {"date": 2019, "revenue": 155964000, "earnings": 12172000}, {"date": 2020, "revenue": 122606612, "earnings": 6607468}], "quarterly": [{"date": "3Q2019", "revenue": 26721000, "earnings": 1457000}, {"date": "4Q2019", "revenue": 26900000, "earnings": 2241000}, {"date": "1Q2020", "revenue": 29619612, "earnings": -831532}, {"date": "2Q2020", "revenue": 22936000, "earnings": 639000}]}, "financialCurrency": "INR"}, "calendarEvents": {"maxAge": 1, "earnings": {"earningsDate": []}}, "price": {"maxAge": 1, "regularMarketChangePercent": 0.03877554, "regularMarketChange": 0.95000076, "regularMarketTime": "2021-04-30 15:24:43", "priceHint": 2, "regularMarketPrice": 25.45, "regularMarketDayHigh": 26.0, "regularMarketDayLow": 24.2, "regularMarketVolume": 1441, "averageDailyVolume10Day": 8160, "averageDailyVolume3Month": 5143, "regularMarketPreviousClose": 24.5, "regularMarketSource": "FREE_REALTIME", "regularMarketOpen": 24.9, "exchange": "BSE", "exchangeName": "BSE", "exchangeDataDelayedBy": 0, "marketState": "CLOSED", "quoteType": "EQUITY", "symbol": "SOLIMAC.BO", "underlyingSymbol": null, "shortName": "SOLITAIRE MACHINE TOOLS LTD.", "longName": "Solitaire Machine Tools Limited", "currency": "INR", "quoteSourceName": "Delayed Quote", "currencySymbol": "\u20b9", "fromCurrency": null, "toCurrency": null, "lastMarket": null, "marketCap": 115598488}, "balanceSheetHistory": {"balanceSheetStatements": [{"maxAge": 1, "endDate": "2020-03-31", "cash": 8037844, "shortTermInvestments": 24698245, "netReceivables": 9117977, "inventory": 94795608, "otherCurrentAssets": 771250, "totalCurrentAssets": 137506850, "longTermInvestments": 9040, "propertyPlantEquipment": 64944904, "otherAssets": 1012342, "totalAssets": 203473136, "accountsPayable": 11241770, "otherCurrentLiab": 29264656, "otherLiab": 15275572, "totalCurrentLiabilities": 45958275, "totalLiab": 61233847, "commonStock": 45421760, "retainedEarnings": 94739058, "treasuryStock": 2078470, "otherStockholderEquity": 2078470, "totalStockholderEquity": 142239288, "netTangibleAssets": 142239288}, {"maxAge": 1, "endDate": "2019-03-31", "cash": 9651000, "shortTermInvestments": 33335000, "netReceivables": 25822000, "inventory": 63933000, "otherCurrentAssets": 1025000, "totalCurrentAssets": 133898000, "longTermInvestments": 9800, "propertyPlantEquipment": 61668000, "goodWill": 247000, "otherAssets": 1995200, "totalAssets": 197818000, "accountsPayable": 17945000, "otherCurrentLiab": 26765000, "otherLiab": 5510000, "totalCurrentLiabilities": 50189000, "totalLiab": 55699000, "commonStock": 45422000, "retainedEarnings": 94074000, "treasuryStock": 2623000, "otherStockholderEquity": 2623000, "totalStockholderEquity": 142119000, "netTangibleAssets": 141872000}, {"maxAge": 1, "endDate": "2018-03-31", "cash": 7057000, "shortTermInvestments": 32550000, "netReceivables": 29138000, "inventory": 49579000, "otherCurrentAssets": 876000, "totalCurrentAssets": 119351000, "longTermInvestments": 9000, "propertyPlantEquipment": 69318000, "goodWill": 247000, "otherAssets": 1160000, "totalAssets": 190085000, "accountsPayable": 23151000, "otherCurrentLiab": 18688000, "otherLiab": 5580000, "totalCurrentLiabilities": 48361000, "totalLiab": 53941000, "commonStock": 45422000, "retainedEarnings": 88099000, "treasuryStock": 2623000, "otherStockholderEquity": 2623000, "totalStockholderEquity": 136144000, "netTangibleAssets": 135897000}, {"maxAge": 1, "endDate": "2017-03-31", "cash": 7245700, "shortTermInvestments": 22524600, "netReceivables": 32034700, "inventory": 36534200, "otherCurrentAssets": 2503700, "totalCurrentAssets": 100846100, "longTermInvestments": 9000, "propertyPlantEquipment": 74458600, "goodWill": 247400, "otherAssets": 1069000, "totalAssets": 176630100, "accountsPayable": 19377000, "otherCurrentLiab": 20260600, "otherLiab": 6753600, "totalCurrentLiabilities": 45641400, "totalLiab": 52395000, "commonStock": 45421800, "retainedEarnings": 76190600, "treasuryStock": 2622700, "otherStockholderEquity": 2622700, "totalStockholderEquity": 124235100, "netTangibleAssets": 123987700}], "maxAge": 86400}, "earningsTrend": {"trend": [{"maxAge": 1, "period": "0q", "endDate": null, "growth": {}, "earningsEstimate": {"avg": 0.0, "low": 0.0, "high": 0.0, "yearAgoEps": {}, "numberOfAnalysts": 0, "growth": {}}, "revenueEstimate": {"avg": 0, "low": 0, "high": 0, "numberOfAnalysts": 0, "yearAgoRevenue": {}, "growth": {}}, "epsTrend": {"current": 0.0, "7daysAgo": 0.0, "30daysAgo": 0.0, "60daysAgo": 0.0, "90daysAgo": 0.0}, "epsRevisions": {"upLast7days": 0, "upLast30days": 0, "downLast30days": 0, "downLast90days": {}}}, {"maxAge": 1, "period": "+1q", "endDate": null, "growth": {}, "earningsEstimate": {"avg": 0.0, "low": 0.0, "high": 0.0, "yearAgoEps": {}, "numberOfAnalysts": 0, "growth": {}}, "revenueEstimate": {"avg": 0, "low": 0, "high": 0, "numberOfAnalysts": 0, "yearAgoRevenue": {}, "growth": {}}, "epsTrend": {"current": 0.0, "7daysAgo": 0.0, "30daysAgo": 0.0, "60daysAgo": 0.0, "90daysAgo": 0.0}, "epsRevisions": {"upLast7days": 0, "upLast30days": 0, "downLast30days": 0, "downLast90days": {}}}, {"maxAge": 1, "period": "0y", "endDate": null, "growth": {}, "earningsEstimate": {"avg": 0.0, "low": 0.0, "high": 0.0, "yearAgoEps": {}, "numberOfAnalysts": 0, "growth": {}}, "revenueEstimate": {"avg": 0, "low": 0, "high": 0, "numberOfAnalysts": 0, "yearAgoRevenue": {}, "growth": {}}, "epsTrend": {"current": 0.0, "7daysAgo": 0.0, "30daysAgo": 0.0, "60daysAgo": 0.0, "90daysAgo": 0.0}, "epsRevisions": {"upLast7days": 0, "upLast30days": 0, "downLast30days": 0, "downLast90days": {}}}, {"maxAge": 1, "period": "+1y", "endDate": null, "growth": {}, "earningsEstimate": {"avg": 0.0, "low": 0.0, "high": 0.0, "yearAgoEps": {}, "numberOfAnalysts": 0, "growth": {}}, "revenueEstimate": {"avg": 0, "low": 0, "high": 0, "numberOfAnalysts": 0, "yearAgoRevenue": {}, "growth": {}}, "epsTrend": {"current": 0.0, "7daysAgo": 0.0, "30daysAgo": 0.0, "60daysAgo": 0.0, "90daysAgo": 0.0}, "epsRevisions": {"upLast7days": 0, "upLast30days": 0, "downLast30days": 0, "downLast90days": {}}}, {"maxAge": 1, "period": "+5y", "endDate": null, "growth": {}, "earningsEstimate": {"avg": {}, "low": {}, "high": {}, "yearAgoEps": {}, "numberOfAnalysts": {}, "growth": {}}, "revenueEstimate": {"avg": {}, "low": {}, "high": {}, "numberOfAnalysts": {}, "yearAgoRevenue": {}, "growth": {}}, "epsTrend": {"current": {}, "7daysAgo": {}, "30daysAgo": {}, "60daysAgo": {}, "90daysAgo": {}}, "epsRevisions": {"upLast7days": {}, "upLast30days": {}, "downLast30days": {}, "downLast90days": {}}}, {"maxAge": 1, "period": "-5y", "endDate": null, "growth": {}, "earningsEstimate": {"avg": {}, "low": {}, "high": {}, "yearAgoEps": {}, "numberOfAnalysts": {}, "growth": {}}, "revenueEstimate": {"avg": {}, "low": {}, "high": {}, "numberOfAnalysts": {}, "yearAgoRevenue": {}, "growth": {}}, "epsTrend": {"current": {}, "7daysAgo": {}, "30daysAgo": {}, "60daysAgo": {}, "90daysAgo": {}}, "epsRevisions": {"upLast7days": {}, "upLast30days": {}, "downLast30days": {}, "downLast90days": {}}}], "maxAge": 1}, "financialData": {"maxAge": 86400, "currentPrice": 25.45, "targetHighPrice": 21.0, "targetLowPrice": 21.0, "targetMeanPrice": 21.0, "targetMedianPrice": 21.0, "recommendationKey": "none", "numberOfAnalystOpinions": 1, "grossProfits": 73866017, "financialCurrency": "INR"}}}