{"SOMATEX.NS": {"assetProfile": {"address1": "Rakhial Road", "city": "Ahmedabad", "zip": "380023", "country": "India", "phone": "91 79 2274 3285", "fax": "91 79 2274 5653", "website": "http://www.somatextiles.com", "industry": "Textile Manufacturing", "sector": "Consumer Cyclical", "longBusinessSummary": "Soma Textiles & Industries Limited manufactures and sells textile fabrics in India. It offers non denim fabrics, garments, and piece dyed fabrics. The company was formerly known as R.B. Rodda & Co. Ltd. and changed its name to Soma Textiles & Industries Limited in January 1992. Soma Textiles & Industries Limited was founded in 1940 and is headquartered in Ahmedabad, India.", "fullTimeEmployees": 76, "companyOfficers": [{"maxAge": 1, "name": "Mr. Arvind Kumar Somany", "age": 64, "title": "MD, CEO & Exec. Non-Independent Director", "yearBorn": 1956, "fiscalYear": 2020, "totalPay": 3163440, "exercisedValue": 0, "unexercisedValue": 0}, {"maxAge": 1, "name": "Mr. Maghraj B. Parakh", "title": "Chief Financial Officer", "fiscalYear": 2020, "totalPay": 1127538, "exercisedValue": 0, "unexercisedValue": 0}, {"maxAge": 1, "name": "Mr. Abhishek Kumar Mishra", "title": "Company Sec. & Compliance Officer", "fiscalYear": 2020, "totalPay": 435400, "exercisedValue": 0, "unexercisedValue": 0}, {"maxAge": 1, "name": "Mr. Shrikant Bhairaveshwar Bhat", "age": 55, "title": "Whole-time Director", "yearBorn": 1965, "fiscalYear": 2020, "totalPay": 3518700, "exercisedValue": 0, "unexercisedValue": 0}], "compensationAsOfEpochDate": "2020-12-31 05:30:00", "maxAge": 86400}, "recommendationTrend": {"trend": [{"period": "0m", "strongBuy": 0, "buy": 0, "hold": 0, "sell": 0, "strongSell": 0}, {"period": "-1m", "strongBuy": 0, "buy": 0, "hold": 0, "sell": 0, "strongSell": 0}, {"period": "-2m", "strongBuy": 0, "buy": 0, "hold": 0, "sell": 0, "strongSell": 0}, {"period": "-3m", "strongBuy": 0, "buy": 0, "hold": 0, "sell": 0, "strongSell": 0}], "maxAge": 86400}, "cashflowStatementHistory": {"cashflowStatements": [{"maxAge": 1, "endDate": "2020-03-31", "netIncome": -59165000, "depreciation": 24685000, "changeToNetincome": 107234000, "changeToAccountReceivables": 1617000, "changeToLiabilities": -6634000, "changeToInventory": 1812000, "changeToOperatingActivities": -132004000, "totalCashFromOperatingActivities": -62446000, "investments": 2618000, "otherCashflowsFromInvestingActivities": 46216000, "totalCashflowsFromInvestingActivities": 87051000, "netBorrowings": -12526000, "otherCashflowsFromFinancingActivities": -6920000, "totalCashFromFinancingActivities": -19446000, "changeInCash": 5160000}, {"maxAge": 1, "endDate": "2019-03-31", "netIncome": -171971000, "depreciation": 28800000, "changeToNetincome": 119265000, "changeToAccountReceivables": 21937000, "changeToLiabilities": -76772000, "changeToInventory": 63000000, "changeToOperatingActivities": -164034000, "totalCashFromOperatingActivities": -179079000, "capitalExpenditures": -18291000, "investments": -837000, "otherCashflowsFromInvestingActivities": 40620000, "totalCashflowsFromInvestingActivities": 64982000, "netBorrowings": -18005000, "otherCashflowsFromFinancingActivities": -6690000, "totalCashFromFinancingActivities": -24695000, "changeInCash": -138791000}, {"maxAge": 1, "endDate": "2018-03-31", "netIncome": -82251000, "depreciation": 31486000, "changeToNetincome": 115908000, "changeToAccountReceivables": 24512000, "changeToLiabilities": -2062000, "changeToInventory": -18965000, "changeToOperatingActivities": 63393000, "totalCashFromOperatingActivities": 133487000, "capitalExpenditures": -21412000, "investments": -20590000, "otherCashflowsFromInvestingActivities": 40602000, "totalCashflowsFromInvestingActivities": 47403000, "netBorrowings": -15118000, "otherCashflowsFromFinancingActivities": -7014000, "totalCashFromFinancingActivities": -22132000, "changeInCash": 158758000}, {"maxAge": 1, "endDate": "2017-03-31", "netIncome": -83148000, "depreciation": 39297000, "changeToNetincome": 74747000, "changeToAccountReceivables": 128156000, "changeToLiabilities": -100243000, "changeToInventory": 101578000, "changeToOperatingActivities": 87730000, "totalCashFromOperatingActivities": 249583000, "capitalExpenditures": -8182000, "investments": 74000, "otherCashflowsFromInvestingActivities": 38108000, "totalCashflowsFromInvestingActivities": 92552000, "netBorrowings": -394250000, "otherCashflowsFromFinancingActivities": -33941000, "totalCashFromFinancingActivities": -428191000, "changeInCash": -86056000}], "maxAge": 86400}, "indexTrend": {"maxAge": 1, "symbol": "SP5", "peRatio": 19.7411, "pegRatio": 1.34172, "estimates": [{"period": "0q", "growth": 0.549}, {"period": "+1q", "growth": 0.431}, {"period": "0y", "growth": 0.305}, {"period": "+1y", "growth": 0.109}, {"period": "+5y", "growth": 0.120865}, {"period": "-5y"}]}, "defaultKeyStatistics": {"maxAge": 1, "priceHint": 2, "enterpriseValue": 1132979840, "profitMargins": -1.2332901, "floatShares": 9187473, "sharesOutstanding": 33033000, "heldPercentInsiders": 0.67666, "heldPercentInstitutions": 0.0, "beta": 0.027409, "category": null, "bookValue": -18.035, "fundFamily": null, "legalType": null, "lastFiscalYearEnd": "2020-03-31 05:30:00", "nextFiscalYearEnd": "2022-03-31 05:30:00", "mostRecentQuarter": "2020-12-31 05:30:00", "netIncomeToCommon": -159364992, "trailingEps": -4.833, "lastSplitFactor": null, "enterpriseToRevenue": 8.768, "enterpriseToEbitda": -18.533}, "industryTrend": {"maxAge": 1, "symbol": null, "estimates": []}, "quoteType": {"exchange": "NSI", "quoteType": "EQUITY", "symbol": "SOMATEX.NS", "underlyingSymbol": "SOMATEX.NS", "shortName": "SOMA TEXTILE & IND", "longName": "Soma Textiles & Industries Limited", "firstTradeDateEpochUtc": "2002-07-01 09:15:00", "timeZoneFullName": "Asia/Kolkata", "timeZoneShortName": "IST", "uuid": "a67d65b3-4468-3a8e-8524-8975c21f263f", "gmtOffSetMilliseconds": 19800000, "maxAge": 1}, "incomeStatementHistory": {"incomeStatementHistory": [{"maxAge": 1, "endDate": "2020-03-31", "totalRevenue": 258719000, "costOfRevenue": 96293000, "grossProfit": 162426000, "researchDevelopment": {}, "sellingGeneralAdministrative": 48800000, "nonRecurring": {}, "otherOperatingExpenses": 128900000, "totalOperatingExpenses": 298687000, "operatingIncome": -39968000, "totalOtherIncomeExpenseNet": -30537000, "ebit": -39968000, "interestExpense": -126227000, "incomeBeforeTax": -70505000, "incomeTaxExpense": -11340000, "minorityInterest": {}, "netIncomeFromContinuingOps": -59165000, "discontinuedOperations": {}, "extraordinaryItems": {}, "effectOfAccountingCharges": {}, "otherItems": {}, "netIncome": -59165000, "netIncomeApplicableToCommonShares": -59165000}, {"maxAge": 1, "endDate": "2019-03-31", "totalRevenue": 384559000, "costOfRevenue": 216693000, "grossProfit": 167866000, "researchDevelopment": {}, "sellingGeneralAdministrative": 97793000, "nonRecurring": {}, "otherOperatingExpenses": 146001000, "totalOperatingExpenses": 489983000, "operatingIncome": -105424000, "totalOtherIncomeExpenseNet": -57327000, "ebit": -105424000, "interestExpense": -134388000, "incomeBeforeTax": -162751000, "incomeTaxExpense": 9220000, "minorityInterest": {}, "netIncomeFromContinuingOps": -171971000, "discontinuedOperations": {}, "extraordinaryItems": {}, "effectOfAccountingCharges": {}, "otherItems": {}, "netIncome": -171971000, "netIncomeApplicableToCommonShares": -171971000}, {"maxAge": 1, "endDate": "2018-03-31", "totalRevenue": 827133000, "costOfRevenue": 234215000, "grossProfit": 592918000, "researchDevelopment": {}, "sellingGeneralAdministrative": 144469000, "nonRecurring": {}, "otherOperatingExpenses": 400804000, "totalOperatingExpenses": 812440000, "operatingIncome": 14693000, "totalOtherIncomeExpenseNet": -49034000, "ebit": 14693000, "interestExpense": -134101000, "incomeBeforeTax": -34341000, "incomeTaxExpense": 47910000, "minorityInterest": {}, "netIncomeFromContinuingOps": -82251000, "discontinuedOperations": {}, "extraordinaryItems": {}, "effectOfAccountingCharges": {}, "otherItems": {}, "netIncome": -82251000, "netIncomeApplicableToCommonShares": -82251000}, {"maxAge": 1, "endDate": "2017-03-31", "totalRevenue": 1273192000, "costOfRevenue": 571871000, "grossProfit": 701321000, "researchDevelopment": {}, "sellingGeneralAdministrative": 173689000, "nonRecurring": {}, "otherOperatingExpenses": 464247000, "totalOperatingExpenses": 1250570000, "operatingIncome": 22622000, "totalOtherIncomeExpenseNet": -84856000, "ebit": 22622000, "interestExpense": -148957000, "incomeBeforeTax": -62234000, "incomeTaxExpense": 20914000, "minorityInterest": {}, "netIncomeFromContinuingOps": -83148000, "discontinuedOperations": {}, "extraordinaryItems": {}, "effectOfAccountingCharges": {}, "otherItems": {}, "netIncome": -83148000, "netIncomeApplicableToCommonShares": -83148000}], "maxAge": 86400}, "fundOwnership": {"ownershipList": [], "maxAge": 1}, "summaryDetail": {"maxAge": 1, "priceHint": 2, "previousClose": 6.45, "open": 6.45, "dayLow": 6.15, "dayHigh": 6.45, "regularMarketPreviousClose": 6.45, "regularMarketOpen": 6.45, "regularMarketDayLow": 6.15, "regularMarketDayHigh": 6.45, "payoutRatio": 0.0, "beta": 0.027409, "volume": 14018, "regularMarketVolume": 14018, "averageVolume": 45459, "averageVolume10days": 22173, "averageDailyVolume10Day": 22173, "bid": 0.0, "ask": 0.0, "bidSize": 0, "askSize": 0, "marketCap": 197168384, "fiftyTwoWeekLow": 1.7, "fiftyTwoWeekHigh": 10.25, "priceToSalesTrailing12Months": 1.5258467, "fiftyDayAverage": 7.2545457, "twoHundredDayAverage": 4.0339284, "currency": "INR", "fromCurrency": null, "lastMarket": null, "algorithm": null, "tradeable": false}, "insiderHolders": {"holders": [{"maxAge": 1, "name": "Krishnaa Glass Pvt Ltd", "relation": "Promoter", "url": "", "transactionDescription": "Sale", "latestTransDate": "2019-09-25", "positionDirect": 10204651, "positionDirectDate": "2019-09-25"}, {"maxAge": 1, "name": "Lotus Global Investments Ltd", "relation": "UNREPORTED", "url": "", "transactionDescription": "Sale", "latestTransDate": "2009-12-09", "positionDirect": 6906600, "positionDirectDate": "2009-12-09"}, {"maxAge": 1, "name": "Mavi Investment Fund Ltd", "relation": "Institution- Corporation", "url": "", "transactionDescription": "Sale", "latestTransDate": "2014-03-14", "positionDirect": 4986600, "positionDirectDate": "2014-03-14"}, {"maxAge": 1, "name": "Somany (Arvind Kumar)", "relation": "Managing Director", "url": "", "transactionDescription": "Acquisition", "latestTransDate": "2019-09-25", "positionDirect": 2328217, "positionDirectDate": "2019-09-25"}, {"maxAge": 1, "name": "Somany (Nalini)", "relation": "Promoter", "url": "", "transactionDescription": "Sale", "latestTransDate": "2011-08-22", "positionDirect": 0, "positionDirectDate": "2011-08-22"}, {"maxAge": 1, "name": "Somany (Surendra Kumar)", "relation": "Non Executive Chairman", "url": "", "transactionDescription": "Purchase", "latestTransDate": "2015-03-23", "positionDirect": 4368274, "positionDirectDate": "2015-03-23"}], "maxAge": 1}, "calendarEvents": {"maxAge": 1, "earnings": {"earningsDate": []}}, "upgradeDowngradeHistory": {"history": [], "maxAge": 86400}, "price": {"maxAge": 1, "regularMarketChangePercent": -0.046511587, "regularMarketChange": -0.2999997, "regularMarketTime": "2021-04-30 15:01:45", "priceHint": 2, "regularMarketPrice": 6.15, "regularMarketDayHigh": 6.45, "regularMarketDayLow": 6.15, "regularMarketVolume": 14018, "averageDailyVolume10Day": 22173, "averageDailyVolume3Month": 45459, "regularMarketPreviousClose": 6.45, "regularMarketSource": "FREE_REALTIME", "regularMarketOpen": 6.45, "exchange": "NSI", "exchangeName": "NSE", "exchangeDataDelayedBy": 15, "marketState": "CLOSED", "quoteType": "EQUITY", "symbol": "SOMATEX.NS", "underlyingSymbol": null, "shortName": "SOMA TEXTILE & IND", "longName": "Soma Textiles & Industries Limited", "currency": "INR", "quoteSourceName": "Delayed Quote", "currencySymbol": "\u20b9", "fromCurrency": null, "lastMarket": null, "marketCap": 197168384}, "balanceSheetHistory": {"balanceSheetStatements": [{"maxAge": 1, "endDate": "2020-03-31", "cash": 51923000, "shortTermInvestments": 141540000, "netReceivables": 39094000, "inventory": 29671000, "otherCurrentAssets": 16619000, "totalCurrentAssets": 287255000, "longTermInvestments": 11454000, "propertyPlantEquipment": 189634000, "goodWill": 2667000, "intangibleAssets": 791000, "otherAssets": 1148444000, "deferredLongTermAssetCharges": 137128000, "totalAssets": 1640245000, "accountsPayable": 43437000, "shortLongTermDebt": 25600000, "otherCurrentLiab": 12156000, "longTermDebt": 1097308000, "otherLiab": 13539000, "totalCurrentLiabilities": 1006365000, "totalLiab": 2117636000, "commonStock": 330330000, "retainedEarnings": -1688788000, "treasuryStock": 9702000, "capitalSurplus": 871365000, "otherStockholderEquity": 9702000, "totalStockholderEquity": -477391000, "netTangibleAssets": -480849000}, {"maxAge": 1, "endDate": "2019-03-31", "cash": 46763000, "shortTermInvestments": 132240000, "netReceivables": 33350000, "inventory": 31483000, "otherCurrentAssets": 2954000, "totalCurrentAssets": 258072000, "longTermInvestments": 11622000, "propertyPlantEquipment": 246823000, "goodWill": 2667000, "intangibleAssets": 799000, "otherAssets": 1028123000, "deferredLongTermAssetCharges": 125788000, "totalAssets": 1548106000, "accountsPayable": 47958000, "shortLongTermDebt": 26672000, "otherCurrentLiab": 14206000, "longTermDebt": 1111629000, "otherLiab": 12119000, "totalCurrentLiabilities": 839803000, "totalLiab": 1963970000, "commonStock": 330330000, "retainedEarnings": -1627261000, "treasuryStock": 9702000, "capitalSurplus": 871365000, "otherStockholderEquity": 9702000, "totalStockholderEquity": -415864000, "netTangibleAssets": -419330000}, {"maxAge": 1, "endDate": "2018-03-31", "cash": 185555000, "shortTermInvestments": 40040000, "netReceivables": 64770000, "inventory": 94483000, "otherCurrentAssets": 1490000, "totalCurrentAssets": 407131000, "longTermInvestments": 1365000, "propertyPlantEquipment": 277419000, "goodWill": 2667000, "intangibleAssets": 1423000, "otherAssets": 954514000, "deferredLongTermAssetCharges": 135007000, "totalAssets": 1644519000, "accountsPayable": 87309000, "shortLongTermDebt": 19575000, "otherCurrentLiab": 24607000, "longTermDebt": 1139379000, "otherLiab": 27105000, "totalCurrentLiabilities": 720553000, "totalLiab": 1887453000, "commonStock": 330330000, "retainedEarnings": -1454331000, "treasuryStock": 9702000, "capitalSurplus": 871365000, "otherStockholderEquity": 9702000, "totalStockholderEquity": -242934000, "netTangibleAssets": -247024000}, {"maxAge": 1, "endDate": "2017-03-31", "cash": 26797000, "shortTermInvestments": 40000, "netReceivables": 92087000, "inventory": 75518000, "otherCurrentAssets": 28947000, "totalCurrentAssets": 223389000, "longTermInvestments": 1691000, "propertyPlantEquipment": 296298000, "goodWill": 2667000, "intangibleAssets": 2889000, "otherAssets": 1075537000, "deferredLongTermAssetCharges": 182918000, "totalAssets": 1602471000, "accountsPayable": 20231000, "shortLongTermDebt": 69929000, "otherCurrentLiab": 56483000, "longTermDebt": 1160929000, "otherLiab": 33739000, "totalCurrentLiabilities": 568191000, "totalLiab": 1763272000, "commonStock": 330330000, "retainedEarnings": -1372197000, "treasuryStock": 9701000, "capitalSurplus": 871365000, "otherStockholderEquity": 9701000, "totalStockholderEquity": -160801000, "netTangibleAssets": -166357000}], "maxAge": 86400}, "earningsTrend": {"trend": [{"maxAge": 1, "period": "0q", "endDate": null, "growth": {}, "earningsEstimate": {"avg": 0.0, "low": 0.0, "high": 0.0, "yearAgoEps": {}, "numberOfAnalysts": 0, "growth": {}}, "revenueEstimate": {"avg": 0, "low": 0, "high": 0, "numberOfAnalysts": 0, "yearAgoRevenue": {}, "growth": {}}, "epsTrend": {"current": 0.0, "7daysAgo": 0.0, "30daysAgo": 0.0, "60daysAgo": 0.0, "90daysAgo": 0.0}, "epsRevisions": {"upLast7days": 0, "upLast30days": 0, "downLast30days": 0, "downLast90days": {}}}, {"maxAge": 1, "period": "+1q", "endDate": null, "growth": {}, "earningsEstimate": {"avg": 0.0, "low": 0.0, "high": 0.0, "yearAgoEps": {}, "numberOfAnalysts": 0, "growth": {}}, "revenueEstimate": {"avg": 0, "low": 0, "high": 0, "numberOfAnalysts": 0, "yearAgoRevenue": {}, "growth": {}}, "epsTrend": {"current": 0.0, "7daysAgo": 0.0, "30daysAgo": 0.0, "60daysAgo": 0.0, "90daysAgo": 0.0}, "epsRevisions": {"upLast7days": 0, "upLast30days": 0, "downLast30days": 0, "downLast90days": {}}}, {"maxAge": 1, "period": "0y", "endDate": null, "growth": {}, "earningsEstimate": {"avg": 0.0, "low": 0.0, "high": 0.0, "yearAgoEps": {}, "numberOfAnalysts": 0, "growth": {}}, "revenueEstimate": {"avg": 0, "low": 0, "high": 0, "numberOfAnalysts": 0, "yearAgoRevenue": {}, "growth": {}}, "epsTrend": {"current": 0.0, "7daysAgo": 0.0, "30daysAgo": 0.0, "60daysAgo": 0.0, "90daysAgo": 0.0}, "epsRevisions": {"upLast7days": 0, "upLast30days": 0, "downLast30days": 0, "downLast90days": {}}}, {"maxAge": 1, "period": "+1y", "endDate": null, "growth": {}, "earningsEstimate": {"avg": 0.0, "low": 0.0, "high": 0.0, "yearAgoEps": {}, "numberOfAnalysts": 0, "growth": {}}, "revenueEstimate": {"avg": 0, "low": 0, "high": 0, "numberOfAnalysts": 0, "yearAgoRevenue": {}, "growth": {}}, "epsTrend": {"current": 0.0, "7daysAgo": 0.0, "30daysAgo": 0.0, "60daysAgo": 0.0, "90daysAgo": 0.0}, "epsRevisions": {"upLast7days": 0, "upLast30days": 0, "downLast30days": 0, "downLast90days": {}}}, {"maxAge": 1, "period": "+5y", "endDate": null, "growth": {}, "earningsEstimate": {"avg": {}, "low": {}, "high": {}, "yearAgoEps": {}, "numberOfAnalysts": {}, "growth": {}}, "revenueEstimate": {"avg": {}, "low": {}, "high": {}, "numberOfAnalysts": {}, "yearAgoRevenue": {}, "growth": {}}, "epsTrend": {"current": {}, "7daysAgo": {}, "30daysAgo": {}, "60daysAgo": {}, "90daysAgo": {}}, "epsRevisions": {"upLast7days": {}, "upLast30days": {}, "downLast30days": {}, "downLast90days": {}}}, {"maxAge": 1, "period": "-5y", "endDate": null, "growth": {}, "earningsEstimate": {"avg": {}, "low": {}, "high": {}, "yearAgoEps": {}, "numberOfAnalysts": {}, "growth": {}}, "revenueEstimate": {"avg": {}, "low": {}, "high": {}, "numberOfAnalysts": {}, "yearAgoRevenue": {}, "growth": {}}, "epsTrend": {"current": {}, "7daysAgo": {}, "30daysAgo": {}, "60daysAgo": {}, "90daysAgo": {}}, "epsRevisions": {"upLast7days": {}, "upLast30days": {}, "downLast30days": {}, "downLast90days": {}}}], "maxAge": 1}, "institutionOwnership": {"ownershipList": [], "maxAge": 1}, "majorHoldersBreakdown": {"maxAge": 1, "insidersPercentHeld": 0.67666, "institutionsPercentHeld": 0.0, "institutionsFloatPercentHeld": 0.0, "institutionsCount": 0}, "balanceSheetHistoryQuarterly": {"balanceSheetStatements": [{"maxAge": 1, "endDate": "2020-12-31", "totalStockholderEquity": -595000000, "netTangibleAssets": -595800000}, {"maxAge": 1, "endDate": "2020-09-30", "cash": 152800000, "shortTermInvestments": 14300000, "netReceivables": 2500000, "inventory": 25700000, "otherCurrentAssets": 50400000, "totalCurrentAssets": 245700000, "longTermInvestments": 38100000, "propertyPlantEquipment": 182300000, "intangibleAssets": 800000, "otherAssets": 1113900000, "deferredLongTermAssetCharges": 137100000, "totalAssets": 1580800000, "accountsPayable": 34600000, "otherCurrentLiab": 1045600000, "longTermDebt": 1087300000, "otherLiab": 3800000, "totalCurrentLiabilities": 1084700000, "totalLiab": 2175800000, "commonStock": 330300000, "treasuryStock": -925300000, "otherStockholderEquity": -925300000, "totalStockholderEquity": -595000000, "netTangibleAssets": -595800000}, {"maxAge": 1, "endDate": "2020-06-30", "totalStockholderEquity": -477391000, "netTangibleAssets": -480849000}, {"maxAge": 1, "endDate": "2020-03-31", "cash": 51923000, "shortTermInvestments": 141540000, "netReceivables": 39094000, "inventory": 29671000, "otherCurrentAssets": 16619000, "totalCurrentAssets": 287255000, "longTermInvestments": 11454000, "propertyPlantEquipment": 189634000, "goodWill": 2667000, "intangibleAssets": 791000, "otherAssets": 1148444000, "deferredLongTermAssetCharges": 137128000, "totalAssets": 1640245000, "accountsPayable": 43437000, "shortLongTermDebt": 25600000, "otherCurrentLiab": 12156000, "longTermDebt": 1097308000, "otherLiab": 13539000, "totalCurrentLiabilities": 1006365000, "totalLiab": 2117636000, "commonStock": 330330000, "retainedEarnings": -1688788000, "treasuryStock": 9702000, "capitalSurplus": 871365000, "otherStockholderEquity": 9702000, "totalStockholderEquity": -477391000, "netTangibleAssets": -480849000}], "maxAge": 86400}, "earningsHistory": {"history": [{"maxAge": 1, "epsActual": {}, "epsEstimate": {}, "epsDifference": {}, "surprisePercent": {}, "quarter": {}, "period": "-4q"}, {"maxAge": 1, "epsActual": {}, "epsEstimate": {}, "epsDifference": {}, "surprisePercent": {}, "quarter": {}, "period": "-3q"}, {"maxAge": 1, "epsActual": {}, "epsEstimate": {}, "epsDifference": {}, "surprisePercent": {}, "quarter": {}, "period": "-2q"}, {"maxAge": 1, "epsActual": {}, "epsEstimate": {}, "epsDifference": {}, "surprisePercent": {}, "quarter": {}, "period": "-1q"}], "maxAge": 86400}, "summaryProfile": {"address1": "Rakhial Road", "city": "Ahmedabad", "zip": "380023", "country": "India", "phone": "91 79 2274 3285", "fax": "91 79 2274 5653", "website": "http://www.somatextiles.com", "industry": "Textile Manufacturing", "sector": "Consumer Cyclical", "longBusinessSummary": "Soma Textiles & Industries Limited manufactures and sells textile fabrics in India. It offers non denim fabrics, garments, and piece dyed fabrics. The company was formerly known as R.B. Rodda & Co. Ltd. and changed its name to Soma Textiles & Industries Limited in January 1992. Soma Textiles & Industries Limited was founded in 1940 and is headquartered in Ahmedabad, India.", "fullTimeEmployees": 76, "companyOfficers": [], "maxAge": 86400}, "netSharePurchaseActivity": {"maxAge": 1, "period": "6m", "buyInfoCount": 0, "buyInfoShares": 0, "sellInfoCount": 0, "netInfoCount": 0, "netInfoShares": 0, "netPercentInsiderShares": 0.0, "totalInsiderShares": 22322424}, "insiderTransactions": {"transactions": [{"maxAge": 1, "shares": 1595000, "filerUrl": "", "transactionText": "", "filerName": "Krishnaa Glass Pvt Ltd", "filerRelation": "Promoter", "moneyText": "", "startDate": "2019-09-25", "ownership": "D"}, {"maxAge": 1, "shares": 1600000, "filerUrl": "", "transactionText": "", "filerName": "Somany (Arvind Kumar)", "filerRelation": "Managing Director", "moneyText": "", "startDate": "2019-09-25", "ownership": "D"}, {"maxAge": 1, "shares": 4801935, "filerUrl": "", "transactionText": "", "filerName": "Krishnaa Glass Pvt Ltd", "filerRelation": "Promoter", "moneyText": "", "startDate": "2017-02-23", "ownership": "D"}, {"maxAge": 1, "shares": 1300000, "filerUrl": "", "transactionText": "", "filerName": "Krishnaa Glass Pvt Ltd", "filerRelation": "Promoter", "moneyText": "", "startDate": "2015-03-23", "ownership": "D"}, {"maxAge": 1, "shares": 3800000, "filerUrl": "", "transactionText": "", "filerName": "Somany (Surendra Kumar)", "filerRelation": "Non Executive Chairman", "moneyText": "", "startDate": "2015-03-23", "ownership": "D"}, {"maxAge": 1, "shares": 1920000, "filerUrl": "", "transactionText": "", "filerName": "Mavi Investment Fund Ltd", "filerRelation": "Institution- Corporation", "moneyText": "", "startDate": "2014-03-14", "ownership": "D"}, {"maxAge": 1, "shares": 1620000, "filerUrl": "", "transactionText": "", "filerName": "Krishnaa Glass Pvt Ltd", "filerRelation": "Promoter", "moneyText": "", "startDate": "2014-03-14", "ownership": "D"}, {"maxAge": 1, "shares": 2500000, "filerUrl": "", "transactionText": "", "filerName": "Somany (Surendra Kumar)", "filerRelation": "Non Executive Chairman", "moneyText": "", "startDate": "2011-12-28", "ownership": "D"}, {"maxAge": 1, "shares": 1000000, "filerUrl": "", "transactionText": "", "filerName": "Somany (Surendra Kumar)", "filerRelation": "Non Executive Chairman", "moneyText": "", "startDate": "2011-12-09", "ownership": "D"}, {"maxAge": 1, "shares": 1000000, "filerUrl": "", "transactionText": "", "filerName": "Krishnaa Glass Pvt Ltd", "filerRelation": "Promoter", "moneyText": "", "startDate": "2011-12-09", "ownership": "D"}, {"maxAge": 1, "shares": 300000, "filerUrl": "", "transactionText": "", "filerName": "Somany (Nalini)", "filerRelation": "Promoter", "moneyText": "", "startDate": "2011-08-22", "ownership": "D"}, {"maxAge": 1, "shares": 300000, "filerUrl": "", "transactionText": "", "filerName": "Somany (Surendra Kumar)", "filerRelation": "Non Executive Chairman", "moneyText": "", "startDate": "2011-08-22", "ownership": "D"}, {"maxAge": 1, "shares": 760000, "filerUrl": "", "transactionText": "", "filerName": "Somany (Surendra Kumar)", "filerRelation": "Non Executive Chairman", "moneyText": "", "startDate": "2011-08-16", "ownership": "D"}, {"maxAge": 1, "shares": 760000, "filerUrl": "", "transactionText": "", "filerName": "Krishnaa Glass Pvt Ltd", "filerRelation": "Promoter", "moneyText": "", "startDate": "2011-08-16", "ownership": "D"}, {"maxAge": 1, "shares": 883683, "filerUrl": "", "transactionText": "", "filerName": "Lotus Global Investments Ltd", "filerRelation": "UNREPORTED", "moneyText": "", "startDate": "2009-12-09", "ownership": "D"}, {"maxAge": 1, "shares": 1529290, "filerUrl": "", "transactionText": "", "filerName": "Lotus Global Investments Ltd", "filerRelation": "UNREPORTED", "moneyText": "", "startDate": "2009-12-07", "ownership": "D"}, {"maxAge": 1, "shares": 1250000, "filerUrl": "", "transactionText": "", "filerName": "Lotus Global Investments Ltd", "filerRelation": "UNREPORTED", "moneyText": "", "startDate": "2009-12-03", "ownership": "D"}, {"maxAge": 1, "shares": 969027, "filerUrl": "", "transactionText": "", "filerName": "Lotus Global Investments Ltd", "filerRelation": "UNREPORTED", "moneyText": "", "startDate": "2009-11-10", "ownership": "D"}], "maxAge": 1}, "sectorTrend": {"maxAge": 1, "symbol": null, "estimates": []}, "incomeStatementHistoryQuarterly": {"incomeStatementHistory": [{"maxAge": 1, "endDate": "2020-12-31", "totalRevenue": 45700000, "costOfRevenue": 16700000, "grossProfit": 29000000, "researchDevelopment": {}, "sellingGeneralAdministrative": 7900000, "nonRecurring": {}, "otherOperatingExpenses": 39200000, "totalOperatingExpenses": 67100000, "operatingIncome": -21400000, "totalOtherIncomeExpenseNet": -39300000, "ebit": -21400000, "interestExpense": -37100000, "incomeBeforeTax": -60700000, "incomeTaxExpense": 0, "minorityInterest": {}, "netIncomeFromContinuingOps": -60700000, "discontinuedOperations": {}, "extraordinaryItems": {}, "effectOfAccountingCharges": {}, "otherItems": {}, "netIncome": -60700000, "netIncomeApplicableToCommonShares": -60700000}, {"maxAge": 1, "endDate": "2020-09-30", "totalRevenue": 24200000, "costOfRevenue": 11400000, "grossProfit": 12800000, "researchDevelopment": {}, "sellingGeneralAdministrative": 17400000, "nonRecurring": {}, "otherOperatingExpenses": 10400000, "totalOperatingExpenses": 42500000, "operatingIncome": -18300000, "totalOtherIncomeExpenseNet": -55600000, "ebit": -18300000, "interestExpense": -34600000, "incomeBeforeTax": -73900000, "incomeTaxExpense": 0, "minorityInterest": {}, "netIncomeFromContinuingOps": -73900000, "discontinuedOperations": {}, "extraordinaryItems": {}, "effectOfAccountingCharges": {}, "otherItems": {}, "netIncome": -73900000, "netIncomeApplicableToCommonShares": -73900000}, {"maxAge": 1, "endDate": "2020-06-30", "totalRevenue": 12850000, "costOfRevenue": 4600000, "grossProfit": 8250000, "researchDevelopment": {}, "sellingGeneralAdministrative": 10750000, "nonRecurring": {}, "otherOperatingExpenses": 8350000, "totalOperatingExpenses": 27000000, "operatingIncome": -14150000, "totalOtherIncomeExpenseNet": -44650000, "ebit": -14150000, "interestExpense": -34000000, "incomeBeforeTax": -58800000, "incomeTaxExpense": 0, "minorityInterest": {}, "netIncomeFromContinuingOps": -58800000, "discontinuedOperations": {}, "extraordinaryItems": {}, "effectOfAccountingCharges": {}, "otherItems": {}, "netIncome": -58800000, "netIncomeApplicableToCommonShares": -58800000}, {"maxAge": 1, "endDate": "2020-03-31", "totalRevenue": 57819000, "costOfRevenue": 27493000, "grossProfit": 30326000, "researchDevelopment": {}, "sellingGeneralAdministrative": 10300000, "nonRecurring": {}, "otherOperatingExpenses": 39700000, "totalOperatingExpenses": 82387000, "operatingIncome": -24568000, "totalOtherIncomeExpenseNet": 32163000, "ebit": -24568000, "interestExpense": -25327000, "incomeBeforeTax": 7595000, "incomeTaxExpense": -11340000, "minorityInterest": {}, "netIncomeFromContinuingOps": 18935000, "discontinuedOperations": {}, "extraordinaryItems": {}, "effectOfAccountingCharges": {}, "otherItems": {}, "netIncome": 18935000, "netIncomeApplicableToCommonShares": 18935000}], "maxAge": 86400}, "cashflowStatementHistoryQuarterly": {"cashflowStatements": [{"maxAge": 1, "endDate": "2020-12-31", "netIncome": -60700000, "changeToLiabilities": 0}, {"maxAge": 1, "endDate": "2020-09-30", "netIncome": -73900000, "depreciation": 3350000, "changeToNetincome": 34000000, "changeToAccountReceivables": -1000000, "changeToLiabilities": -8600000, "changeToInventory": 2000000, "changeToOperatingActivities": 27050000, "totalCashFromOperatingActivities": -2000000, "capitalExpenditures": -50000, "investments": -1550000, "otherCashflowsFromInvestingActivities": 10400000, "totalCashflowsFromInvestingActivities": 9250000, "netBorrowings": -3850000, "otherCashflowsFromFinancingActivities": -1800000, "totalCashFromFinancingActivities": -5650000, "changeInCash": 1600000}, {"maxAge": 1, "endDate": "2020-06-30", "netIncome": -58800000, "depreciation": 3350000, "changeToNetincome": 34000000, "changeToAccountReceivables": -1000000, "changeToLiabilities": -8600000, "changeToInventory": 2000000, "changeToOperatingActivities": 27050000, "totalCashFromOperatingActivities": -2000000, "capitalExpenditures": -50000, "investments": -1550000, "otherCashflowsFromInvestingActivities": 10400000, "totalCashflowsFromInvestingActivities": 9250000, "netBorrowings": -3850000, "otherCashflowsFromFinancingActivities": -1800000, "totalCashFromFinancingActivities": -5650000, "changeInCash": 1600000}, {"maxAge": 1, "endDate": "2020-03-31", "netIncome": 18935000, "depreciation": 3350000, "changeToNetincome": 34000000, "changeToAccountReceivables": -1000000, "changeToLiabilities": 0, "changeToInventory": 2000000, "changeToOperatingActivities": 27050000, "totalCashFromOperatingActivities": -2000000, "capitalExpenditures": -50000, "investments": -1550000, "otherCashflowsFromInvestingActivities": 10400000, "totalCashflowsFromInvestingActivities": 9250000, "netBorrowings": -3850000, "otherCashflowsFromFinancingActivities": -1800000, "totalCashFromFinancingActivities": -5650000, "changeInCash": 1600000}], "maxAge": 86400}, "earnings": {"maxAge": 86400, "earningsChart": {"quarterly": [], "earningsDate": []}, "financialsChart": {"yearly": [{"date": 2017, "revenue": 1273192000, "earnings": -83148000}, {"date": 2018, "revenue": 827133000, "earnings": -82251000}, {"date": 2019, "revenue": 384559000, "earnings": -171971000}, {"date": 2020, "revenue": 258719000, "earnings": -59165000}], "quarterly": [{"date": "1Q2020", "revenue": 57819000, "earnings": 18935000}, {"date": "2Q2020", "revenue": 12850000, "earnings": -58800000}, {"date": "3Q2020", "revenue": 24200000, "earnings": -73900000}, {"date": "4Q2020", "revenue": 45700000, "earnings": -60700000}]}, "financialCurrency": "INR"}, "financialData": {"maxAge": 86400, "currentPrice": 6.15, "recommendationKey": "none", "totalCash": 167100000, "totalCashPerShare": 5.065, "ebitda": -61133000, "totalDebt": 1087299968, "totalRevenue": 129219000, "revenuePerShare": 3.918, "grossProfits": 162426000, "revenueGrowth": -0.126, "grossMargins": 0.5868, "ebitdaMargins": -0.4731, "operatingMargins": -0.57475, "profitMargins": -1.2332901, "financialCurrency": "INR"}}}