{"SOMICONV.BO": {"cashflowStatementHistory": {"cashflowStatements": [{"maxAge": 1, "endDate": "2020-03-31", "netIncome": 24274000, "depreciation": 11124000, "changeToNetincome": 32474000, "changeToAccountReceivables": 56958000, "changeToLiabilities": -67399000, "changeToInventory": -481000, "changeToOperatingActivities": -8587000, "totalCashFromOperatingActivities": 48363000, "capitalExpenditures": -3805000, "otherCashflowsFromInvestingActivities": 1612000, "totalCashflowsFromInvestingActivities": -2193000, "netBorrowings": -13360000, "otherCashflowsFromFinancingActivities": -28295000, "totalCashFromFinancingActivities": -41655000, "changeInCash": 4515000}, {"maxAge": 1, "endDate": "2019-03-31", "netIncome": 15462000, "depreciation": 34435000, "changeToNetincome": 32112000, "changeToAccountReceivables": -15633000, "changeToLiabilities": 19428000, "changeToInventory": 17979000, "changeToOperatingActivities": -65449000, "totalCashFromOperatingActivities": 38334000, "capitalExpenditures": -3805000, "otherCashflowsFromInvestingActivities": 1939000, "totalCashflowsFromInvestingActivities": 4942000, "netBorrowings": -14571000, "otherCashflowsFromFinancingActivities": -27715000, "totalCashFromFinancingActivities": -42286000, "changeInCash": 990000}, {"maxAge": 1, "endDate": "2018-03-31", "netIncome": 10111000, "depreciation": 48541000, "changeToNetincome": 31279000, "changeToAccountReceivables": -16360000, "changeToLiabilities": 5886000, "changeToInventory": -42542000, "changeToOperatingActivities": -3286000, "totalCashFromOperatingActivities": 33629000, "capitalExpenditures": -8640000, "otherCashflowsFromInvestingActivities": 1605000, "totalCashflowsFromInvestingActivities": -7035000, "netBorrowings": -307000, "otherCashflowsFromFinancingActivities": -26036000, "totalCashFromFinancingActivities": -26343000, "changeInCash": 250000}, {"maxAge": 1, "endDate": "2017-03-31", "netIncome": 3965000, "depreciation": 56813000, "changeToNetincome": 15904000, "changeToAccountReceivables": 27626000, "changeToLiabilities": 21114000, "changeToInventory": -101209000, "changeToOperatingActivities": 35137000, "totalCashFromOperatingActivities": 59350000, "capitalExpenditures": -4882000, "otherCashflowsFromInvestingActivities": 3445000, "totalCashflowsFromInvestingActivities": -1437000, "netBorrowings": -38538000, "otherCashflowsFromFinancingActivities": -22900000, "totalCashFromFinancingActivities": -61438000, "changeInCash": -3525000}], "maxAge": 86400}, "institutionOwnership": {"maxAge": 1, "ownershipList": []}, "balanceSheetHistoryQuarterly": {"balanceSheetStatements": [{"maxAge": 1, "endDate": "2020-06-30", "totalStockholderEquity": 608195000, "netTangibleAssets": 608057000}, {"maxAge": 1, "endDate": "2020-03-31", "cash": 8782000, "shortTermInvestments": 20682000, "netReceivables": 152788000, "inventory": 393848000, "otherCurrentAssets": 41230000, "totalCurrentAssets": 624178000, "longTermInvestments": 23000, "propertyPlantEquipment": 274045000, "intangibleAssets": 138000, "otherAssets": 31308000, "deferredLongTermAssetCharges": 9107000, "totalAssets": 929692000, "accountsPayable": 51782000, "otherCurrentLiab": 24691000, "longTermDebt": 26939000, "otherLiab": 1923000, "totalCurrentLiabilities": 292635000, "totalLiab": 321497000, "commonStock": 117797000, "retainedEarnings": 306697000, "treasuryStock": 1884000, "capitalSurplus": 181817000, "otherStockholderEquity": 1884000, "totalStockholderEquity": 608195000, "netTangibleAssets": 608057000}, {"maxAge": 1, "endDate": "2019-12-31", "totalStockholderEquity": 581320000, "netTangibleAssets": 581173000}, {"maxAge": 1, "endDate": "2019-09-30", "cash": 41004000, "netReceivables": 155205000, "inventory": 404644000, "otherCurrentAssets": 33764000, "totalCurrentAssets": 634617000, "longTermInvestments": 23000, "propertyPlantEquipment": 259398000, "intangibleAssets": 147000, "otherAssets": 38349000, "deferredLongTermAssetCharges": 14825000, "totalAssets": 932534000, "accountsPayable": 95435000, "otherCurrentLiab": 40246000, "longTermDebt": 34529000, "otherLiab": 2098000, "totalCurrentLiabilities": 314587000, "totalLiab": 351214000, "commonStock": 117797000, "treasuryStock": 463523000, "otherStockholderEquity": 463523000, "totalStockholderEquity": 581320000, "netTangibleAssets": 581173000}], "maxAge": 86400}, "indexTrend": {"maxAge": 1, "symbol": "SP5", "peRatio": 19.7411, "pegRatio": 1.34172, "estimates": [{"period": "0q", "growth": 0.549}, {"period": "+1q", "growth": 0.431}, {"period": "0y", "growth": 0.305}, {"period": "+1y", "growth": 0.109}, {"period": "+5y", "growth": 0.120859005}, {"period": "-5y"}]}, "insiderTransactions": {"transactions": [{"maxAge": 1, "shares": 50000, "filerUrl": "", "transactionText": "", "filerName": "Bhansali (Om Kumari)", "filerRelation": "Chairman of the Board", "moneyText": "", "startDate": "2017-03-29", "ownership": "D"}], "maxAge": 1}, "quoteType": {"exchange": "BSE", "quoteType": "EQUITY", "symbol": "SOMICONV.BO", "underlyingSymbol": "SOMICONV.BO", "shortName": "SOMI CONVEYOR BELTINGS LTD.", "longName": "Somi Conveyor Beltings Limited", "firstTradeDateEpochUtc": "2008-07-24 09:15:00", "timeZoneFullName": "Asia/Kolkata", "timeZoneShortName": "IST", "uuid": "e59e7cf4-2aec-35ac-a243-a2a0d4480d25", "messageBoardId": null, "gmtOffSetMilliseconds": 19800000, "maxAge": 1}, "incomeStatementHistory": {"incomeStatementHistory": [{"maxAge": 1, "endDate": "2020-03-31", "totalRevenue": 462816000, "costOfRevenue": 296256000, "grossProfit": 166560000, "researchDevelopment": {}, "sellingGeneralAdministrative": 32729000, "nonRecurring": {}, "otherOperatingExpenses": 61420000, "totalOperatingExpenses": 401529000, "operatingIncome": 61287000, "totalOtherIncomeExpenseNet": -28722000, "ebit": 61287000, "interestExpense": -28295000, "incomeBeforeTax": 32565000, "incomeTaxExpense": 8291000, "minorityInterest": {}, "netIncomeFromContinuingOps": 24274000, "discontinuedOperations": {}, "extraordinaryItems": {}, "effectOfAccountingCharges": {}, "otherItems": {}, "netIncome": 24274000, "netIncomeApplicableToCommonShares": 24274000}, {"maxAge": 1, "endDate": "2019-03-31", "totalRevenue": 606639000, "costOfRevenue": 404438000, "grossProfit": 202201000, "researchDevelopment": {}, "sellingGeneralAdministrative": 40456000, "nonRecurring": {}, "otherOperatingExpenses": 73228000, "totalOperatingExpenses": 552557000, "operatingIncome": 54082000, "totalOtherIncomeExpenseNet": -32285000, "ebit": 54082000, "interestExpense": -27714000, "incomeBeforeTax": 21797000, "incomeTaxExpense": 6335000, "minorityInterest": {}, "netIncomeFromContinuingOps": 15462000, "discontinuedOperations": {}, "extraordinaryItems": {}, "effectOfAccountingCharges": {}, "otherItems": {}, "netIncome": 15462000, "netIncomeApplicableToCommonShares": 15462000}, {"maxAge": 1, "endDate": "2018-03-31", "totalRevenue": 640336000, "costOfRevenue": 415778000, "grossProfit": 224558000, "researchDevelopment": {}, "sellingGeneralAdministrative": 45367000, "nonRecurring": {}, "otherOperatingExpenses": 85034000, "totalOperatingExpenses": 594720000, "operatingIncome": 45616000, "totalOtherIncomeExpenseNet": -31425000, "ebit": 45616000, "interestExpense": -26037000, "incomeBeforeTax": 14191000, "incomeTaxExpense": 4080000, "minorityInterest": {}, "netIncomeFromContinuingOps": 10111000, "discontinuedOperations": {}, "extraordinaryItems": {}, "effectOfAccountingCharges": {}, "otherItems": {}, "netIncome": 10111000, "netIncomeApplicableToCommonShares": 10111000}, {"maxAge": 1, "endDate": "2017-03-31", "totalRevenue": 617393000, "costOfRevenue": 411674000, "grossProfit": 205719000, "researchDevelopment": {}, "sellingGeneralAdministrative": 28827000, "nonRecurring": {}, "otherOperatingExpenses": 87430000, "totalOperatingExpenses": 584744000, "operatingIncome": 32649000, "totalOtherIncomeExpenseNet": -26003000, "ebit": 32649000, "interestExpense": -22899000, "incomeBeforeTax": 6646000, "incomeTaxExpense": 2681000, "minorityInterest": {}, "netIncomeFromContinuingOps": 3965000, "discontinuedOperations": {}, "extraordinaryItems": {}, "effectOfAccountingCharges": {}, "otherItems": {}, "netIncome": 3965000, "netIncomeApplicableToCommonShares": 3965000}], "maxAge": 86400}, "fundOwnership": {"maxAge": 1, "ownershipList": []}, "summaryDetail": {"maxAge": 1, "priceHint": 2, "previousClose": 38.25, "open": 40.15, "dayLow": 39.0, "dayHigh": 40.15, "regularMarketPreviousClose": 38.25, "regularMarketOpen": 40.15, "regularMarketDayLow": 39.0, "regularMarketDayHigh": 40.15, "trailingPE": 19.807121, "volume": 12730, "regularMarketVolume": 12730, "averageVolume": 8906, "averageVolume10days": 1802, "averageDailyVolume10Day": 1802, "bid": 40.05, "ask": 0.0, "bidSize": 0, "askSize": 0, "marketCap": 471776992, "fiftyTwoWeekLow": 9.15, "fiftyTwoWeekHigh": 42.3, "fiftyDayAverage": 34.095715, "twoHundredDayAverage": 25.906935, "trailingAnnualDividendRate": 0.5, "trailingAnnualDividendYield": 0.013071896, "currency": "INR", "fromCurrency": null, "toCurrency": null, "lastMarket": null, "algorithm": null, "tradeable": false}, "incomeStatementHistoryQuarterly": {"incomeStatementHistory": [{"maxAge": 1, "endDate": "2020-06-30", "totalRevenue": 42933000, "costOfRevenue": 18222000, "grossProfit": 24711000, "researchDevelopment": {}, "sellingGeneralAdministrative": 6191000, "nonRecurring": {}, "otherOperatingExpenses": 6090000, "totalOperatingExpenses": 32759000, "operatingIncome": 10174000, "totalOtherIncomeExpenseNet": -7844000, "ebit": 10174000, "interestExpense": -8384000, "incomeBeforeTax": 2330000, "incomeTaxExpense": 604000, "minorityInterest": {}, "netIncomeFromContinuingOps": 1726000, "discontinuedOperations": {}, "extraordinaryItems": {}, "effectOfAccountingCharges": {}, "otherItems": {}, "netIncome": 1726000, "netIncomeApplicableToCommonShares": 1726000}, {"maxAge": 1, "endDate": "2020-03-31", "totalRevenue": 77592000, "costOfRevenue": 50141000, "grossProfit": 27451000, "researchDevelopment": {}, "sellingGeneralAdministrative": 8162000, "nonRecurring": {}, "otherOperatingExpenses": 6834000, "totalOperatingExpenses": 50752000, "operatingIncome": 26840000, "totalOtherIncomeExpenseNet": -5656000, "ebit": 26840000, "interestExpense": -201000, "incomeBeforeTax": 21184000, "incomeTaxExpense": 4990000, "minorityInterest": {}, "netIncomeFromContinuingOps": 16194000, "discontinuedOperations": {}, "extraordinaryItems": {}, "effectOfAccountingCharges": {}, "otherItems": {}, "netIncome": 16194000, "netIncomeApplicableToCommonShares": 16194000}, {"maxAge": 1, "endDate": "2019-12-31", "totalRevenue": 84501000, "costOfRevenue": 41331000, "grossProfit": 43170000, "researchDevelopment": {}, "sellingGeneralAdministrative": 8221000, "nonRecurring": {}, "otherOperatingExpenses": 17798000, "totalOperatingExpenses": 75872000, "operatingIncome": 8629000, "totalOtherIncomeExpenseNet": -5482000, "ebit": 8629000, "interestExpense": -8314000, "incomeBeforeTax": 3147000, "incomeTaxExpense": 920000, "minorityInterest": {}, "netIncomeFromContinuingOps": 2227000, "discontinuedOperations": {}, "extraordinaryItems": {}, "effectOfAccountingCharges": {}, "otherItems": {}, "netIncome": 2227000, "netIncomeApplicableToCommonShares": 2227000}, {"maxAge": 1, "endDate": "2019-09-30", "totalRevenue": 156360000, "costOfRevenue": 101799000, "grossProfit": 54561000, "researchDevelopment": {}, "sellingGeneralAdministrative": 8387000, "nonRecurring": {}, "otherOperatingExpenses": 21834000, "totalOperatingExpenses": 140720000, "operatingIncome": 15640000, "totalOtherIncomeExpenseNet": -10384000, "ebit": 15640000, "interestExpense": -11626000, "incomeBeforeTax": 5256000, "incomeTaxExpense": 1790000, "minorityInterest": {}, "netIncomeFromContinuingOps": 3466000, "discontinuedOperations": {}, "extraordinaryItems": {}, "effectOfAccountingCharges": {}, "otherItems": {}, "netIncome": 3466000, "netIncomeApplicableToCommonShares": 3466000}], "maxAge": 86400}, "cashflowStatementHistoryQuarterly": {"cashflowStatements": [{"maxAge": 1, "endDate": "2020-06-30", "netIncome": 1726000, "changeToLiabilities": 0}, {"maxAge": 1, "endDate": "2020-03-31", "netIncome": 16194000, "changeToLiabilities": 0}, {"maxAge": 1, "endDate": "2019-12-31", "netIncome": 2227000, "changeToLiabilities": 0}, {"maxAge": 1, "endDate": "2019-09-30", "netIncome": 3466000, "changeToLiabilities": 0}], "maxAge": 86400}, "insiderHolders": {"holders": [{"maxAge": 1, "name": "Bhansali (Om Kumari)", "relation": "Chairman of the Board", "url": "", "transactionDescription": "Purchase", "latestTransDate": "2017-03-29", "positionDirect": 1091221, "positionDirectDate": "2017-03-29"}], "maxAge": 1}, "calendarEvents": {"maxAge": 1, "earnings": {"earningsDate": []}}, "price": {"maxAge": 1, "regularMarketChangePercent": 0.047058802, "regularMarketChange": 1.7999992, "regularMarketTime": "2021-04-30 14:54:53", "priceHint": 2, "regularMarketPrice": 40.05, "regularMarketDayHigh": 40.15, "regularMarketDayLow": 39.0, "regularMarketVolume": 12730, "averageDailyVolume10Day": 1802, "averageDailyVolume3Month": 8906, "regularMarketPreviousClose": 38.25, "regularMarketSource": "FREE_REALTIME", "regularMarketOpen": 40.15, "exchange": "BSE", "exchangeName": "BSE", "exchangeDataDelayedBy": 0, "marketState": "CLOSED", "quoteType": "EQUITY", "symbol": "SOMICONV.BO", "underlyingSymbol": null, "shortName": "SOMI CONVEYOR BELTINGS LTD.", "longName": "Somi Conveyor Beltings Limited", "currency": "INR", "quoteSourceName": "Delayed Quote", "currencySymbol": "\u20b9", "fromCurrency": null, "toCurrency": null, "lastMarket": null, "marketCap": 471776992}, "balanceSheetHistory": {"balanceSheetStatements": [{"maxAge": 1, "endDate": "2020-03-31", "cash": 8782000, "shortTermInvestments": 20682000, "netReceivables": 152788000, "inventory": 393848000, "otherCurrentAssets": 41230000, "totalCurrentAssets": 624178000, "longTermInvestments": 23000, "propertyPlantEquipment": 274045000, "intangibleAssets": 138000, "otherAssets": 31308000, "deferredLongTermAssetCharges": 9107000, "totalAssets": 929692000, "accountsPayable": 51782000, "otherCurrentLiab": 24691000, "longTermDebt": 26939000, "otherLiab": 1923000, "totalCurrentLiabilities": 292635000, "totalLiab": 321497000, "commonStock": 117797000, "retainedEarnings": 306697000, "treasuryStock": 1884000, "capitalSurplus": 181817000, "otherStockholderEquity": 1884000, "totalStockholderEquity": 608195000, "netTangibleAssets": 608057000}, {"maxAge": 1, "endDate": "2019-03-31", "cash": 4267000, "shortTermInvestments": 25449000, "netReceivables": 216449000, "inventory": 393367000, "otherCurrentAssets": 51465000, "totalCurrentAssets": 696324000, "longTermInvestments": 23000, "propertyPlantEquipment": 272659000, "intangibleAssets": 156000, "otherAssets": 38839000, "deferredLongTermAssetCharges": 15812000, "totalAssets": 1008001000, "accountsPayable": 119181000, "shortLongTermDebt": 810000, "otherCurrentLiab": 45137000, "longTermDebt": 59295000, "otherLiab": 1923000, "totalCurrentLiabilities": 371549000, "totalLiab": 432767000, "commonStock": 117797000, "retainedEarnings": 273736000, "treasuryStock": 1884000, "capitalSurplus": 181817000, "otherStockholderEquity": 1884000, "totalStockholderEquity": 575234000, "netTangibleAssets": 575078000}, {"maxAge": 1, "endDate": "2018-03-31", "cash": 3277000, "shortTermInvestments": 27260000, "netReceivables": 198236000, "inventory": 411346000, "otherCurrentAssets": 50550000, "totalCurrentAssets": 691896000, "longTermInvestments": 23000, "propertyPlantEquipment": 310038000, "intangibleAssets": 213000, "otherAssets": 30013000, "deferredLongTermAssetCharges": 16848000, "totalAssets": 1032183000, "accountsPayable": 99753000, "shortLongTermDebt": 1018000, "otherCurrentLiab": 67037000, "longTermDebt": 14252000, "otherLiab": 11197000, "totalCurrentLiabilities": 440327000, "totalLiab": 465776000, "commonStock": 117797000, "retainedEarnings": 265375000, "treasuryStock": 1418000, "capitalSurplus": 181817000, "otherStockholderEquity": 1418000, "totalStockholderEquity": 566407000, "netTangibleAssets": 566194000}, {"maxAge": 1, "endDate": "2017-03-31", "cash": 3026000, "shortTermInvestments": 25952000, "netReceivables": 181510000, "inventory": 368805000, "otherCurrentAssets": 31304000, "totalCurrentAssets": 612165000, "longTermInvestments": 23000, "propertyPlantEquipment": 349923000, "intangibleAssets": 231000, "otherAssets": 37800000, "deferredLongTermAssetCharges": 12783000, "totalAssets": 1000142000, "accountsPayable": 93867000, "shortLongTermDebt": 1245000, "otherCurrentLiab": 65320000, "longTermDebt": 1429000, "otherLiab": 10577000, "totalCurrentLiabilities": 432316000, "totalLiab": 444322000, "commonStock": 117797000, "retainedEarnings": 256206000, "capitalSurplus": 181817000, "totalStockholderEquity": 555820000, "netTangibleAssets": 555589000}], "maxAge": 86400}, "financialData": {"maxAge": 86400, "currentPrice": 40.05, "recommendationKey": "none", "grossProfits": 166560000, "financialCurrency": "INR"}}}