{"SORILINFRA.BO": {"recommendationTrend": {"trend": [{"period": "0m", "strongBuy": 0, "buy": 0, "hold": 0, "sell": 0, "strongSell": 0}, {"period": "-1m", "strongBuy": 0, "buy": 0, "hold": 0, "sell": 0, "strongSell": 0}, {"period": "-2m", "strongBuy": 0, "buy": 0, "hold": 0, "sell": 0, "strongSell": 0}, {"period": "-3m", "strongBuy": 0, "buy": 0, "hold": 0, "sell": 0, "strongSell": 0}], "maxAge": 86400}, "cashflowStatementHistory": {"cashflowStatements": [{"maxAge": 1, "endDate": "2020-03-31", "netIncome": 66600000, "depreciation": 251500000, "changeToNetincome": 118800000, "changeToAccountReceivables": 128700000, "changeToLiabilities": 104500000, "changeToInventory": -70900000, "changeToOperatingActivities": -869200000, "totalCashFromOperatingActivities": -270000000, "capitalExpenditures": -106400000, "investments": 951800000, "otherCashflowsFromInvestingActivities": -31300000, "totalCashflowsFromInvestingActivities": 833700000, "dividendsPaid": -3200000, "netBorrowings": -469700000, "otherCashflowsFromFinancingActivities": -100200000, "totalCashFromFinancingActivities": -573100000, "changeInCash": -9400000}, {"maxAge": 1, "endDate": "2019-03-31", "netIncome": 139522000, "depreciation": 196210000, "changeToNetincome": -112256000, "changeToAccountReceivables": -385279000, "changeToLiabilities": 20393000, "changeToInventory": -34662000, "changeToOperatingActivities": -1109563000, "totalCashFromOperatingActivities": -1285360000, "capitalExpenditures": -681280000, "investments": -870520000, "otherCashflowsFromInvestingActivities": 379191000, "totalCashflowsFromInvestingActivities": -1192563000, "dividendsPaid": -2676000, "netBorrowings": 474571000, "otherCashflowsFromFinancingActivities": -68049000, "totalCashFromFinancingActivities": 2505946000, "changeInCash": 49265000, "issuanceOfStock": 2102100000}, {"maxAge": 1, "endDate": "2018-03-31", "netIncome": 172624000, "depreciation": 148951000, "changeToNetincome": 56002000, "changeToAccountReceivables": -150284000, "changeToLiabilities": 10558000, "changeToInventory": -17122000, "changeToOperatingActivities": -56500000, "totalCashFromOperatingActivities": 164367000, "capitalExpenditures": -159045000, "investments": -62507000, "otherCashflowsFromInvestingActivities": 237097000, "totalCashflowsFromInvestingActivities": 27850000, "dividendsPaid": -2676000, "netBorrowings": -242829000, "otherCashflowsFromFinancingActivities": -108221000, "totalCashFromFinancingActivities": -353726000, "changeInCash": -161509000, "issuanceOfStock": 2102100000}, {"maxAge": 1, "endDate": "2017-03-31", "netIncome": 316770000, "depreciation": 144690000, "changeToNetincome": -116766000, "changeToAccountReceivables": 50795000, "changeToLiabilities": -226381000, "changeToInventory": -2838000, "changeToOperatingActivities": 1305526000, "totalCashFromOperatingActivities": 1471821000, "capitalExpenditures": -44699000, "investments": 4150000, "otherCashflowsFromInvestingActivities": -1208751000, "totalCashflowsFromInvestingActivities": -1249300000, "dividendsPaid": -3221000, "netBorrowings": 17912000, "otherCashflowsFromFinancingActivities": -67574000, "totalCashFromFinancingActivities": -52883000, "changeInCash": 169638000, "issuanceOfStock": 2102100000}], "maxAge": 86400}, "institutionOwnership": {"ownershipList": [], "maxAge": 1}, "balanceSheetHistoryQuarterly": {"balanceSheetStatements": [{"maxAge": 1, "endDate": "2020-06-30", "totalStockholderEquity": 2403300000, "netTangibleAssets": 2359300000}, {"maxAge": 1, "endDate": "2020-03-31", "cash": 97700000, "shortTermInvestments": 9100000, "netReceivables": 1911000000, "inventory": 130900000, "otherCurrentAssets": 122600000, "totalCurrentAssets": 2271300000, "longTermInvestments": 20900000, "propertyPlantEquipment": 1856100000, "goodWill": 7000000, "intangibleAssets": 37000000, "otherAssets": 2051200000, "deferredLongTermAssetCharges": 3600000, "totalAssets": 6243500000, "accountsPayable": 285500000, "otherCurrentLiab": 472000000, "longTermDebt": 258900000, "otherLiab": 113800000, "totalCurrentLiabilities": 3467500000, "totalLiab": 3840200000, "commonStock": 315000000, "capitalSurplus": 2088300000, "totalStockholderEquity": 2403300000, "netTangibleAssets": 2359300000}, {"maxAge": 1, "endDate": "2019-12-31", "totalStockholderEquity": 2355900000, "netTangibleAssets": 2336900000}, {"maxAge": 1, "endDate": "2019-09-30", "cash": 53000000, "shortTermInvestments": 307200000, "netReceivables": 1541100000, "inventory": 107000000, "otherCurrentAssets": 141600000, "totalCurrentAssets": 2149900000, "longTermInvestments": 100000, "propertyPlantEquipment": 1995300000, "goodWill": 7000000, "intangibleAssets": 12000000, "otherAssets": 2806800000, "deferredLongTermAssetCharges": 15500000, "totalAssets": 6971100000, "accountsPayable": 278700000, "otherCurrentLiab": 427100000, "longTermDebt": 360900000, "otherLiab": 36200000, "totalCurrentLiabilities": 4155700000, "totalLiab": 4615200000, "commonStock": 315000000, "treasuryStock": 2040900000, "otherStockholderEquity": 2040900000, "totalStockholderEquity": 2355900000, "netTangibleAssets": 2336900000}], "maxAge": 86400}, "earningsHistory": {"history": [{"maxAge": 1, "epsActual": {}, "epsEstimate": {}, "epsDifference": {}, "surprisePercent": {}, "quarter": {}, "period": "-4q"}, {"maxAge": 1, "epsActual": {}, "epsEstimate": {}, "epsDifference": {}, "surprisePercent": {}, "quarter": {}, "period": "-3q"}, {"maxAge": 1, "epsActual": {}, "epsEstimate": {}, "epsDifference": {}, "surprisePercent": {}, "quarter": {}, "period": "-2q"}, {"maxAge": 1, "epsActual": {}, "epsEstimate": {}, "epsDifference": {}, "surprisePercent": {}, "quarter": {}, "period": "-1q"}], "maxAge": 86400}, "indexTrend": {"maxAge": 1, "symbol": "SP5", "peRatio": 19.7411, "pegRatio": 1.34172, "estimates": [{"period": "0q", "growth": 0.549}, {"period": "+1q", "growth": 0.431}, {"period": "0y", "growth": 0.305}, {"period": "+1y", "growth": 0.109}, {"period": "+5y", "growth": 0.120865}, {"period": "-5y"}]}, "industryTrend": {"maxAge": 1, "symbol": null, "estimates": []}, "insiderTransactions": {"transactions": [{"maxAge": 1, "shares": 27206, "filerUrl": "", "transactionText": "", "filerName": "Garg (Mukesh)", "filerRelation": "Chief Financial Officer", "moneyText": "", "startDate": "2019-06-19", "ownership": "D"}, {"maxAge": 1, "shares": 4400000, "filerUrl": "", "transactionText": "", "filerName": "Indiabulls Wholesale Services Ltd", "filerRelation": "Promoter", "moneyText": "", "startDate": "2014-04-28", "ownership": "D"}, {"maxAge": 1, "shares": 3200000, "filerUrl": "", "transactionText": "", "filerName": "Indiabulls Wholesale Services Ltd", "filerRelation": "Promoter", "moneyText": "", "startDate": "2012-12-04", "ownership": "D"}], "maxAge": 1}, "quoteType": {"exchange": "BSE", "quoteType": "EQUITY", "symbol": "SORILINFRA.BO", "underlyingSymbol": "SORILINFRA.BO", "shortName": "SORIL Infra Resources Limited", "longName": "SORIL Infra Resources Limited", "firstTradeDateEpochUtc": "2005-12-07 09:15:00", "timeZoneFullName": "Asia/Kolkata", "timeZoneShortName": "IST", "uuid": "05c22577-dc17-36a5-8d37-fe757b59d3b3", "gmtOffSetMilliseconds": 19800000, "maxAge": 1}, "incomeStatementHistory": {"incomeStatementHistory": [{"maxAge": 1, "endDate": "2020-03-31", "totalRevenue": 2125000000, "costOfRevenue": 1117900000, "grossProfit": 1007100000, "researchDevelopment": {}, "sellingGeneralAdministrative": 516000000, "nonRecurring": {}, "otherOperatingExpenses": 186100000, "totalOperatingExpenses": 2071500000, "operatingIncome": 53500000, "totalOtherIncomeExpenseNet": 50400000, "ebit": 53500000, "interestExpense": -135200000, "incomeBeforeTax": 103900000, "incomeTaxExpense": 37300000, "minorityInterest": {}, "netIncomeFromContinuingOps": 66600000, "discontinuedOperations": {}, "extraordinaryItems": {}, "effectOfAccountingCharges": {}, "otherItems": {}, "netIncome": 66600000, "netIncomeApplicableToCommonShares": 66600000}, {"maxAge": 1, "endDate": "2019-03-31", "totalRevenue": 1505460000, "costOfRevenue": 755539000, "grossProfit": 749921000, "researchDevelopment": {}, "sellingGeneralAdministrative": 433005000, "nonRecurring": {}, "otherOperatingExpenses": 100614000, "totalOperatingExpenses": 1484552000, "operatingIncome": 20908000, "totalOtherIncomeExpenseNet": 116205000, "ebit": 20908000, "interestExpense": -62016000, "incomeBeforeTax": 137113000, "incomeTaxExpense": -2409000, "minorityInterest": {}, "netIncomeFromContinuingOps": 139522000, "discontinuedOperations": {}, "extraordinaryItems": {}, "effectOfAccountingCharges": {}, "otherItems": {}, "netIncome": 139522000, "netIncomeApplicableToCommonShares": 136295814}, {"maxAge": 1, "endDate": "2018-03-31", "totalRevenue": 1648272000, "costOfRevenue": 791921000, "grossProfit": 856351000, "researchDevelopment": {}, "sellingGeneralAdministrative": 555465000, "nonRecurring": {}, "otherOperatingExpenses": 58027000, "totalOperatingExpenses": 1553411000, "operatingIncome": 94861000, "totalOtherIncomeExpenseNet": 77782000, "ebit": 94861000, "interestExpense": -107277000, "incomeBeforeTax": 172643000, "incomeTaxExpense": 19000, "minorityInterest": {}, "netIncomeFromContinuingOps": 172624000, "discontinuedOperations": {}, "extraordinaryItems": {}, "effectOfAccountingCharges": {}, "otherItems": {}, "netIncome": 172624000, "netIncomeApplicableToCommonShares": 169403103}, {"maxAge": 1, "endDate": "2017-03-31", "totalRevenue": 1971015000, "costOfRevenue": 1350323000, "grossProfit": 620692000, "researchDevelopment": {}, "sellingGeneralAdministrative": 219746000, "nonRecurring": {}, "otherOperatingExpenses": 67758000, "totalOperatingExpenses": 1781510000, "operatingIncome": 189505000, "totalOtherIncomeExpenseNet": 127265000, "ebit": 189505000, "interestExpense": -66793000, "incomeBeforeTax": 316770000, "incomeTaxExpense": 0, "minorityInterest": {}, "netIncomeFromContinuingOps": 316770000, "discontinuedOperations": {}, "extraordinaryItems": {}, "effectOfAccountingCharges": {}, "otherItems": {}, "netIncome": 316770000, "netIncomeApplicableToCommonShares": 316770000}], "maxAge": 86400}, "fundOwnership": {"ownershipList": [], "maxAge": 1}, "summaryDetail": {"maxAge": 1, "priceHint": 2, "previousClose": 126.25, "open": 124.35, "dayLow": 121.0, "dayHigh": 129.2, "regularMarketPreviousClose": 126.25, "regularMarketOpen": 124.35, "regularMarketDayLow": 121.0, "regularMarketDayHigh": 129.2, "trailingPE": 24.73516, "volume": 4830, "regularMarketVolume": 4830, "averageVolume": 29559, "averageVolume10days": 16604, "averageDailyVolume10Day": 16604, "bid": 123.95, "ask": 124.0, "bidSize": 0, "askSize": 0, "marketCap": 3898125056, "fiftyTwoWeekLow": 36.9, "fiftyTwoWeekHigh": 150.0, "fiftyDayAverage": 123.67121, "twoHundredDayAverage": 79.88309, "currency": "INR", "fromCurrency": null, "lastMarket": null, "algorithm": null, "tradeable": false}, "sectorTrend": {"maxAge": 1, "symbol": null, "estimates": []}, "incomeStatementHistoryQuarterly": {"incomeStatementHistory": [{"maxAge": 1, "endDate": "2020-06-30", "totalRevenue": 433900000, "costOfRevenue": 128300000, "grossProfit": 305600000, "researchDevelopment": {}, "sellingGeneralAdministrative": 91000000, "nonRecurring": {}, "otherOperatingExpenses": 18500000, "totalOperatingExpenses": 300900000, "operatingIncome": 133000000, "totalOtherIncomeExpenseNet": 33900000, "ebit": 133000000, "interestExpense": -40200000, "incomeBeforeTax": 166900000, "incomeTaxExpense": 37500000, "minorityInterest": {}, "netIncomeFromContinuingOps": 129400000, "discontinuedOperations": {}, "extraordinaryItems": {}, "effectOfAccountingCharges": {}, "otherItems": {}, "netIncome": 129400000, "netIncomeApplicableToCommonShares": 129400000}, {"maxAge": 1, "endDate": "2020-03-31", "totalRevenue": 456000000, "costOfRevenue": 232200000, "grossProfit": 223800000, "researchDevelopment": {}, "sellingGeneralAdministrative": 133800000, "nonRecurring": {}, "otherOperatingExpenses": 39500000, "totalOperatingExpenses": 469800000, "operatingIncome": -13800000, "totalOtherIncomeExpenseNet": 4900000, "ebit": -13800000, "interestExpense": -19800000, "incomeBeforeTax": -8900000, "incomeTaxExpense": 2300000, "minorityInterest": {}, "netIncomeFromContinuingOps": -11200000, "discontinuedOperations": {}, "extraordinaryItems": {}, "effectOfAccountingCharges": {}, "otherItems": {}, "netIncome": -11200000, "netIncomeApplicableToCommonShares": -11200000}, {"maxAge": 1, "endDate": "2019-12-31", "totalRevenue": 592300000, "costOfRevenue": 331800000, "grossProfit": 260500000, "researchDevelopment": {}, "sellingGeneralAdministrative": 138700000, "nonRecurring": {}, "otherOperatingExpenses": 5700000, "totalOperatingExpenses": 539100000, "operatingIncome": 53200000, "totalOtherIncomeExpenseNet": 3500000, "ebit": 53200000, "interestExpense": -49600000, "incomeBeforeTax": 56700000, "incomeTaxExpense": 12800000, "minorityInterest": {}, "netIncomeFromContinuingOps": 43900000, "discontinuedOperations": {}, "extraordinaryItems": {}, "effectOfAccountingCharges": {}, "otherItems": {}, "netIncome": 43900000, "netIncomeApplicableToCommonShares": 43900000}, {"maxAge": 1, "endDate": "2019-09-30", "totalRevenue": 548700000, "costOfRevenue": 293600000, "grossProfit": 255100000, "researchDevelopment": {}, "sellingGeneralAdministrative": 138600000, "nonRecurring": {}, "otherOperatingExpenses": 65500000, "totalOperatingExpenses": 559800000, "operatingIncome": -11100000, "totalOtherIncomeExpenseNet": 28300000, "ebit": -11100000, "interestExpense": -44300000, "incomeBeforeTax": 17200000, "incomeTaxExpense": 13500000, "minorityInterest": {}, "netIncomeFromContinuingOps": 3700000, "discontinuedOperations": {}, "extraordinaryItems": {}, "effectOfAccountingCharges": {}, "otherItems": {}, "netIncome": 3700000, "netIncomeApplicableToCommonShares": 3700000}], "maxAge": 86400}, "cashflowStatementHistoryQuarterly": {"cashflowStatements": [{"maxAge": 1, "endDate": "2020-06-30", "netIncome": 129400000, "changeToLiabilities": 0}, {"maxAge": 1, "endDate": "2020-03-31", "netIncome": -11200000, "changeToLiabilities": 0}, {"maxAge": 1, "endDate": "2019-12-31", "netIncome": 43900000, "changeToLiabilities": 0}, {"maxAge": 1, "endDate": "2019-09-30", "netIncome": 3700000, "changeToLiabilities": 0}], "maxAge": 86400}, "insiderHolders": {"holders": [{"maxAge": 1, "name": "Garg (Mukesh)", "relation": "Chief Financial Officer", "url": "", "transactionDescription": "Sale", "latestTransDate": "2019-06-19", "positionDirect": 0, "positionDirectDate": "2019-06-19"}, {"maxAge": 1, "name": "Indiabulls Wholesale Services Ltd", "relation": "Promoter", "url": "", "transactionDescription": "Other", "latestTransDate": "2014-04-28", "positionDirect": 20383310, "positionDirectDate": "2014-04-28"}], "maxAge": 1}, "earnings": {"maxAge": 86400, "earningsChart": {"quarterly": [], "earningsDate": []}, "financialsChart": {"yearly": [{"date": 2017, "revenue": 1971015000, "earnings": 316770000}, {"date": 2018, "revenue": 1648272000, "earnings": 172624000}, {"date": 2019, "revenue": 1505460000, "earnings": 139522000}, {"date": 2020, "revenue": 2125000000, "earnings": 66600000}], "quarterly": [{"date": "3Q2019", "revenue": 548700000, "earnings": 3700000}, {"date": "4Q2019", "revenue": 592300000, "earnings": 43900000}, {"date": "1Q2020", "revenue": 456000000, "earnings": -11200000}, {"date": "2Q2020", "revenue": 433900000, "earnings": 129400000}]}, "financialCurrency": "INR"}, "calendarEvents": {"maxAge": 1, "earnings": {"earningsDate": []}}, "upgradeDowngradeHistory": {"history": [], "maxAge": 86400}, "price": {"maxAge": 1, "regularMarketChangePercent": -0.01980198, "regularMarketChange": -2.5, "regularMarketTime": "2021-04-30 15:46:32", "priceHint": 2, "regularMarketPrice": 123.75, "regularMarketDayHigh": 129.2, "regularMarketDayLow": 121.0, "regularMarketVolume": 4830, "averageDailyVolume10Day": 16604, "averageDailyVolume3Month": 29559, "regularMarketPreviousClose": 126.25, "regularMarketSource": "FREE_REALTIME", "regularMarketOpen": 124.35, "exchange": "BSE", "exchangeName": "BSE", "exchangeDataDelayedBy": 0, "marketState": "CLOSED", "quoteType": "EQUITY", "symbol": "SORILINFRA.BO", "underlyingSymbol": null, "shortName": "SORIL Infra Resources Limited", "longName": "SORIL Infra Resources Limited", "currency": "INR", "quoteSourceName": "Delayed Quote", "currencySymbol": "\u20b9", "fromCurrency": null, "lastMarket": null, "marketCap": 3898125056}, "balanceSheetHistory": {"balanceSheetStatements": [{"maxAge": 1, "endDate": "2020-03-31", "cash": 97700000, "shortTermInvestments": 9100000, "netReceivables": 1911000000, "inventory": 130900000, "otherCurrentAssets": 122600000, "totalCurrentAssets": 2271300000, "longTermInvestments": 20900000, "propertyPlantEquipment": 1856100000, "goodWill": 7000000, "intangibleAssets": 37000000, "otherAssets": 2051200000, "deferredLongTermAssetCharges": 3600000, "totalAssets": 6243500000, "accountsPayable": 285500000, "otherCurrentLiab": 472000000, "longTermDebt": 258900000, "otherLiab": 113800000, "totalCurrentLiabilities": 3467500000, "totalLiab": 3840200000, "commonStock": 315000000, "capitalSurplus": 2088300000, "totalStockholderEquity": 2403300000, "netTangibleAssets": 2359300000}, {"maxAge": 1, "endDate": "2019-03-31", "cash": 96407000, "shortTermInvestments": 571425000, "netReceivables": 1856567000, "inventory": 115775000, "otherCurrentAssets": 79810000, "totalCurrentAssets": 3066449000, "longTermInvestments": 79000, "propertyPlantEquipment": 1905672000, "goodWill": 7001000, "intangibleAssets": 8711000, "otherAssets": 1607375000, "deferredLongTermAssetCharges": 7243000, "totalAssets": 6595287000, "accountsPayable": 173024000, "shortLongTermDebt": 263957000, "otherCurrentLiab": 408465000, "longTermDebt": 451327000, "otherLiab": 22850000, "totalCurrentLiabilities": 3841635000, "totalLiab": 4315812000, "commonStock": 315000000, "retainedEarnings": -1368794000, "treasuryStock": 59114000, "capitalSurplus": 3274155000, "otherStockholderEquity": 59114000, "totalStockholderEquity": 2279475000, "netTangibleAssets": 2263763000}, {"maxAge": 1, "endDate": "2018-03-31", "cash": 47142000, "shortTermInvestments": 60094000, "netReceivables": 1632770000, "inventory": 53950000, "otherCurrentAssets": 36663000, "totalCurrentAssets": 1830619000, "longTermInvestments": 75000, "propertyPlantEquipment": 1427162000, "intangibleAssets": 9268000, "otherAssets": 200170000, "deferredLongTermAssetCharges": 3635000, "totalAssets": 3467219000, "accountsPayable": 169085000, "shortLongTermDebt": 221413000, "otherCurrentLiab": 38159000, "longTermDebt": 81092000, "otherLiab": 37048000, "totalCurrentLiabilities": 3346117000, "totalLiab": 3464257000, "commonStock": 276000000, "retainedEarnings": -1505090000, "treasuryStock": 17127000, "capitalSurplus": 1214925000, "otherStockholderEquity": 17127000, "totalStockholderEquity": 2962000, "netTangibleAssets": -6306000}, {"maxAge": 1, "endDate": "2017-03-31", "cash": 208651000, "shortTermInvestments": 2037000, "netReceivables": 1545647000, "inventory": 36717000, "otherCurrentAssets": 16496000, "totalCurrentAssets": 1814863000, "propertyPlantEquipment": 1437270000, "intangibleAssets": 9757000, "otherAssets": 239799000, "totalAssets": 3501689000, "accountsPayable": 158537000, "shortLongTermDebt": 215731000, "otherCurrentLiab": 70666000, "longTermDebt": 338364000, "otherLiab": 27601000, "totalCurrentLiabilities": 3321262000, "totalLiab": 3687227000, "commonStock": 276000000, "retainedEarnings": -1674493000, "treasuryStock": -1970000, "capitalSurplus": 1214925000, "otherStockholderEquity": -1970000, "totalStockholderEquity": -185538000, "netTangibleAssets": -195295000}], "maxAge": 86400}, "earningsTrend": {"trend": [{"maxAge": 1, "period": "0q", "endDate": null, "growth": {}, "earningsEstimate": {"avg": 0.0, "low": 0.0, "high": 0.0, "yearAgoEps": {}, "numberOfAnalysts": 0, "growth": {}}, "revenueEstimate": {"avg": 0, "low": 0, "high": 0, "numberOfAnalysts": 0, "yearAgoRevenue": {}, "growth": {}}, "epsTrend": {"current": 0.0, "7daysAgo": 0.0, "30daysAgo": 0.0, "60daysAgo": 0.0, "90daysAgo": 0.0}, "epsRevisions": {"upLast7days": 0, "upLast30days": 0, "downLast30days": 0, "downLast90days": {}}}, {"maxAge": 1, "period": "+1q", "endDate": null, "growth": {}, "earningsEstimate": {"avg": 0.0, "low": 0.0, "high": 0.0, "yearAgoEps": {}, "numberOfAnalysts": 0, "growth": {}}, "revenueEstimate": {"avg": 0, "low": 0, "high": 0, "numberOfAnalysts": 0, "yearAgoRevenue": {}, "growth": {}}, "epsTrend": {"current": 0.0, "7daysAgo": 0.0, "30daysAgo": 0.0, "60daysAgo": 0.0, "90daysAgo": 0.0}, "epsRevisions": {"upLast7days": 0, "upLast30days": 0, "downLast30days": 0, "downLast90days": {}}}, {"maxAge": 1, "period": "0y", "endDate": null, "growth": {}, "earningsEstimate": {"avg": 0.0, "low": 0.0, "high": 0.0, "yearAgoEps": {}, "numberOfAnalysts": 0, "growth": {}}, "revenueEstimate": {"avg": 0, "low": 0, "high": 0, "numberOfAnalysts": 0, "yearAgoRevenue": {}, "growth": {}}, "epsTrend": {"current": 0.0, "7daysAgo": 0.0, "30daysAgo": 0.0, "60daysAgo": 0.0, "90daysAgo": 0.0}, "epsRevisions": {"upLast7days": 0, "upLast30days": 0, "downLast30days": 0, "downLast90days": {}}}, {"maxAge": 1, "period": "+1y", "endDate": null, "growth": {}, "earningsEstimate": {"avg": 0.0, "low": 0.0, "high": 0.0, "yearAgoEps": {}, "numberOfAnalysts": 0, "growth": {}}, "revenueEstimate": {"avg": 0, "low": 0, "high": 0, "numberOfAnalysts": 0, "yearAgoRevenue": {}, "growth": {}}, "epsTrend": {"current": 0.0, "7daysAgo": 0.0, "30daysAgo": 0.0, "60daysAgo": 0.0, "90daysAgo": 0.0}, "epsRevisions": {"upLast7days": 0, "upLast30days": 0, "downLast30days": 0, "downLast90days": {}}}, {"maxAge": 1, "period": "+5y", "endDate": null, "growth": {}, "earningsEstimate": {"avg": {}, "low": {}, "high": {}, "yearAgoEps": {}, "numberOfAnalysts": {}, "growth": {}}, "revenueEstimate": {"avg": {}, "low": {}, "high": {}, "numberOfAnalysts": {}, "yearAgoRevenue": {}, "growth": {}}, "epsTrend": {"current": {}, "7daysAgo": {}, "30daysAgo": {}, "60daysAgo": {}, "90daysAgo": {}}, "epsRevisions": {"upLast7days": {}, "upLast30days": {}, "downLast30days": {}, "downLast90days": {}}}, {"maxAge": 1, "period": "-5y", "endDate": null, "growth": {}, "earningsEstimate": {"avg": {}, "low": {}, "high": {}, "yearAgoEps": {}, "numberOfAnalysts": {}, "growth": {}}, "revenueEstimate": {"avg": {}, "low": {}, "high": {}, "numberOfAnalysts": {}, "yearAgoRevenue": {}, "growth": {}}, "epsTrend": {"current": {}, "7daysAgo": {}, "30daysAgo": {}, "60daysAgo": {}, "90daysAgo": {}}, "epsRevisions": {"upLast7days": {}, "upLast30days": {}, "downLast30days": {}, "downLast90days": {}}}], "maxAge": 1}, "financialData": {"maxAge": 86400, "currentPrice": 123.75, "targetHighPrice": 95.0, "targetLowPrice": 80.0, "targetMeanPrice": 87.5, "targetMedianPrice": 87.5, "recommendationKey": "none", "numberOfAnalystOpinions": 2, "grossProfits": 1007100000, "financialCurrency": "INR"}}}