{"SORILINFRA.NS": {"assetProfile": {"address1": "One International Center", "address2": "Tower 1, Senapati Bapat Marg Elphinstone Road", "city": "Mumbai", "zip": "400013", "country": "India", "phone": "91 22 6189 9700", "fax": "91 22 6189 1421", "website": "http://www.sorilinfraresources.com", "industry": "Conglomerates", "sector": "Industrials", "longBusinessSummary": "SORIL Infra Resources Limited provides equipment hiring services in India. The company operates through four segments: Equipment Renting Services, Management and Maintenance Services, Financing and Related Activities, and Led Lighting. It rents equipment, which include tower cranes, passenger hoists, piling rigs, excavators, dozers, motor graders, wheel loaders, mobile boom placers, transit mixers, dumpers, steel stir-up machines, and concrete batching plants under the brand name of Indiabulls Store One. The company also sells LED lighting products under the Ib LED brand. In addition, it provides home loans; and term loans for MSME, small business, and traders. Further, the company manages and maintains residential properties. The company serves real estate, precast, infrastructure, metro, cement, mining, petroleum refinery, piling, industrial, and road customers. The company was formerly known as Store One Retail India Limited and changed its name to SORIL Infra Resources Limited in December 2016. SORIL Infra Resources Limited was incorporated in 2005 and is based in Mumbai, India. SORIL Infra Resources Limited is a subsidiary of Indiabulls Integrated Services Limited.", "fullTimeEmployees": 278, "companyOfficers": [{"maxAge": 1, "name": "Mr. Vijay Kumar Agrawal", "title": "Chief Financial Officer", "fiscalYear": 2020, "totalPay": 4306228, "exercisedValue": 0, "unexercisedValue": 0}, {"maxAge": 1, "name": "Mr. Vikas  Khandelwal", "title": "Compliance Officer & Company Sec.", "fiscalYear": 2020, "totalPay": 4867144, "exercisedValue": 0, "unexercisedValue": 0}, {"maxAge": 1, "name": "Mr. Anil  Malhan", "title": "Whole Time Director", "fiscalYear": 2020, "totalPay": 0, "exercisedValue": 0, "unexercisedValue": 0}, {"maxAge": 1, "name": "Mr. Sunil Chander Nair", "age": 48, "title": "VP of Sales & Marketing", "yearBorn": 1972, "fiscalYear": 2005, "exercisedValue": 0, "unexercisedValue": 0}, {"maxAge": 1, "name": "Mr. Munish  Taneja", "age": 44, "title": "Whole Time Director", "yearBorn": 1976, "exercisedValue": 0, "unexercisedValue": 0}, {"maxAge": 1, "name": "Mr. Kumar  Rai", "age": 45, "title": "Deputy Gen. Mang. of Strategy", "yearBorn": 1975, "fiscalYear": 2005, "exercisedValue": 0, "unexercisedValue": 0}], "compensationAsOfEpochDate": "2020-12-31 05:30:00", "maxAge": 86400}, "cashflowStatementHistory": {"cashflowStatements": [{"maxAge": 1, "endDate": "2020-03-31", "netIncome": 66600000, "depreciation": 248800000, "changeToNetincome": 118800000, "changeToAccountReceivables": 128700000, "changeToLiabilities": 104500000, "changeToInventory": -70900000, "changeToOperatingActivities": -869200000, "totalCashFromOperatingActivities": -270000000, "capitalExpenditures": -106400000, "investments": 951800000, "otherCashflowsFromInvestingActivities": -31300000, "totalCashflowsFromInvestingActivities": 833700000, "dividendsPaid": -2700000, "netBorrowings": -469700000, "otherCashflowsFromFinancingActivities": -100700000, "totalCashFromFinancingActivities": -573100000, "changeInCash": -9400000}, {"maxAge": 1, "endDate": "2019-03-31", "netIncome": 139500000, "depreciation": 196200000, "changeToNetincome": -112300000, "changeToAccountReceivables": -385300000, "changeToLiabilities": 20400000, "changeToInventory": -34600000, "changeToOperatingActivities": -1109500000, "totalCashFromOperatingActivities": -1285300000, "capitalExpenditures": -681300000, "investments": -870700000, "otherCashflowsFromInvestingActivities": 379400000, "totalCashflowsFromInvestingActivities": -1192600000, "dividendsPaid": -2700000, "netBorrowings": 474600000, "otherCashflowsFromFinancingActivities": -68000000, "totalCashFromFinancingActivities": 2506000000, "changeInCash": 49300000, "issuanceOfStock": 2102100000}, {"maxAge": 1, "endDate": "2018-03-31", "netIncome": 172624000, "depreciation": 148951000, "changeToNetincome": 56002000, "changeToAccountReceivables": -150284000, "changeToLiabilities": 10558000, "changeToInventory": -17122000, "changeToOperatingActivities": -56500000, "totalCashFromOperatingActivities": 164367000, "capitalExpenditures": -159045000, "investments": -62507000, "otherCashflowsFromInvestingActivities": 237097000, "totalCashflowsFromInvestingActivities": 27850000, "dividendsPaid": -2676000, "netBorrowings": -242829000, "otherCashflowsFromFinancingActivities": -108221000, "totalCashFromFinancingActivities": -353726000, "changeInCash": -161509000, "issuanceOfStock": 2102100000}, {"maxAge": 1, "endDate": "2017-03-31", "netIncome": 316770000, "depreciation": 144690000, "changeToNetincome": -116766000, "changeToAccountReceivables": 50795000, "changeToLiabilities": -226381000, "changeToInventory": -2838000, "changeToOperatingActivities": 1305526000, "totalCashFromOperatingActivities": 1471821000, "capitalExpenditures": -44699000, "investments": 4150000, "otherCashflowsFromInvestingActivities": -1208751000, "totalCashflowsFromInvestingActivities": -1249300000, "dividendsPaid": -3221000, "netBorrowings": 17912000, "otherCashflowsFromFinancingActivities": -67574000, "totalCashFromFinancingActivities": -52883000, "changeInCash": 169638000, "issuanceOfStock": 2102100000}], "maxAge": 86400}, "institutionOwnership": {"ownershipList": [], "maxAge": 1}, "majorHoldersBreakdown": {"maxAge": 1, "insidersPercentHeld": 0.74689, "institutionsPercentHeld": 0.0, "institutionsFloatPercentHeld": 0.0, "institutionsCount": 0}, "balanceSheetHistoryQuarterly": {"balanceSheetStatements": [{"maxAge": 1, "endDate": "2020-12-31", "totalStockholderEquity": 2549800000, "netTangibleAssets": 2496900000}, {"maxAge": 1, "endDate": "2020-09-30", "cash": 153800000, "shortTermInvestments": 159500000, "netReceivables": 3663700000, "inventory": 89100000, "otherCurrentAssets": 107500000, "totalCurrentAssets": 4173600000, "longTermInvestments": 79400000, "propertyPlantEquipment": 1678300000, "goodWill": 7000000, "intangibleAssets": 45900000, "otherAssets": 870200000, "totalAssets": 6854400000, "accountsPayable": 284900000, "otherCurrentLiab": 517700000, "longTermDebt": 780400000, "otherLiab": 61200000, "totalCurrentLiabilities": 3430100000, "totalLiab": 4304600000, "commonStock": 315000000, "capitalSurplus": 2234800000, "totalStockholderEquity": 2549800000, "netTangibleAssets": 2496900000}, {"maxAge": 1, "endDate": "2020-06-30", "totalStockholderEquity": 2403300000, "netTangibleAssets": 2359300000}, {"maxAge": 1, "endDate": "2020-03-31", "cash": 87000000, "shortTermInvestments": 100000, "netReceivables": 1920100000, "inventory": 195700000, "otherCurrentAssets": 49000000, "totalCurrentAssets": 2271300000, "propertyPlantEquipment": 1856100000, "goodWill": 7000000, "intangibleAssets": 37000000, "otherAssets": 2072100000, "deferredLongTermAssetCharges": 3600000, "totalAssets": 6243500000, "accountsPayable": 285500000, "shortLongTermDebt": 199700000, "otherCurrentLiab": 84000000, "longTermDebt": 258900000, "otherLiab": 36700000, "totalCurrentLiabilities": 3467500000, "totalLiab": 3840200000, "commonStock": 315000000, "retainedEarnings": -1297100000, "treasuryStock": 111300000, "capitalSurplus": 3274100000, "otherStockholderEquity": 111300000, "totalStockholderEquity": 2403300000, "netTangibleAssets": 2359300000}], "maxAge": 86400}, "indexTrend": {"maxAge": 1, "symbol": "SP5", "peRatio": 19.7411, "pegRatio": 1.34172, "estimates": [{"period": "0q", "growth": 0.549}, {"period": "+1q", "growth": 0.431}, {"period": "0y", "growth": 0.305}, {"period": "+1y", "growth": 0.109}, {"period": "+5y", "growth": 0.120865}, {"period": "-5y"}]}, "defaultKeyStatistics": {"maxAge": 1, "priceHint": 2, "enterpriseValue": 7093664768, "profitMargins": 0.10502, "floatShares": 3310124, "sharesOutstanding": 31500000, "heldPercentInsiders": 0.74689, "heldPercentInstitutions": 0.0, "beta": 0.991777, "category": null, "bookValue": 81.693, "priceToBook": 1.5142056, "fundFamily": null, "legalType": null, "lastFiscalYearEnd": "2020-03-31 05:30:00", "nextFiscalYearEnd": "2022-03-31 05:30:00", "mostRecentQuarter": "2020-12-31 05:30:00", "earningsQuarterlyGrowth": 0.134, "netIncomeToCommon": 175073808, "trailingEps": 5.74, "lastSplitFactor": null, "enterpriseToRevenue": 4.178, "enterpriseToEbitda": 19.978}, "summaryProfile": {"address1": "One International Center", "address2": "Tower 1, Senapati Bapat Marg Elphinstone Road", "city": "Mumbai", "zip": "400013", "country": "India", "phone": "91 22 6189 9700", "fax": "91 22 6189 1421", "website": "http://www.sorilinfraresources.com", "industry": "Conglomerates", "sector": "Industrials", "longBusinessSummary": "SORIL Infra Resources Limited provides equipment hiring services in India. The company operates through four segments: Equipment Renting Services, Management and Maintenance Services, Financing and Related Activities, and Led Lighting. It rents equipment, which include tower cranes, passenger hoists, piling rigs, excavators, dozers, motor graders, wheel loaders, mobile boom placers, transit mixers, dumpers, steel stir-up machines, and concrete batching plants under the brand name of Indiabulls Store One. The company also sells LED lighting products under the Ib LED brand. In addition, it provides home loans; and term loans for MSME, small business, and traders. Further, the company manages and maintains residential properties. The company serves real estate, precast, infrastructure, metro, cement, mining, petroleum refinery, piling, industrial, and road customers. The company was formerly known as Store One Retail India Limited and changed its name to SORIL Infra Resources Limited in December 2016. SORIL Infra Resources Limited was incorporated in 2005 and is based in Mumbai, India. SORIL Infra Resources Limited is a subsidiary of Indiabulls Integrated Services Limited.", "fullTimeEmployees": 278, "companyOfficers": [], "maxAge": 86400}, "netSharePurchaseActivity": {"maxAge": 1, "period": "6m", "buyInfoCount": 0, "buyInfoShares": 0, "sellInfoCount": 0, "netInfoCount": 0, "netInfoShares": 0, "netPercentInsiderShares": 0.0, "totalInsiderShares": 23541218}, "insiderTransactions": {"transactions": [{"maxAge": 1, "shares": 27206, "filerUrl": "", "transactionText": "", "filerName": "Garg (Mukesh)", "filerRelation": "Chief Financial Officer", "moneyText": "", "startDate": "2019-06-19", "ownership": "D"}, {"maxAge": 1, "shares": 4400000, "filerUrl": "", "transactionText": "", "filerName": "Indiabulls Wholesale Services Ltd", "filerRelation": "Promoter", "moneyText": "", "startDate": "2014-04-28", "ownership": "D"}, {"maxAge": 1, "shares": 3200000, "filerUrl": "", "transactionText": "", "filerName": "Indiabulls Wholesale Services Ltd", "filerRelation": "Promoter", "moneyText": "", "startDate": "2012-12-04", "ownership": "D"}], "maxAge": 1}, "quoteType": {"exchange": "NSI", "quoteType": "EQUITY", "symbol": "SORILINFRA.NS", "underlyingSymbol": "SORILINFRA.NS", "shortName": "SORIL INFRA RESOUR", "longName": "SORIL Infra Resources Limited", "firstTradeDateEpochUtc": "2005-12-06 09:15:00", "timeZoneFullName": "Asia/Kolkata", "timeZoneShortName": "IST", "uuid": "8dfc1923-4b63-33ea-ba22-c88064c52783", "gmtOffSetMilliseconds": 19800000, "maxAge": 1}, "incomeStatementHistory": {"incomeStatementHistory": [{"maxAge": 1, "endDate": "2020-03-31", "totalRevenue": 2125000000, "costOfRevenue": 1117900000, "grossProfit": 1007100000, "researchDevelopment": {}, "sellingGeneralAdministrative": 568600000, "nonRecurring": {}, "otherOperatingExpenses": 134600000, "totalOperatingExpenses": 2071500000, "operatingIncome": 53500000, "totalOtherIncomeExpenseNet": 50400000, "ebit": 53500000, "interestExpense": -134800000, "incomeBeforeTax": 103900000, "incomeTaxExpense": 37300000, "minorityInterest": {}, "netIncomeFromContinuingOps": 66600000, "discontinuedOperations": {}, "extraordinaryItems": {}, "effectOfAccountingCharges": {}, "otherItems": {}, "netIncome": 66600000, "netIncomeApplicableToCommonShares": 63373814}, {"maxAge": 1, "endDate": "2019-03-31", "totalRevenue": 1505400000, "costOfRevenue": 755600000, "grossProfit": 749800000, "researchDevelopment": {}, "sellingGeneralAdministrative": 433700000, "nonRecurring": {}, "otherOperatingExpenses": 99900000, "totalOperatingExpenses": 1484600000, "operatingIncome": 20800000, "totalOtherIncomeExpenseNet": 116300000, "ebit": 20800000, "interestExpense": -62000000, "incomeBeforeTax": 137100000, "incomeTaxExpense": -2400000, "minorityInterest": {}, "netIncomeFromContinuingOps": 139500000, "discontinuedOperations": {}, "extraordinaryItems": {}, "effectOfAccountingCharges": {}, "otherItems": {}, "netIncome": 139500000, "netIncomeApplicableToCommonShares": 136273814}, {"maxAge": 1, "endDate": "2018-03-31", "totalRevenue": 1648272000, "costOfRevenue": 791921000, "grossProfit": 856351000, "researchDevelopment": {}, "sellingGeneralAdministrative": 555465000, "nonRecurring": {}, "otherOperatingExpenses": 58027000, "totalOperatingExpenses": 1553411000, "operatingIncome": 94861000, "totalOtherIncomeExpenseNet": 77782000, "ebit": 94861000, "interestExpense": -107277000, "incomeBeforeTax": 172643000, "incomeTaxExpense": 19000, "minorityInterest": {}, "netIncomeFromContinuingOps": 172624000, "discontinuedOperations": {}, "extraordinaryItems": {}, "effectOfAccountingCharges": {}, "otherItems": {}, "netIncome": 172624000, "netIncomeApplicableToCommonShares": 169403103}, {"maxAge": 1, "endDate": "2017-03-31", "totalRevenue": 1971015000, "costOfRevenue": 1350323000, "grossProfit": 620692000, "researchDevelopment": {}, "sellingGeneralAdministrative": 219746000, "nonRecurring": {}, "otherOperatingExpenses": 67758000, "totalOperatingExpenses": 1781510000, "operatingIncome": 189505000, "totalOtherIncomeExpenseNet": 127265000, "ebit": 189505000, "interestExpense": -66793000, "incomeBeforeTax": 316770000, "incomeTaxExpense": 0, "minorityInterest": {}, "netIncomeFromContinuingOps": 316770000, "discontinuedOperations": {}, "extraordinaryItems": {}, "effectOfAccountingCharges": {}, "otherItems": {}, "netIncome": 316770000, "netIncomeApplicableToCommonShares": 316770000}], "maxAge": 86400}, "fundOwnership": {"ownershipList": [], "maxAge": 1}, "summaryDetail": {"maxAge": 1, "priceHint": 2, "previousClose": 125.85, "open": 124.7, "dayLow": 123.0, "dayHigh": 129.7, "regularMarketPreviousClose": 125.85, "regularMarketOpen": 124.7, "regularMarketDayLow": 123.0, "regularMarketDayHigh": 129.7, "payoutRatio": 0.0, "beta": 0.991777, "trailingPE": 21.550524, "volume": 40663, "regularMarketVolume": 40663, "averageVolume": 234702, "averageVolume10days": 94515, "averageDailyVolume10Day": 94515, "bid": 0.0, "ask": 0.0, "bidSize": 0, "askSize": 0, "marketCap": 3908932352, "fiftyTwoWeekLow": 36.8, "fiftyTwoWeekHigh": 227.75, "priceToSalesTrailing12Months": 2.3024871, "fiftyDayAverage": 168.56323, "twoHundredDayAverage": 111.22908, "currency": "INR", "fromCurrency": null, "lastMarket": null, "algorithm": null, "tradeable": false}, "incomeStatementHistoryQuarterly": {"incomeStatementHistory": [{"maxAge": 1, "endDate": "2020-12-31", "totalRevenue": 449000000, "costOfRevenue": 249200000, "grossProfit": 199800000, "researchDevelopment": {}, "sellingGeneralAdministrative": 78500000, "nonRecurring": {}, "otherOperatingExpenses": 42300000, "totalOperatingExpenses": 425900000, "operatingIncome": 23100000, "totalOtherIncomeExpenseNet": 30900000, "ebit": 23100000, "interestExpense": -24300000, "incomeBeforeTax": 54000000, "incomeTaxExpense": 4200000, "minorityInterest": {}, "netIncomeFromContinuingOps": 49800000, "discontinuedOperations": {}, "extraordinaryItems": {}, "effectOfAccountingCharges": {}, "otherItems": {}, "netIncome": 49800000, "netIncomeApplicableToCommonShares": 49800000}, {"maxAge": 1, "endDate": "2020-09-30", "totalRevenue": 358800000, "costOfRevenue": 202200000, "grossProfit": 156600000, "researchDevelopment": {}, "sellingGeneralAdministrative": 82200000, "nonRecurring": {}, "otherOperatingExpenses": 32000000, "totalOperatingExpenses": 376700000, "operatingIncome": -17900000, "totalOtherIncomeExpenseNet": 29000000, "ebit": -17900000, "interestExpense": -26500000, "incomeBeforeTax": 11100000, "incomeTaxExpense": 800000, "minorityInterest": {}, "netIncomeFromContinuingOps": 10300000, "discontinuedOperations": {}, "extraordinaryItems": {}, "effectOfAccountingCharges": {}, "otherItems": {}, "netIncome": 10300000, "netIncomeApplicableToCommonShares": 10300000}, {"maxAge": 1, "endDate": "2020-06-30", "totalRevenue": 433900000, "costOfRevenue": 128300000, "grossProfit": 305600000, "researchDevelopment": {}, "sellingGeneralAdministrative": 91000000, "nonRecurring": {}, "otherOperatingExpenses": 18500000, "totalOperatingExpenses": 300900000, "operatingIncome": 133000000, "totalOtherIncomeExpenseNet": 33900000, "ebit": 133000000, "interestExpense": -40200000, "incomeBeforeTax": 166900000, "incomeTaxExpense": 37500000, "minorityInterest": {}, "netIncomeFromContinuingOps": 129400000, "discontinuedOperations": {}, "extraordinaryItems": {}, "effectOfAccountingCharges": {}, "otherItems": {}, "netIncome": 129400000, "netIncomeApplicableToCommonShares": 129400000}, {"maxAge": 1, "endDate": "2020-03-31", "totalRevenue": 456000000, "costOfRevenue": 232200000, "grossProfit": 223800000, "researchDevelopment": {}, "sellingGeneralAdministrative": 186400000, "nonRecurring": {}, "otherOperatingExpenses": -12000000, "totalOperatingExpenses": 469800000, "operatingIncome": -13800000, "totalOtherIncomeExpenseNet": 4900000, "ebit": -13800000, "interestExpense": -19400000, "incomeBeforeTax": -8900000, "incomeTaxExpense": 2300000, "minorityInterest": {}, "netIncomeFromContinuingOps": -11200000, "discontinuedOperations": {}, "extraordinaryItems": {}, "effectOfAccountingCharges": {}, "otherItems": {}, "netIncome": -11200000, "netIncomeApplicableToCommonShares": -14426186}], "maxAge": 86400}, "cashflowStatementHistoryQuarterly": {"cashflowStatements": [{"maxAge": 1, "endDate": "2020-12-31", "netIncome": 49800000, "changeToLiabilities": 0}, {"maxAge": 1, "endDate": "2020-09-30", "netIncome": 10300000, "changeToLiabilities": 0}, {"maxAge": 1, "endDate": "2020-06-30", "netIncome": 129400000, "changeToLiabilities": 0}, {"maxAge": 1, "endDate": "2020-03-31", "netIncome": -11200000, "changeToLiabilities": 0}], "maxAge": 86400}, "insiderHolders": {"holders": [{"maxAge": 1, "name": "Garg (Mukesh)", "relation": "Chief Financial Officer", "url": "", "transactionDescription": "Sale", "latestTransDate": "2019-06-19", "positionDirect": 0, "positionDirectDate": "2019-06-19"}, {"maxAge": 1, "name": "Indiabulls Wholesale Services Ltd", "relation": "Promoter", "url": "", "transactionDescription": "Other", "latestTransDate": "2014-04-28", "positionDirect": 20383310, "positionDirectDate": "2014-04-28"}], "maxAge": 1}, "calendarEvents": {"maxAge": 1, "earnings": {"earningsDate": []}}, "upgradeDowngradeHistory": {"history": [], "maxAge": 86400}, "price": {"maxAge": 1, "regularMarketChangePercent": -0.017083842, "regularMarketChange": -2.1500015, "regularMarketTime": "2021-04-30 15:29:50", "priceHint": 2, "regularMarketPrice": 123.7, "regularMarketDayHigh": 129.7, "regularMarketDayLow": 123.0, "regularMarketVolume": 40663, "averageDailyVolume10Day": 94515, "averageDailyVolume3Month": 234702, "regularMarketPreviousClose": 125.85, "regularMarketSource": "FREE_REALTIME", "regularMarketOpen": 124.7, "exchange": "NSI", "exchangeName": "NSE", "exchangeDataDelayedBy": 15, "marketState": "CLOSED", "quoteType": "EQUITY", "symbol": "SORILINFRA.NS", "underlyingSymbol": null, "shortName": "SORIL INFRA RESOUR", "longName": "SORIL Infra Resources Limited", "currency": "INR", "quoteSourceName": "Delayed Quote", "currencySymbol": "\u20b9", "fromCurrency": null, "lastMarket": null, "marketCap": 3908932352}, "balanceSheetHistory": {"balanceSheetStatements": [{"maxAge": 1, "endDate": "2020-03-31", "cash": 87000000, "shortTermInvestments": 100000, "netReceivables": 1920100000, "inventory": 195700000, "otherCurrentAssets": 49000000, "totalCurrentAssets": 2271300000, "propertyPlantEquipment": 1856100000, "goodWill": 7000000, "intangibleAssets": 37000000, "otherAssets": 2072100000, "deferredLongTermAssetCharges": 3600000, "totalAssets": 6243500000, "accountsPayable": 285500000, "shortLongTermDebt": 199700000, "otherCurrentLiab": 84000000, "longTermDebt": 258900000, "otherLiab": 36700000, "totalCurrentLiabilities": 3467500000, "totalLiab": 3840200000, "commonStock": 315000000, "retainedEarnings": -1297100000, "treasuryStock": 111300000, "capitalSurplus": 3274100000, "otherStockholderEquity": 111300000, "totalStockholderEquity": 2403300000, "netTangibleAssets": 2359300000}, {"maxAge": 1, "endDate": "2019-03-31", "cash": 96400000, "shortTermInvestments": 570900000, "netReceivables": 1857000000, "inventory": 115700000, "otherCurrentAssets": 79900000, "totalCurrentAssets": 3066400000, "propertyPlantEquipment": 1905700000, "goodWill": 7000000, "intangibleAssets": 8700000, "otherAssets": 1607400000, "deferredLongTermAssetCharges": 7200000, "totalAssets": 6595200000, "accountsPayable": 173000000, "shortLongTermDebt": 264000000, "otherCurrentLiab": 90400000, "longTermDebt": 451300000, "otherLiab": 22800000, "totalCurrentLiabilities": 3841600000, "totalLiab": 4315700000, "commonStock": 315000000, "retainedEarnings": -1364200000, "treasuryStock": 54600000, "capitalSurplus": 3274100000, "otherStockholderEquity": 54600000, "totalStockholderEquity": 2279500000, "netTangibleAssets": 2263800000}, {"maxAge": 1, "endDate": "2018-03-31", "cash": 47142000, "shortTermInvestments": 60094000, "netReceivables": 1632770000, "inventory": 53950000, "otherCurrentAssets": 36663000, "totalCurrentAssets": 1830619000, "longTermInvestments": 75000, "propertyPlantEquipment": 1427162000, "intangibleAssets": 9268000, "otherAssets": 200170000, "deferredLongTermAssetCharges": 3635000, "totalAssets": 3467219000, "accountsPayable": 169085000, "shortLongTermDebt": 221413000, "otherCurrentLiab": 38159000, "longTermDebt": 81092000, "otherLiab": 37048000, "totalCurrentLiabilities": 3346117000, "totalLiab": 3464257000, "commonStock": 276000000, "retainedEarnings": -1505090000, "treasuryStock": 17127000, "capitalSurplus": 1214925000, "otherStockholderEquity": 17127000, "totalStockholderEquity": 2962000, "netTangibleAssets": -6306000}, {"maxAge": 1, "endDate": "2017-03-31", "cash": 208651000, "shortTermInvestments": 2037000, "netReceivables": 1545647000, "inventory": 36717000, "otherCurrentAssets": 16496000, "totalCurrentAssets": 1814863000, "propertyPlantEquipment": 1437270000, "intangibleAssets": 9757000, "otherAssets": 239799000, "totalAssets": 3501689000, "accountsPayable": 158537000, "shortLongTermDebt": 215731000, "otherCurrentLiab": 70666000, "longTermDebt": 338364000, "otherLiab": 27601000, "totalCurrentLiabilities": 3321262000, "totalLiab": 3687227000, "commonStock": 276000000, "retainedEarnings": -1674493000, "treasuryStock": -1970000, "capitalSurplus": 1214925000, "otherStockholderEquity": -1970000, "totalStockholderEquity": -185538000, "netTangibleAssets": -195295000}], "maxAge": 86400}, "financialData": {"maxAge": 86400, "currentPrice": 123.7, "recommendationKey": "none", "totalCash": 313300000, "totalCashPerShare": 9.94, "ebitda": 355075008, "totalDebt": 3440300032, "totalRevenue": 1697699968, "debtToEquity": 134.924, "revenuePerShare": 55.683, "grossProfits": 1007100000, "earningsGrowth": 0.137, "revenueGrowth": -0.242, "grossMargins": 0.52176, "ebitdaMargins": 0.20915002, "operatingMargins": 0.07328, "profitMargins": 0.10502, "financialCurrency": "INR"}}}