{"SOTL.BO": {"recommendationTrend": {"trend": [{"period": "0m", "strongBuy": 0, "buy": 0, "hold": 0, "sell": 0, "strongSell": 0}, {"period": "-1m", "strongBuy": 0, "buy": 0, "hold": 0, "sell": 0, "strongSell": 0}, {"period": "-2m", "strongBuy": 0, "buy": 0, "hold": 0, "sell": 0, "strongSell": 0}, {"period": "-3m", "strongBuy": 0, "buy": 0, "hold": 0, "sell": 0, "strongSell": 0}], "maxAge": 86400}, "cashflowStatementHistory": {"cashflowStatements": [{"maxAge": 1, "endDate": "2020-03-31", "netIncome": 956424000, "depreciation": 219516000, "changeToNetincome": 188605000, "changeToAccountReceivables": 647680000, "changeToLiabilities": -173146000, "changeToInventory": -115444000, "changeToOperatingActivities": 43844000, "totalCashFromOperatingActivities": 1770212000, "capitalExpenditures": -116645000, "investments": -1045659000, "otherCashflowsFromInvestingActivities": 3256000, "totalCashflowsFromInvestingActivities": -1160690000, "dividendsPaid": -314335000, "netBorrowings": -25184000, "otherCashflowsFromFinancingActivities": -282437000, "totalCashFromFinancingActivities": -1024811000, "effectOfExchangeRate": 2022000, "changeInCash": -413267000, "repurchaseOfStock": -402855000}, {"maxAge": 1, "endDate": "2019-03-31", "netIncome": 1142701000, "depreciation": 235323000, "changeToNetincome": 112076000, "changeToAccountReceivables": -440398000, "changeToLiabilities": 551603000, "changeToInventory": -221647000, "changeToOperatingActivities": -94918000, "totalCashFromOperatingActivities": 1284740000, "capitalExpenditures": -163672000, "investments": -405064000, "otherCashflowsFromInvestingActivities": 1711000, "totalCashflowsFromInvestingActivities": -513152000, "dividendsPaid": -37100000, "netBorrowings": -18696000, "otherCashflowsFromFinancingActivities": -287747000, "totalCashFromFinancingActivities": -343543000, "effectOfExchangeRate": -1526000, "changeInCash": 426519000, "repurchaseOfStock": -402855000}, {"maxAge": 1, "endDate": "2018-03-31", "netIncome": 1261959000, "depreciation": 258827000, "changeToNetincome": 140707000, "changeToAccountReceivables": -1196479000, "changeToLiabilities": 790798000, "changeToInventory": -91641000, "changeToOperatingActivities": -196773000, "totalCashFromOperatingActivities": 967398000, "capitalExpenditures": -65228000, "investments": -37847000, "otherCashflowsFromInvestingActivities": 4848000, "totalCashflowsFromInvestingActivities": -94439000, "dividendsPaid": -2306000, "netBorrowings": -160429000, "otherCashflowsFromFinancingActivities": -133156000, "totalCashFromFinancingActivities": -745291000, "effectOfExchangeRate": -1526000, "changeInCash": 127668000, "repurchaseOfStock": -449400000}, {"maxAge": 1, "endDate": "2017-03-31", "netIncome": 936195000, "depreciation": 281248000, "changeToNetincome": 241850000, "changeToAccountReceivables": -437245000, "changeToLiabilities": 326305000, "changeToInventory": -936905000, "changeToOperatingActivities": 133463000, "totalCashFromOperatingActivities": 546543000, "capitalExpenditures": -99390000, "investments": 64938000, "otherCashflowsFromInvestingActivities": 1719000, "totalCashflowsFromInvestingActivities": -31474000, "dividendsPaid": -197186000, "netBorrowings": -179162000, "otherCashflowsFromFinancingActivities": -178222000, "totalCashFromFinancingActivities": -554570000, "effectOfExchangeRate": -1526000, "changeInCash": -39501000, "repurchaseOfStock": -449400000}], "maxAge": 86400}, "institutionOwnership": {"ownershipList": [], "maxAge": 1}, "balanceSheetHistoryQuarterly": {"balanceSheetStatements": [{"maxAge": 1, "endDate": "2020-06-30", "totalStockholderEquity": 8685848000, "netTangibleAssets": 8676419000}, {"maxAge": 1, "endDate": "2020-03-31", "cash": 245886000, "shortTermInvestments": 3535000, "netReceivables": 5379510000, "inventory": 4487614000, "otherCurrentAssets": 396091000, "totalCurrentAssets": 12184882000, "longTermInvestments": 96969000, "propertyPlantEquipment": 1866252000, "intangibleAssets": 9429000, "otherAssets": 155496000, "totalAssets": 14313028000, "accountsPayable": 5037922000, "shortLongTermDebt": 9046000, "otherCurrentLiab": 359482000, "longTermDebt": 4070000, "otherLiab": 88524000, "totalCurrentLiabilities": 5534586000, "totalLiab": 5627180000, "commonStock": 140711000, "retainedEarnings": 8527905000, "treasuryStock": 17232000, "otherStockholderEquity": 17232000, "totalStockholderEquity": 8685848000, "netTangibleAssets": 8676419000}, {"maxAge": 1, "endDate": "2019-12-31", "totalStockholderEquity": 8509667000, "netTangibleAssets": 8500507000}, {"maxAge": 1, "endDate": "2019-09-30", "cash": 248504000, "shortTermInvestments": 438681000, "netReceivables": 6367680000, "inventory": 4209799000, "otherCurrentAssets": 534120000, "totalCurrentAssets": 11798784000, "longTermInvestments": 44498000, "propertyPlantEquipment": 1888224000, "intangibleAssets": 9160000, "otherAssets": 161997000, "totalAssets": 13902663000, "accountsPayable": 4727786000, "otherCurrentLiab": 437077000, "longTermDebt": 3393000, "otherLiab": 131174000, "totalCurrentLiabilities": 5258429000, "totalLiab": 5392996000, "commonStock": 140711000, "treasuryStock": 8368956000, "otherStockholderEquity": 8368956000, "totalStockholderEquity": 8509667000, "netTangibleAssets": 8500507000}], "maxAge": 86400}, "earningsHistory": {"history": [{"maxAge": 1, "epsActual": {}, "epsEstimate": {}, "epsDifference": {}, "surprisePercent": {}, "quarter": {}, "period": "-4q"}, {"maxAge": 1, "epsActual": {}, "epsEstimate": {}, "epsDifference": {}, "surprisePercent": {}, "quarter": {}, "period": "-3q"}, {"maxAge": 1, "epsActual": {}, "epsEstimate": {}, "epsDifference": {}, "surprisePercent": {}, "quarter": {}, "period": "-2q"}, {"maxAge": 1, "epsActual": 12.72, "epsEstimate": 24.33, "epsDifference": -11.61, "surprisePercent": -0.477, "quarter": "2018-06-30", "period": "-1q"}], "maxAge": 86400}, "indexTrend": {"maxAge": 1, "symbol": "SP5", "peRatio": 19.7411, "pegRatio": 1.34172, "estimates": [{"period": "0q", "growth": 0.549}, {"period": "+1q", "growth": 0.431}, {"period": "0y", "growth": 0.305}, {"period": "+1y", "growth": 0.109}, {"period": "+5y", "growth": 0.120865}, {"period": "-5y"}]}, "industryTrend": {"maxAge": 1, "symbol": null, "estimates": []}, "insiderTransactions": {"transactions": [{"maxAge": 1, "shares": 1500, "filerUrl": "", "transactionText": "", "filerName": "Mehra (Gautam N)", "filerRelation": "Executive Chairman", "moneyText": "", "startDate": "2015-03-30", "ownership": "D"}], "maxAge": 1}, "quoteType": {"exchange": "BSE", "quoteType": "EQUITY", "symbol": "SOTL.BO", "underlyingSymbol": "SOTL.BO", "shortName": "SAVITA OIL TECHNOLOGIES LTD.", "longName": "Savita Oil Technologies Limited", "firstTradeDateEpochUtc": "2001-07-16 09:15:00", "timeZoneFullName": "Asia/Kolkata", "timeZoneShortName": "IST", "uuid": "332776ed-b458-327e-ab5f-a6d1034c353d", "gmtOffSetMilliseconds": 19800000, "maxAge": 1}, "incomeStatementHistory": {"incomeStatementHistory": [{"maxAge": 1, "endDate": "2020-03-31", "totalRevenue": 20461728000, "costOfRevenue": 15883215000, "grossProfit": 4578513000, "researchDevelopment": {}, "sellingGeneralAdministrative": 744598000, "nonRecurring": {}, "otherOperatingExpenses": 2098046000, "totalOperatingExpenses": 18948108000, "operatingIncome": 1513620000, "totalOtherIncomeExpenseNet": -266139000, "ebit": 1513620000, "interestExpense": -75245000, "incomeBeforeTax": 1247481000, "incomeTaxExpense": 291057000, "minorityInterest": {}, "netIncomeFromContinuingOps": 956424000, "discontinuedOperations": {}, "extraordinaryItems": {}, "effectOfAccountingCharges": {}, "otherItems": {}, "netIncome": 956424000, "netIncomeApplicableToCommonShares": 956424000}, {"maxAge": 1, "endDate": "2019-03-31", "totalRevenue": 22625187000, "costOfRevenue": 17606101000, "grossProfit": 5019086000, "researchDevelopment": {}, "sellingGeneralAdministrative": 683891000, "nonRecurring": {}, "otherOperatingExpenses": 2272367000, "totalOperatingExpenses": 20797682000, "operatingIncome": 1827505000, "totalOtherIncomeExpenseNet": -200398000, "ebit": 1827505000, "interestExpense": -115271000, "incomeBeforeTax": 1627107000, "incomeTaxExpense": 484406000, "minorityInterest": {}, "netIncomeFromContinuingOps": 1142701000, "discontinuedOperations": {}, "extraordinaryItems": {}, "effectOfAccountingCharges": {}, "otherItems": {}, "netIncome": 1142701000, "netIncomeApplicableToCommonShares": 1142701000}, {"maxAge": 1, "endDate": "2018-03-31", "totalRevenue": 17827009000, "costOfRevenue": 13360937000, "grossProfit": 4466072000, "researchDevelopment": {}, "sellingGeneralAdministrative": 604635000, "nonRecurring": {}, "otherOperatingExpenses": 1995356000, "totalOperatingExpenses": 16219755000, "operatingIncome": 1607254000, "totalOtherIncomeExpenseNet": -46476000, "ebit": 1607254000, "interestExpense": -65512000, "incomeBeforeTax": 1560778000, "incomeTaxExpense": 298819000, "minorityInterest": {}, "netIncomeFromContinuingOps": 1261959000, "discontinuedOperations": {}, "extraordinaryItems": {}, "effectOfAccountingCharges": {}, "otherItems": {}, "netIncome": 1261959000, "netIncomeApplicableToCommonShares": 1261959000}, {"maxAge": 1, "endDate": "2017-03-31", "totalRevenue": 14971717000, "costOfRevenue": 11032139000, "grossProfit": 3939578000, "researchDevelopment": {}, "sellingGeneralAdministrative": 625297000, "nonRecurring": {}, "otherOperatingExpenses": 1756234000, "totalOperatingExpenses": 13696550000, "operatingIncome": 1275167000, "totalOtherIncomeExpenseNet": -13584000, "ebit": 1275167000, "interestExpense": -51376000, "incomeBeforeTax": 1261583000, "incomeTaxExpense": 325388000, "minorityInterest": {}, "netIncomeFromContinuingOps": 936195000, "discontinuedOperations": {}, "extraordinaryItems": {}, "effectOfAccountingCharges": {}, "otherItems": {}, "netIncome": 936195000, "netIncomeApplicableToCommonShares": 936195000}], "maxAge": 86400}, "fundOwnership": {"ownershipList": [{"maxAge": 1, "reportDate": "2020-07-31", "organization": "DFA Emerging Markets Small Cap Series", "pctHeld": 0.0001, "position": 1482, "value": 938106}], "maxAge": 1}, "summaryDetail": {"maxAge": 1, "priceHint": 2, "previousClose": 1045.8, "open": 1050.0, "dayLow": 1035.35, "dayHigh": 1050.0, "regularMarketPreviousClose": 1045.8, "regularMarketOpen": 1050.0, "regularMarketDayLow": 1035.35, "regularMarketDayHigh": 1050.0, "trailingPE": 18.759378, "forwardPE": 9.101754, "volume": 235, "regularMarketVolume": 235, "averageVolume": 2396, "averageVolume10days": 14113, "averageDailyVolume10Day": 14113, "bid": 1030.0, "ask": 1045.0, "bidSize": 0, "askSize": 0, "marketCap": 15151138816, "fiftyTwoWeekLow": 497.0, "fiftyTwoWeekHigh": 1050.0, "fiftyDayAverage": 708.9409, "twoHundredDayAverage": 691.2386, "trailingAnnualDividendRate": 20.0, "trailingAnnualDividendYield": 0.019124115, "currency": "INR", "fromCurrency": null, "lastMarket": null, "algorithm": null, "tradeable": false}, "sectorTrend": {"maxAge": 1, "symbol": null, "estimates": []}, "incomeStatementHistoryQuarterly": {"incomeStatementHistory": [{"maxAge": 1, "endDate": "2020-06-30", "totalRevenue": 2629663000, "costOfRevenue": 1967944000, "grossProfit": 661719000, "researchDevelopment": {}, "sellingGeneralAdministrative": 140867000, "nonRecurring": {}, "otherOperatingExpenses": 386428000, "totalOperatingExpenses": 2543602000, "operatingIncome": 86061000, "totalOtherIncomeExpenseNet": 59799000, "ebit": 86061000, "interestExpense": -24298000, "incomeBeforeTax": 145860000, "incomeTaxExpense": 38829000, "minorityInterest": {}, "netIncomeFromContinuingOps": 107031000, "discontinuedOperations": {}, "extraordinaryItems": {}, "effectOfAccountingCharges": {}, "otherItems": {}, "netIncome": 107031000, "netIncomeApplicableToCommonShares": 107031000}, {"maxAge": 1, "endDate": "2020-03-31", "totalRevenue": 4496952000, "costOfRevenue": 3585530000, "grossProfit": 911422000, "researchDevelopment": {}, "sellingGeneralAdministrative": 311860000, "nonRecurring": {}, "otherOperatingExpenses": 145667000, "totalOperatingExpenses": 4100538000, "operatingIncome": 396414000, "totalOtherIncomeExpenseNet": -203495000, "ebit": 396414000, "interestExpense": -24298000, "incomeBeforeTax": 192919000, "incomeTaxExpense": -13128000, "minorityInterest": {}, "netIncomeFromContinuingOps": 206047000, "discontinuedOperations": {}, "extraordinaryItems": {}, "effectOfAccountingCharges": {}, "otherItems": {}, "netIncome": 206047000, "netIncomeApplicableToCommonShares": 206047000}, {"maxAge": 1, "endDate": "2019-12-31", "totalRevenue": 5180582000, "costOfRevenue": 4056087000, "grossProfit": 1124495000, "researchDevelopment": {}, "sellingGeneralAdministrative": 134819000, "nonRecurring": {}, "otherOperatingExpenses": 597251000, "totalOperatingExpenses": 4844574000, "operatingIncome": 336008000, "totalOtherIncomeExpenseNet": 436000, "ebit": 336008000, "interestExpense": -37701000, "incomeBeforeTax": 336444000, "incomeTaxExpense": 120160000, "minorityInterest": {}, "netIncomeFromContinuingOps": 216284000, "discontinuedOperations": {}, "extraordinaryItems": {}, "effectOfAccountingCharges": {}, "otherItems": {}, "netIncome": 216284000, "netIncomeApplicableToCommonShares": 216284000}, {"maxAge": 1, "endDate": "2019-09-30", "totalRevenue": 5419423000, "costOfRevenue": 4192959000, "grossProfit": 1226464000, "researchDevelopment": {}, "sellingGeneralAdministrative": 138642000, "nonRecurring": {}, "otherOperatingExpenses": 670320000, "totalOperatingExpenses": 5057095000, "operatingIncome": 362328000, "totalOtherIncomeExpenseNet": -47099000, "ebit": 362328000, "interestExpense": -68420000, "incomeBeforeTax": 315229000, "incomeTaxExpense": 65063000, "minorityInterest": {}, "netIncomeFromContinuingOps": 250166000, "discontinuedOperations": {}, "extraordinaryItems": {}, "effectOfAccountingCharges": {}, "otherItems": {}, "netIncome": 250166000, "netIncomeApplicableToCommonShares": 250166000}], "maxAge": 86400}, "cashflowStatementHistoryQuarterly": {"cashflowStatements": [{"maxAge": 1, "endDate": "2020-06-30", "netIncome": 107031000, "changeToLiabilities": 0}, {"maxAge": 1, "endDate": "2020-03-31", "netIncome": 206047000, "changeToLiabilities": 0}, {"maxAge": 1, "endDate": "2019-12-31", "netIncome": 216284000, "changeToLiabilities": 0}, {"maxAge": 1, "endDate": "2019-09-30", "netIncome": 250166000, "changeToLiabilities": 0}], "maxAge": 86400}, "insiderHolders": {"holders": [{"maxAge": 1, "name": "Mehra (Gautam N)", "relation": "Executive Chairman", "url": "", "transactionDescription": "Acquisition", "latestTransDate": "2015-03-30", "positionDirect": 9511656, "positionDirectDate": "2015-03-30"}], "maxAge": 1}, "earnings": {"maxAge": 86400, "earningsChart": {"quarterly": [{"date": "2Q2018", "actual": 12.72, "estimate": 24.33}], "currentQuarterEstimateDate": "3Q", "currentQuarterEstimateYear": 2018, "earningsDate": ["2020-07-10 05:30:S"]}, "financialsChart": {"yearly": [{"date": 2017, "revenue": 14971717000, "earnings": 936195000}, {"date": 2018, "revenue": 17827009000, "earnings": 1261959000}, {"date": 2019, "revenue": 22625187000, "earnings": 1142701000}, {"date": 2020, "revenue": 20461728000, "earnings": 956424000}], "quarterly": [{"date": "3Q2019", "revenue": 5419423000, "earnings": 250166000}, {"date": "4Q2019", "revenue": 5180582000, "earnings": 216284000}, {"date": "1Q2020", "revenue": 4496952000, "earnings": 206047000}, {"date": "2Q2020", "revenue": 2629663000, "earnings": 107031000}]}, "financialCurrency": "INR"}, "calendarEvents": {"maxAge": 1, "earnings": {"earningsDate": ["2020-07-10 05:30:S"]}}, "upgradeDowngradeHistory": {"history": [], "maxAge": 86400}, "price": {"maxAge": 1, "regularMarketChangePercent": -0.0078409575, "regularMarketChange": -8.200073, "regularMarketTime": "2021-04-30 15:28:21", "priceHint": 2, "regularMarketPrice": 1037.6, "regularMarketDayHigh": 1050.0, "regularMarketDayLow": 1035.35, "regularMarketVolume": 235, "averageDailyVolume10Day": 14113, "averageDailyVolume3Month": 2396, "regularMarketPreviousClose": 1045.8, "regularMarketSource": "FREE_REALTIME", "regularMarketOpen": 1050.0, "exchange": "BSE", "exchangeName": "BSE", "exchangeDataDelayedBy": 0, "marketState": "CLOSED", "quoteType": "EQUITY", "symbol": "SOTL.BO", "underlyingSymbol": null, "shortName": "SAVITA OIL TECHNOLOGIES LTD.", "longName": "Savita Oil Technologies Limited", "currency": "INR", "quoteSourceName": "Delayed Quote", "currencySymbol": "\u20b9", "fromCurrency": null, "lastMarket": null, "marketCap": 15151138816}, "balanceSheetHistory": {"balanceSheetStatements": [{"maxAge": 1, "endDate": "2020-03-31", "cash": 245886000, "shortTermInvestments": 3535000, "netReceivables": 5379510000, "inventory": 4487614000, "otherCurrentAssets": 396091000, "totalCurrentAssets": 12184882000, "longTermInvestments": 96969000, "propertyPlantEquipment": 1866252000, "intangibleAssets": 9429000, "otherAssets": 155496000, "totalAssets": 14313028000, "accountsPayable": 5037922000, "shortLongTermDebt": 9046000, "otherCurrentLiab": 359482000, "longTermDebt": 4070000, "otherLiab": 88524000, "totalCurrentLiabilities": 5534586000, "totalLiab": 5627180000, "commonStock": 140711000, "retainedEarnings": 8527905000, "treasuryStock": 17232000, "otherStockholderEquity": 17232000, "totalStockholderEquity": 8685848000, "netTangibleAssets": 8676419000}, {"maxAge": 1, "endDate": "2019-03-31", "cash": 659153000, "shortTermInvestments": 3060000, "netReceivables": 6135747000, "inventory": 4372170000, "otherCurrentAssets": 338656000, "totalCurrentAssets": 12143300000, "longTermInvestments": 52771000, "propertyPlantEquipment": 1942300000, "intangibleAssets": 9227000, "otherAssets": 166520000, "totalAssets": 14314118000, "accountsPayable": 5078490000, "shortLongTermDebt": 13048000, "otherCurrentLiab": 418831000, "longTermDebt": 11454000, "otherLiab": 144403000, "totalCurrentLiabilities": 5642213000, "totalLiab": 5798070000, "commonStock": 143221000, "retainedEarnings": 8358105000, "treasuryStock": 14722000, "otherStockholderEquity": 14722000, "totalStockholderEquity": 8516048000, "netTangibleAssets": 8506821000}, {"maxAge": 1, "endDate": "2018-03-31", "cash": 232634000, "shortTermInvestments": 1829000, "netReceivables": 5615116000, "inventory": 4150523000, "otherCurrentAssets": 413129000, "totalCurrentAssets": 10599774000, "longTermInvestments": 50562000, "propertyPlantEquipment": 2004962000, "intangibleAssets": 6761000, "otherAssets": 181443000, "totalAssets": 12843502000, "accountsPayable": 4602692000, "shortLongTermDebt": 37723000, "otherCurrentLiab": 462445000, "longTermDebt": 21582000, "otherLiab": 149298000, "totalCurrentLiabilities": 5249529000, "totalLiab": 5420409000, "commonStock": 143221000, "retainedEarnings": 7265150000, "treasuryStock": 14722000, "otherStockholderEquity": 14722000, "totalStockholderEquity": 7423093000, "netTangibleAssets": 7416332000}, {"maxAge": 1, "endDate": "2017-03-31", "cash": 104966000, "shortTermInvestments": 3329000, "netReceivables": 4411491000, "inventory": 4058882000, "otherCurrentAssets": 287037000, "totalCurrentAssets": 9047191000, "longTermInvestments": 9821000, "propertyPlantEquipment": 2194180000, "intangibleAssets": 5502000, "otherAssets": 184189000, "totalAssets": 11440883000, "accountsPayable": 3788749000, "shortLongTermDebt": 140037000, "otherCurrentLiab": 379755000, "longTermDebt": 54717000, "otherLiab": 183628000, "totalCurrentLiabilities": 4590914000, "totalLiab": 4829259000, "commonStock": 146021000, "retainedEarnings": 6281321000, "treasuryStock": 11922000, "capitalSurplus": 172360000, "otherStockholderEquity": 11922000, "totalStockholderEquity": 6611624000, "netTangibleAssets": 6606122000}], "maxAge": 86400}, "earningsTrend": {"trend": [{"maxAge": 1, "period": "0q", "endDate": "2018-09-30", "growth": {}, "earningsEstimate": {"avg": 0.0, "low": 0.0, "high": 0.0, "yearAgoEps": {}, "numberOfAnalysts": 0, "growth": {}}, "revenueEstimate": {"avg": 0, "low": 0, "high": 0, "numberOfAnalysts": 0, "yearAgoRevenue": {}, "growth": {}}, "epsTrend": {"current": 0.0, "7daysAgo": 0.0, "30daysAgo": 0.0, "60daysAgo": 0.0, "90daysAgo": 0.0}, "epsRevisions": {"upLast7days": 0, "upLast30days": 0, "downLast30days": 0, "downLast90days": {}}}, {"maxAge": 1, "period": "+1q", "endDate": "2018-12-31", "growth": {}, "earningsEstimate": {"avg": 0.0, "low": 0.0, "high": 0.0, "yearAgoEps": {}, "numberOfAnalysts": 0, "growth": {}}, "revenueEstimate": {"avg": 0, "low": 0, "high": 0, "numberOfAnalysts": 0, "yearAgoRevenue": {}, "growth": {}}, "epsTrend": {"current": 0.0, "7daysAgo": 0.0, "30daysAgo": 0.0, "60daysAgo": 0.0, "90daysAgo": 0.0}, "epsRevisions": {"upLast7days": 0, "upLast30days": 0, "downLast30days": 0, "downLast90days": {}}}, {"maxAge": 1, "period": "0y", "endDate": "2019-03-31", "growth": {}, "earningsEstimate": {"avg": 0.0, "low": 0.0, "high": 0.0, "yearAgoEps": {}, "numberOfAnalysts": 0, "growth": {}}, "revenueEstimate": {"avg": 19706000000, "low": 19706000000, "high": 19706000000, "numberOfAnalysts": 1, "yearAgoRevenue": 18086100000, "growth": 0.09}, "epsTrend": {"current": 0.0, "7daysAgo": 101.7, "30daysAgo": 101.7, "60daysAgo": 101.7, "90daysAgo": 101.7}, "epsRevisions": {"upLast7days": 0, "upLast30days": 0, "downLast30days": 0, "downLast90days": {}}}, {"maxAge": 1, "period": "+1y", "endDate": "2020-03-31", "growth": {}, "earningsEstimate": {"avg": 0.0, "low": 0.0, "high": 0.0, "yearAgoEps": {}, "numberOfAnalysts": 0, "growth": {}}, "revenueEstimate": {"avg": 21676600000, "low": 21676600000, "high": 21676600000, "numberOfAnalysts": 1, "yearAgoRevenue": 19706000000, "growth": 0.1}, "epsTrend": {"current": 0.0, "7daysAgo": 114.0, "30daysAgo": 114.0, "60daysAgo": 114.0, "90daysAgo": 114.0}, "epsRevisions": {"upLast7days": 0, "upLast30days": 0, "downLast30days": 0, "downLast90days": {}}}, {"maxAge": 1, "period": "+5y", "endDate": null, "growth": {}, "earningsEstimate": {"avg": {}, "low": {}, "high": {}, "yearAgoEps": {}, "numberOfAnalysts": {}, "growth": {}}, "revenueEstimate": {"avg": {}, "low": {}, "high": {}, "numberOfAnalysts": {}, "yearAgoRevenue": {}, "growth": {}}, "epsTrend": {"current": {}, "7daysAgo": {}, "30daysAgo": {}, "60daysAgo": {}, "90daysAgo": {}}, "epsRevisions": {"upLast7days": {}, "upLast30days": {}, "downLast30days": {}, "downLast90days": {}}}, {"maxAge": 1, "period": "-5y", "endDate": null, "growth": {}, "earningsEstimate": {"avg": {}, "low": {}, "high": {}, "yearAgoEps": {}, "numberOfAnalysts": {}, "growth": {}}, "revenueEstimate": {"avg": {}, "low": {}, "high": {}, "numberOfAnalysts": {}, "yearAgoRevenue": {}, "growth": {}}, "epsTrend": {"current": {}, "7daysAgo": {}, "30daysAgo": {}, "60daysAgo": {}, "90daysAgo": {}}, "epsRevisions": {"upLast7days": {}, "upLast30days": {}, "downLast30days": {}, "downLast90days": {}}}], "maxAge": 1}, "financialData": {"maxAge": 86400, "currentPrice": 1037.6, "targetHighPrice": 782.0, "targetLowPrice": 782.0, "targetMeanPrice": 782.0, "targetMedianPrice": 782.0, "recommendationKey": "none", "numberOfAnalystOpinions": 1, "grossProfits": 4578513000, "financialCurrency": "INR"}}}