{"SOTL.NS": {"assetProfile": {"address1": "66/67, Nariman Bhavan", "address2": "Nariman Point", "city": "Mumbai", "zip": "400021", "country": "India", "phone": "91 22 2288 3061", "fax": "91 22 2202 9364", "website": "http://www.savita.com", "industry": "Specialty Chemicals", "sector": "Basic Materials", "longBusinessSummary": "Savita Oil Technologies Limited manufactures and sells petroleum products in India. It operates through two segments, Petroleum Products and Wind Power. The company offers transformer oils, white oils, liquid paraffins, lubricating oils, petrolatum and petroleum jellies, cable filling compounds, and optic fiber compounds. It also offers waxes and wax derivatives, such as microcrystalline, polyethylene, and oxidized polyethylene waxes, as well as wax emulsions. The company markets and sells its lubricating oils under the Savsol brand name. In addition, it generates and sells wind power. The company also exports its products. The company was formerly known as Savita Chemicals Limited and changed its name to Savita Oil Technologies Limited. Savita Oil Technologies Limited was founded in 1961 and is headquartered in Mumbai, India.", "fullTimeEmployees": 455, "companyOfficers": [{"maxAge": 1, "name": "Mr. Gautam N. Mehra B.E., M.B.A., B.E, M.B.A", "age": 59, "title": "Chairman & MD", "yearBorn": 1961, "fiscalYear": 2020, "totalPay": 34493000, "exercisedValue": 0, "unexercisedValue": 0}, {"maxAge": 1, "name": "Mr. Suhas M. Dixit", "age": 61, "title": "CFO & Whole-time Director", "yearBorn": 1959, "fiscalYear": 2020, "totalPay": 10460000, "exercisedValue": 0, "unexercisedValue": 0}, {"maxAge": 1, "name": "Mr. Siddharth G. Mehra", "title": "Whole-Time Director", "fiscalYear": 2020, "totalPay": 4964000, "exercisedValue": 0, "unexercisedValue": 0}, {"maxAge": 1, "name": "Mr. Uday C. Rege", "age": 54, "title": "Company Sec. & Exec. VP of Legal", "yearBorn": 1966, "fiscalYear": 2018, "exercisedValue": 0, "unexercisedValue": 0}, {"maxAge": 1, "name": "Mr. M. K. Wazir", "age": 71, "title": "Pres of Marketing", "yearBorn": 1949, "fiscalYear": 2013, "exercisedValue": 0, "unexercisedValue": 0}, {"maxAge": 1, "name": "Mr. Sunil  Aima", "title": "Chief Exec. Officer of Lubes", "exercisedValue": 0, "unexercisedValue": 0}, {"maxAge": 1, "name": "Mr. V. K. Rishi", "age": 58, "title": "VP of International Bus. Division", "yearBorn": 1962, "exercisedValue": 0, "unexercisedValue": 0}, {"maxAge": 1, "name": "Mr. R. K. Bhatia", "age": 74, "title": "VP of Marketing", "yearBorn": 1946, "exercisedValue": 0, "unexercisedValue": 0}], "compensationAsOfEpochDate": "2020-12-31 05:30:00", "maxAge": 86400}, "recommendationTrend": {"trend": [{"period": "0m", "strongBuy": 0, "buy": 0, "hold": 0, "sell": 0, "strongSell": 0}, {"period": "-1m", "strongBuy": 0, "buy": 1, "hold": 0, "sell": 0, "strongSell": 0}, {"period": "-2m", "strongBuy": 0, "buy": 1, "hold": 0, "sell": 0, "strongSell": 0}, {"period": "-3m", "strongBuy": 0, "buy": 1, "hold": 0, "sell": 0, "strongSell": 0}], "maxAge": 86400}, "cashflowStatementHistory": {"cashflowStatements": [{"maxAge": 1, "endDate": "2020-03-31", "netIncome": 956424000, "depreciation": 219516000, "changeToNetincome": 188605000, "changeToAccountReceivables": 647680000, "changeToLiabilities": -173146000, "changeToInventory": -115444000, "changeToOperatingActivities": 43844000, "totalCashFromOperatingActivities": 1770212000, "capitalExpenditures": -116645000, "investments": -1045659000, "otherCashflowsFromInvestingActivities": 3256000, "totalCashflowsFromInvestingActivities": -1160690000, "dividendsPaid": -314335000, "netBorrowings": -25184000, "otherCashflowsFromFinancingActivities": -282437000, "totalCashFromFinancingActivities": -1024811000, "effectOfExchangeRate": 2022000, "changeInCash": -413267000, "repurchaseOfStock": -402855000}, {"maxAge": 1, "endDate": "2019-03-31", "netIncome": 1142701000, "depreciation": 235323000, "changeToNetincome": 112076000, "changeToAccountReceivables": -440398000, "changeToLiabilities": 551603000, "changeToInventory": -221647000, "changeToOperatingActivities": -94918000, "totalCashFromOperatingActivities": 1284740000, "capitalExpenditures": -163672000, "investments": -405064000, "otherCashflowsFromInvestingActivities": 1711000, "totalCashflowsFromInvestingActivities": -513152000, "dividendsPaid": -37100000, "netBorrowings": -18696000, "otherCashflowsFromFinancingActivities": -287747000, "totalCashFromFinancingActivities": -343543000, "effectOfExchangeRate": -1526000, "changeInCash": 426519000, "repurchaseOfStock": -402855000}, {"maxAge": 1, "endDate": "2018-03-31", "netIncome": 1261959000, "depreciation": 258827000, "changeToNetincome": 140707000, "changeToAccountReceivables": -1196479000, "changeToLiabilities": 790798000, "changeToInventory": -91641000, "changeToOperatingActivities": -196773000, "totalCashFromOperatingActivities": 967398000, "capitalExpenditures": -65228000, "investments": -37847000, "otherCashflowsFromInvestingActivities": 4848000, "totalCashflowsFromInvestingActivities": -94439000, "dividendsPaid": -2306000, "netBorrowings": -160429000, "otherCashflowsFromFinancingActivities": -133156000, "totalCashFromFinancingActivities": -745291000, "effectOfExchangeRate": -1526000, "changeInCash": 127668000, "repurchaseOfStock": -449400000}, {"maxAge": 1, "endDate": "2017-03-31", "netIncome": 936195000, "depreciation": 281248000, "changeToNetincome": 241850000, "changeToAccountReceivables": -437245000, "changeToLiabilities": 326305000, "changeToInventory": -936905000, "changeToOperatingActivities": 133463000, "totalCashFromOperatingActivities": 546543000, "capitalExpenditures": -99390000, "investments": 64938000, "otherCashflowsFromInvestingActivities": 1719000, "totalCashflowsFromInvestingActivities": -31474000, "dividendsPaid": -197186000, "netBorrowings": -179162000, "otherCashflowsFromFinancingActivities": -178222000, "totalCashFromFinancingActivities": -554570000, "effectOfExchangeRate": -1526000, "changeInCash": -39501000, "repurchaseOfStock": -449400000}], "maxAge": 86400}, "indexTrend": {"maxAge": 1, "symbol": "SP5", "peRatio": 19.7411, "pegRatio": 1.34172, "estimates": [{"period": "0q", "growth": 0.549}, {"period": "+1q", "growth": 0.431}, {"period": "0y", "growth": 0.305}, {"period": "+1y", "growth": 0.109}, {"period": "+5y", "growth": 0.120865}, {"period": "-5y"}]}, "defaultKeyStatistics": {"maxAge": 1, "priceHint": 2, "enterpriseValue": 12322803712, "profitMargins": 0.08677, "floatShares": 3672625, "sharesOutstanding": 14071100, "heldPercentInsiders": 0.75282997, "heldPercentInstitutions": 0.10963, "beta": 0.270899, "category": null, "bookValue": 651.397, "priceToBook": 1.5941124, "fundFamily": null, "legalType": null, "lastFiscalYearEnd": "2020-03-31 05:30:00", "nextFiscalYearEnd": "2022-03-31 05:30:00", "mostRecentQuarter": "2020-12-31 05:30:00", "earningsQuarterlyGrowth": 2.75, "netIncomeToCommon": 1500286976, "trailingEps": 106.63, "forwardEps": 60.72, "lastSplitFactor": "5:3", "lastSplitDate": "2007-01-17 05:30:00", "enterpriseToRevenue": 0.713, "enterpriseToEbitda": 5.793}, "industryTrend": {"maxAge": 1, "symbol": null, "estimates": []}, "quoteType": {"exchange": "NSI", "quoteType": "EQUITY", "symbol": "SOTL.NS", "underlyingSymbol": "SOTL.NS", "shortName": "SAVITA OIL TECHNOL", "longName": "Savita Oil Technologies Limited", "firstTradeDateEpochUtc": "2002-07-01 09:15:00", "timeZoneFullName": "Asia/Kolkata", "timeZoneShortName": "IST", "uuid": "4aa15b7f-cae0-3179-8cb0-61bc82c4d1c6", "gmtOffSetMilliseconds": 19800000, "maxAge": 1}, "incomeStatementHistory": {"incomeStatementHistory": [{"maxAge": 1, "endDate": "2020-03-31", "totalRevenue": 20461728000, "costOfRevenue": 15883215000, "grossProfit": 4578513000, "researchDevelopment": {}, "sellingGeneralAdministrative": 744598000, "nonRecurring": {}, "otherOperatingExpenses": 2098046000, "totalOperatingExpenses": 18948108000, "operatingIncome": 1513620000, "totalOtherIncomeExpenseNet": -266139000, "ebit": 1513620000, "interestExpense": -75245000, "incomeBeforeTax": 1247481000, "incomeTaxExpense": 291057000, "minorityInterest": {}, "netIncomeFromContinuingOps": 956424000, "discontinuedOperations": {}, "extraordinaryItems": {}, "effectOfAccountingCharges": {}, "otherItems": {}, "netIncome": 956424000, "netIncomeApplicableToCommonShares": 956424000}, {"maxAge": 1, "endDate": "2019-03-31", "totalRevenue": 22625187000, "costOfRevenue": 17606101000, "grossProfit": 5019086000, "researchDevelopment": {}, "sellingGeneralAdministrative": 683891000, "nonRecurring": {}, "otherOperatingExpenses": 2272367000, "totalOperatingExpenses": 20797682000, "operatingIncome": 1827505000, "totalOtherIncomeExpenseNet": -200398000, "ebit": 1827505000, "interestExpense": -115271000, "incomeBeforeTax": 1627107000, "incomeTaxExpense": 484406000, "minorityInterest": {}, "netIncomeFromContinuingOps": 1142701000, "discontinuedOperations": {}, "extraordinaryItems": {}, "effectOfAccountingCharges": {}, "otherItems": {}, "netIncome": 1142701000, "netIncomeApplicableToCommonShares": 1142701000}, {"maxAge": 1, "endDate": "2018-03-31", "totalRevenue": 17827009000, "costOfRevenue": 13360937000, "grossProfit": 4466072000, "researchDevelopment": {}, "sellingGeneralAdministrative": 604635000, "nonRecurring": {}, "otherOperatingExpenses": 1995356000, "totalOperatingExpenses": 16219755000, "operatingIncome": 1607254000, "totalOtherIncomeExpenseNet": -46476000, "ebit": 1607254000, "interestExpense": -65512000, "incomeBeforeTax": 1560778000, "incomeTaxExpense": 298819000, "minorityInterest": {}, "netIncomeFromContinuingOps": 1261959000, "discontinuedOperations": {}, "extraordinaryItems": {}, "effectOfAccountingCharges": {}, "otherItems": {}, "netIncome": 1261959000, "netIncomeApplicableToCommonShares": 1261959000}, {"maxAge": 1, "endDate": "2017-03-31", "totalRevenue": 14971717000, "costOfRevenue": 11032139000, "grossProfit": 3939578000, "researchDevelopment": {}, "sellingGeneralAdministrative": 625297000, "nonRecurring": {}, "otherOperatingExpenses": 1756234000, "totalOperatingExpenses": 13696550000, "operatingIncome": 1275167000, "totalOtherIncomeExpenseNet": -13584000, "ebit": 1275167000, "interestExpense": -51376000, "incomeBeforeTax": 1261583000, "incomeTaxExpense": 325388000, "minorityInterest": {}, "netIncomeFromContinuingOps": 936195000, "discontinuedOperations": {}, "extraordinaryItems": {}, "effectOfAccountingCharges": {}, "otherItems": {}, "netIncome": 936195000, "netIncomeApplicableToCommonShares": 936195000}], "maxAge": 86400}, "fundOwnership": {"ownershipList": [{"maxAge": 1, "reportDate": "2021-01-31", "organization": "Voya International Small Cap Fund", "pctHeld": 0.0001, "position": 1633, "value": 1117216}, {"maxAge": 1, "reportDate": "2021-01-31", "organization": "DFA Emerging Markets Small Cap Series", "pctHeld": 0.0001, "position": 1482, "value": 1013910}, {"maxAge": 1, "reportDate": "2021-03-31", "organization": "SEI Institutional Investment Tr-Screened World Equity Ex-U.S. Fd", "pctHeld": 0.0001, "position": 1281, "value": 1251537}], "maxAge": 1}, "summaryDetail": {"maxAge": 1, "priceHint": 2, "previousClose": 1049.05, "open": 1032.0, "dayLow": 1032.0, "dayHigh": 1050.0, "regularMarketPreviousClose": 1049.05, "regularMarketOpen": 1032.0, "regularMarketDayLow": 1032.0, "regularMarketDayHigh": 1050.0, "exDividendDate": "2020-03-18 05:30:00", "payoutRatio": 0.1875, "fiveYearAvgDividendYield": 1.35, "beta": 0.270899, "trailingPE": 9.738348, "forwardPE": 17.10145, "volume": 4801, "regularMarketVolume": 4801, "averageVolume": 34688, "averageVolume10days": 11580, "averageDailyVolume10Day": 11580, "bid": 0.0, "ask": 0.0, "bidSize": 0, "askSize": 0, "marketCap": 14566156288, "fiftyTwoWeekLow": 602.8, "fiftyTwoWeekHigh": 1181.0, "priceToSalesTrailing12Months": 0.84248656, "fiftyDayAverage": 1027.5868, "twoHundredDayAverage": 783.1113, "trailingAnnualDividendRate": 0.0, "trailingAnnualDividendYield": 0.0, "currency": "INR", "fromCurrency": null, "lastMarket": null, "algorithm": null, "tradeable": false}, "insiderHolders": {"holders": [{"maxAge": 1, "name": "Mehra (Gautam N)", "relation": "Executive Chairman", "url": "", "transactionDescription": "Acquisition", "latestTransDate": "2015-03-30", "positionDirect": 9511656, "positionDirectDate": "2015-03-30"}, {"maxAge": 1, "name": "Pari Washington Company Pvt Ltd A/c Pari Washington India Ma", "relation": "Promoter", "url": "", "transactionDescription": "Sale", "latestTransDate": "2021-02-26", "positionDirect": 452275, "positionDirectDate": "2021-02-26"}], "maxAge": 1}, "calendarEvents": {"maxAge": 1, "earnings": {"earningsDate": []}, "exDividendDate": "2020-03-18 05:30:00"}, "upgradeDowngradeHistory": {"history": [], "maxAge": 86400}, "price": {"maxAge": 1, "regularMarketChangePercent": -0.010152066, "regularMarketChange": -10.650024, "regularMarketTime": "2021-04-30 15:29:57", "priceHint": 2, "regularMarketPrice": 1038.4, "regularMarketDayHigh": 1050.0, "regularMarketDayLow": 1032.0, "regularMarketVolume": 4801, "averageDailyVolume10Day": 11580, "averageDailyVolume3Month": 34688, "regularMarketPreviousClose": 1049.05, "regularMarketSource": "FREE_REALTIME", "regularMarketOpen": 1032.0, "exchange": "NSI", "exchangeName": "NSE", "exchangeDataDelayedBy": 15, "marketState": "CLOSED", "quoteType": "EQUITY", "symbol": "SOTL.NS", "underlyingSymbol": null, "shortName": "SAVITA OIL TECHNOL", "longName": "Savita Oil Technologies Limited", "currency": "INR", "quoteSourceName": "Delayed Quote", "currencySymbol": "\u20b9", "fromCurrency": null, "lastMarket": null, "marketCap": 14566156288}, "balanceSheetHistory": {"balanceSheetStatements": [{"maxAge": 1, "endDate": "2020-03-31", "cash": 245886000, "shortTermInvestments": 3535000, "netReceivables": 5379510000, "inventory": 4487614000, "otherCurrentAssets": 396091000, "totalCurrentAssets": 12184882000, "longTermInvestments": 96969000, "propertyPlantEquipment": 1866252000, "intangibleAssets": 9429000, "otherAssets": 155496000, "totalAssets": 14313028000, "accountsPayable": 5037922000, "shortLongTermDebt": 9046000, "otherCurrentLiab": 359482000, "longTermDebt": 4070000, "otherLiab": 88524000, "totalCurrentLiabilities": 5534586000, "totalLiab": 5627180000, "commonStock": 140711000, "retainedEarnings": 8527905000, "treasuryStock": 17232000, "otherStockholderEquity": 17232000, "totalStockholderEquity": 8685848000, "netTangibleAssets": 8676419000}, {"maxAge": 1, "endDate": "2019-03-31", "cash": 659153000, "shortTermInvestments": 3060000, "netReceivables": 6135747000, "inventory": 4372170000, "otherCurrentAssets": 338656000, "totalCurrentAssets": 12143300000, "longTermInvestments": 52771000, "propertyPlantEquipment": 1942300000, "intangibleAssets": 9227000, "otherAssets": 166520000, "totalAssets": 14314118000, "accountsPayable": 5078490000, "shortLongTermDebt": 13048000, "otherCurrentLiab": 418831000, "longTermDebt": 11454000, "otherLiab": 144403000, "totalCurrentLiabilities": 5642213000, "totalLiab": 5798070000, "commonStock": 143221000, "retainedEarnings": 8358105000, "treasuryStock": 14722000, "otherStockholderEquity": 14722000, "totalStockholderEquity": 8516048000, "netTangibleAssets": 8506821000}, {"maxAge": 1, "endDate": "2018-03-31", "cash": 232634000, "shortTermInvestments": 1829000, "netReceivables": 5615116000, "inventory": 4150523000, "otherCurrentAssets": 413129000, "totalCurrentAssets": 10599774000, "longTermInvestments": 50562000, "propertyPlantEquipment": 2004962000, "intangibleAssets": 6761000, "otherAssets": 181443000, "totalAssets": 12843502000, "accountsPayable": 4602692000, "shortLongTermDebt": 37723000, "otherCurrentLiab": 462445000, "longTermDebt": 21582000, "otherLiab": 149298000, "totalCurrentLiabilities": 5249529000, "totalLiab": 5420409000, "commonStock": 143221000, "retainedEarnings": 7265150000, "treasuryStock": 14722000, "otherStockholderEquity": 14722000, "totalStockholderEquity": 7423093000, "netTangibleAssets": 7416332000}, {"maxAge": 1, "endDate": "2017-03-31", "cash": 104966000, "shortTermInvestments": 3329000, "netReceivables": 4411491000, "inventory": 4058882000, "otherCurrentAssets": 287037000, "totalCurrentAssets": 9047191000, "longTermInvestments": 9821000, "propertyPlantEquipment": 2194180000, "intangibleAssets": 5502000, "otherAssets": 184189000, "totalAssets": 11440883000, "accountsPayable": 3788749000, "shortLongTermDebt": 140037000, "otherCurrentLiab": 379755000, "longTermDebt": 54717000, "otherLiab": 183628000, "totalCurrentLiabilities": 4590914000, "totalLiab": 4829259000, "commonStock": 146021000, "retainedEarnings": 6281321000, "treasuryStock": 11922000, "capitalSurplus": 172360000, "otherStockholderEquity": 11922000, "totalStockholderEquity": 6611624000, "netTangibleAssets": 6606122000}], "maxAge": 86400}, "earningsTrend": {"trend": [{"maxAge": 1, "period": "0q", "endDate": null, "growth": {}, "earningsEstimate": {"avg": 0.0, "low": 0.0, "high": 0.0, "yearAgoEps": {}, "numberOfAnalysts": 0, "growth": {}}, "revenueEstimate": {"avg": 0, "low": 0, "high": 0, "numberOfAnalysts": 0, "yearAgoRevenue": {}, "growth": {}}, "epsTrend": {"current": 0.0, "7daysAgo": 0.0, "30daysAgo": 0.0, "60daysAgo": 0.0, "90daysAgo": 0.0}, "epsRevisions": {"upLast7days": 0, "upLast30days": 0, "downLast30days": 0, "downLast90days": {}}}, {"maxAge": 1, "period": "+1q", "endDate": null, "growth": {}, "earningsEstimate": {"avg": 0.0, "low": 0.0, "high": 0.0, "yearAgoEps": {}, "numberOfAnalysts": 0, "growth": {}}, "revenueEstimate": {"avg": 0, "low": 0, "high": 0, "numberOfAnalysts": 0, "yearAgoRevenue": {}, "growth": {}}, "epsTrend": {"current": 0.0, "7daysAgo": 0.0, "30daysAgo": 0.0, "60daysAgo": 0.0, "90daysAgo": 0.0}, "epsRevisions": {"upLast7days": 0, "upLast30days": 0, "downLast30days": 0, "downLast90days": {}}}, {"maxAge": 1, "period": "0y", "endDate": null, "growth": {}, "earningsEstimate": {"avg": 0.0, "low": 0.0, "high": 0.0, "yearAgoEps": {}, "numberOfAnalysts": 0, "growth": {}}, "revenueEstimate": {"avg": 0, "low": 0, "high": 0, "numberOfAnalysts": 0, "yearAgoRevenue": {}, "growth": {}}, "epsTrend": {"current": 0.0, "7daysAgo": 0.0, "30daysAgo": 0.0, "60daysAgo": 0.0, "90daysAgo": 0.0}, "epsRevisions": {"upLast7days": 0, "upLast30days": 0, "downLast30days": 0, "downLast90days": {}}}, {"maxAge": 1, "period": "+1y", "endDate": null, "growth": {}, "earningsEstimate": {"avg": 0.0, "low": 0.0, "high": 0.0, "yearAgoEps": {}, "numberOfAnalysts": 0, "growth": {}}, "revenueEstimate": {"avg": 0, "low": 0, "high": 0, "numberOfAnalysts": 0, "yearAgoRevenue": {}, "growth": {}}, "epsTrend": {"current": 0.0, "7daysAgo": 0.0, "30daysAgo": 0.0, "60daysAgo": 0.0, "90daysAgo": 0.0}, "epsRevisions": {"upLast7days": 0, "upLast30days": 0, "downLast30days": 0, "downLast90days": {}}}, {"maxAge": 1, "period": "+5y", "endDate": null, "growth": {}, "earningsEstimate": {"avg": {}, "low": {}, "high": {}, "yearAgoEps": {}, "numberOfAnalysts": {}, "growth": {}}, "revenueEstimate": {"avg": {}, "low": {}, "high": {}, "numberOfAnalysts": {}, "yearAgoRevenue": {}, "growth": {}}, "epsTrend": {"current": {}, "7daysAgo": {}, "30daysAgo": {}, "60daysAgo": {}, "90daysAgo": {}}, "epsRevisions": {"upLast7days": {}, "upLast30days": {}, "downLast30days": {}, "downLast90days": {}}}, {"maxAge": 1, "period": "-5y", "endDate": null, "growth": 0.17179, "earningsEstimate": {"avg": {}, "low": {}, "high": {}, "yearAgoEps": {}, "numberOfAnalysts": {}, "growth": {}}, "revenueEstimate": {"avg": {}, "low": {}, "high": {}, "numberOfAnalysts": {}, "yearAgoRevenue": {}, "growth": {}}, "epsTrend": {"current": {}, "7daysAgo": {}, "30daysAgo": {}, "60daysAgo": {}, "90daysAgo": {}}, "epsRevisions": {"upLast7days": {}, "upLast30days": {}, "downLast30days": {}, "downLast90days": {}}}], "maxAge": 1}, "institutionOwnership": {"ownershipList": [], "maxAge": 1}, "majorHoldersBreakdown": {"maxAge": 1, "insidersPercentHeld": 0.75282997, "institutionsPercentHeld": 0.10963, "institutionsFloatPercentHeld": 0.44354, "institutionsCount": 6}, "balanceSheetHistoryQuarterly": {"balanceSheetStatements": [{"maxAge": 1, "endDate": "2020-12-31", "totalStockholderEquity": 9167755000, "netTangibleAssets": 9159485000}, {"maxAge": 1, "endDate": "2020-09-30", "cash": 430007000, "shortTermInvestments": 2008366000, "netReceivables": 4691771000, "inventory": 3255130000, "otherCurrentAssets": 296683000, "totalCurrentAssets": 10681957000, "longTermInvestments": 225139000, "propertyPlantEquipment": 1807860000, "intangibleAssets": 8270000, "otherAssets": 143162000, "totalAssets": 12866388000, "accountsPayable": 3110373000, "otherCurrentLiab": 463062000, "longTermDebt": 748000, "otherLiab": 82397000, "totalCurrentLiabilities": 3615488000, "totalLiab": 3698633000, "commonStock": 140711000, "treasuryStock": 9027044000, "otherStockholderEquity": 9027044000, "totalStockholderEquity": 9167755000, "netTangibleAssets": 9159485000}, {"maxAge": 1, "endDate": "2020-06-30", "totalStockholderEquity": 8685848000, "netTangibleAssets": 8676419000}, {"maxAge": 1, "endDate": "2020-03-31", "cash": 245886000, "shortTermInvestments": 3535000, "netReceivables": 5379510000, "inventory": 4487614000, "otherCurrentAssets": 396091000, "totalCurrentAssets": 12184882000, "longTermInvestments": 96969000, "propertyPlantEquipment": 1866252000, "intangibleAssets": 9429000, "otherAssets": 155496000, "totalAssets": 14313028000, "accountsPayable": 5037922000, "shortLongTermDebt": 9046000, "otherCurrentLiab": 359482000, "longTermDebt": 4070000, "otherLiab": 88524000, "totalCurrentLiabilities": 5534586000, "totalLiab": 5627180000, "commonStock": 140711000, "retainedEarnings": 8527905000, "treasuryStock": 17232000, "otherStockholderEquity": 17232000, "totalStockholderEquity": 8685848000, "netTangibleAssets": 8676419000}], "maxAge": 86400}, "earningsHistory": {"history": [{"maxAge": 1, "epsActual": {}, "epsEstimate": {}, "epsDifference": {}, "surprisePercent": {}, "quarter": {}, "period": "-4q"}, {"maxAge": 1, "epsActual": {}, "epsEstimate": {}, "epsDifference": {}, "surprisePercent": {}, "quarter": {}, "period": "-3q"}, {"maxAge": 1, "epsActual": {}, "epsEstimate": {}, "epsDifference": {}, "surprisePercent": {}, "quarter": {}, "period": "-2q"}, {"maxAge": 1, "epsActual": {}, "epsEstimate": {}, "epsDifference": {}, "surprisePercent": {}, "quarter": {}, "period": "-1q"}], "maxAge": 86400}, "summaryProfile": {"address1": "66/67, Nariman Bhavan", "address2": "Nariman Point", "city": "Mumbai", "zip": "400021", "country": "India", "phone": "91 22 2288 3061", "fax": "91 22 2202 9364", "website": "http://www.savita.com", "industry": "Specialty Chemicals", "sector": "Basic Materials", "longBusinessSummary": "Savita Oil Technologies Limited manufactures and sells petroleum products in India. It operates through two segments, Petroleum Products and Wind Power. The company offers transformer oils, white oils, liquid paraffins, lubricating oils, petrolatum and petroleum jellies, cable filling compounds, and optic fiber compounds. It also offers waxes and wax derivatives, such as microcrystalline, polyethylene, and oxidized polyethylene waxes, as well as wax emulsions. The company markets and sells its lubricating oils under the Savsol brand name. In addition, it generates and sells wind power. The company also exports its products. The company was formerly known as Savita Chemicals Limited and changed its name to Savita Oil Technologies Limited. Savita Oil Technologies Limited was founded in 1961 and is headquartered in Mumbai, India.", "fullTimeEmployees": 455, "companyOfficers": [], "maxAge": 86400}, "netSharePurchaseActivity": {"maxAge": 1, "period": "6m", "buyInfoCount": 0, "buyInfoShares": 0, "sellInfoCount": 0, "netInfoCount": 0, "netInfoShares": 0, "netPercentInsiderShares": 0.0, "totalInsiderShares": 10592529}, "insiderTransactions": {"transactions": [{"maxAge": 1, "shares": 326668, "filerUrl": "", "transactionText": "", "filerName": "Pari Washington Company Pvt Ltd A/c Pari Washington India Ma", "filerRelation": "Promoter", "moneyText": "", "startDate": "2021-02-26", "ownership": "D"}, {"maxAge": 1, "shares": 1500, "filerUrl": "", "transactionText": "", "filerName": "Mehra (Gautam N)", "filerRelation": "Executive Chairman", "moneyText": "", "startDate": "2015-03-30", "ownership": "D"}], "maxAge": 1}, "sectorTrend": {"maxAge": 1, "symbol": null, "estimates": []}, "incomeStatementHistoryQuarterly": {"incomeStatementHistory": [{"maxAge": 1, "endDate": "2020-12-31", "totalRevenue": 5349119000, "costOfRevenue": 3557304000, "grossProfit": 1791815000, "researchDevelopment": {}, "sellingGeneralAdministrative": 156468000, "nonRecurring": {}, "otherOperatingExpenses": 587525000, "totalOperatingExpenses": 4351608000, "operatingIncome": 997511000, "totalOtherIncomeExpenseNet": 94397000, "ebit": 997511000, "interestExpense": -22641000, "incomeBeforeTax": 1091908000, "incomeTaxExpense": 280897000, "minorityInterest": {}, "netIncomeFromContinuingOps": 811011000, "discontinuedOperations": {}, "extraordinaryItems": {}, "effectOfAccountingCharges": {}, "otherItems": {}, "netIncome": 811011000, "netIncomeApplicableToCommonShares": 811011000}, {"maxAge": 1, "endDate": "2020-09-30", "totalRevenue": 4813749000, "costOfRevenue": 3622531000, "grossProfit": 1191218000, "researchDevelopment": {}, "sellingGeneralAdministrative": 154753000, "nonRecurring": {}, "otherOperatingExpenses": 546060000, "totalOperatingExpenses": 4372891000, "operatingIncome": 440858000, "totalOtherIncomeExpenseNet": 67218000, "ebit": 440858000, "interestExpense": -12148000, "incomeBeforeTax": 508076000, "incomeTaxExpense": 131878000, "minorityInterest": {}, "netIncomeFromContinuingOps": 376198000, "discontinuedOperations": {}, "extraordinaryItems": {}, "effectOfAccountingCharges": {}, "otherItems": {}, "netIncome": 376198000, "netIncomeApplicableToCommonShares": 376198000}, {"maxAge": 1, "endDate": "2020-06-30", "totalRevenue": 2629663000, "costOfRevenue": 1967944000, "grossProfit": 661719000, "researchDevelopment": {}, "sellingGeneralAdministrative": 140867000, "nonRecurring": {}, "otherOperatingExpenses": 386428000, "totalOperatingExpenses": 2543602000, "operatingIncome": 86061000, "totalOtherIncomeExpenseNet": 59799000, "ebit": 86061000, "interestExpense": -24298000, "incomeBeforeTax": 145860000, "incomeTaxExpense": 38829000, "minorityInterest": {}, "netIncomeFromContinuingOps": 107031000, "discontinuedOperations": {}, "extraordinaryItems": {}, "effectOfAccountingCharges": {}, "otherItems": {}, "netIncome": 107031000, "netIncomeApplicableToCommonShares": 107031000}, {"maxAge": 1, "endDate": "2020-03-31", "totalRevenue": 4496952000, "costOfRevenue": 3585530000, "grossProfit": 911422000, "researchDevelopment": {}, "sellingGeneralAdministrative": 311860000, "nonRecurring": {}, "otherOperatingExpenses": 145667000, "totalOperatingExpenses": 4100538000, "operatingIncome": 396414000, "totalOtherIncomeExpenseNet": -203495000, "ebit": 396414000, "interestExpense": -24298000, "incomeBeforeTax": 192919000, "incomeTaxExpense": -13128000, "minorityInterest": {}, "netIncomeFromContinuingOps": 206047000, "discontinuedOperations": {}, "extraordinaryItems": {}, "effectOfAccountingCharges": {}, "otherItems": {}, "netIncome": 206047000, "netIncomeApplicableToCommonShares": 206047000}], "maxAge": 86400}, "cashflowStatementHistoryQuarterly": {"cashflowStatements": [{"maxAge": 1, "endDate": "2020-12-31", "netIncome": 811011000, "changeToLiabilities": 0}, {"maxAge": 1, "endDate": "2020-09-30", "netIncome": 376198000, "changeToLiabilities": 0}, {"maxAge": 1, "endDate": "2020-06-30", "netIncome": 107031000, "changeToLiabilities": 0}, {"maxAge": 1, "endDate": "2020-03-31", "netIncome": 206047000, "changeToLiabilities": 0}], "maxAge": 86400}, "earnings": {"maxAge": 86400, "earningsChart": {"quarterly": [], "earningsDate": []}, "financialsChart": {"yearly": [{"date": 2017, "revenue": 14971717000, "earnings": 936195000}, {"date": 2018, "revenue": 17827009000, "earnings": 1261959000}, {"date": 2019, "revenue": 22625187000, "earnings": 1142701000}, {"date": 2020, "revenue": 20461728000, "earnings": 956424000}], "quarterly": [{"date": "1Q2020", "revenue": 4496952000, "earnings": 206047000}, {"date": "2Q2020", "revenue": 2629663000, "earnings": 107031000}, {"date": "3Q2020", "revenue": 4813749000, "earnings": 376198000}, {"date": "4Q2020", "revenue": 5349119000, "earnings": 811011000}]}, "financialCurrency": "INR"}, "financialData": {"maxAge": 86400, "currentPrice": 1038.4, "targetHighPrice": 782.0, "targetLowPrice": 782.0, "targetMeanPrice": 782.0, "targetMedianPrice": 782.0, "recommendationMean": 2.0, "recommendationKey": "buy", "numberOfAnalystOpinions": 1, "totalCash": 2438373120, "totalCashPerShare": 173.3, "ebitda": 2127034752, "totalDebt": 748000, "totalRevenue": 17289482240, "debtToEquity": 0.008, "revenuePerShare": 1228.813, "grossProfits": 4578513000, "earningsGrowth": 2.782, "revenueGrowth": 0.033, "grossMargins": 0.26352, "ebitdaMargins": 0.12302, "operatingMargins": 0.111099996, "profitMargins": 0.08677, "financialCurrency": "INR"}}}