{"SOURCENTRL.BO": {"cashflowStatementHistory": {"cashflowStatements": [{"maxAge": 1, "endDate": "2020-03-31", "netIncome": 16397572, "depreciation": 3372000, "changeToNetincome": 1638428, "changeToAccountReceivables": -34594000, "changeToLiabilities": 0, "changeToInventory": 7463000, "changeToOperatingActivities": 2088000, "totalCashFromOperatingActivities": -3635000, "capitalExpenditures": -765000, "otherCashflowsFromInvestingActivities": -2246000, "totalCashflowsFromInvestingActivities": -7062000, "dividendsPaid": -6437000, "netBorrowings": 9529000, "otherCashflowsFromFinancingActivities": 157000, "totalCashFromFinancingActivities": 3249000, "changeInCash": -7448000}, {"maxAge": 1, "endDate": "2019-03-31", "netIncome": 10263777, "depreciation": 3281395, "changeToNetincome": 1622223, "changeToAccountReceivables": 7956000, "changeToLiabilities": 0, "changeToInventory": 2135000, "changeToOperatingActivities": 1055000, "totalCashFromOperatingActivities": 26404000, "capitalExpenditures": -3332000, "otherCashflowsFromInvestingActivities": -2077000, "totalCashflowsFromInvestingActivities": -3078000, "dividendsPaid": -6437000, "netBorrowings": -16080000, "otherCashflowsFromFinancingActivities": 111000, "totalCashFromFinancingActivities": -15969000, "changeInCash": 7358000}, {"maxAge": 1, "endDate": "2018-03-31", "netIncome": 8008756, "depreciation": 3289784, "changeToNetincome": 2134244, "changeToAccountReceivables": 2642000, "changeToLiabilities": 0, "changeToInventory": -5097000, "changeToOperatingActivities": -10078000, "totalCashFromOperatingActivities": 1081000, "capitalExpenditures": -3964000, "otherCashflowsFromInvestingActivities": -1386000, "totalCashflowsFromInvestingActivities": 1407000, "dividendsPaid": -6437000, "netBorrowings": -1358000, "otherCashflowsFromFinancingActivities": -2881000, "totalCashFromFinancingActivities": -4239000, "changeInCash": -1751000}, {"maxAge": 1, "endDate": "2017-03-31", "netIncome": 14043759, "depreciation": 3360784, "changeToNetincome": 534241, "changeToAccountReceivables": -35580000, "changeToLiabilities": 0, "changeToInventory": -3239000, "changeToOperatingActivities": 13768000, "totalCashFromOperatingActivities": -6931000, "capitalExpenditures": -5689000, "otherCashflowsFromInvestingActivities": -2820000, "totalCashflowsFromInvestingActivities": -19512000, "dividendsPaid": -6437000, "netBorrowings": 18331000, "otherCashflowsFromFinancingActivities": 2264000, "totalCashFromFinancingActivities": 20595000, "changeInCash": -5848000}], "maxAge": 86400}, "institutionOwnership": {"maxAge": 1, "ownershipList": []}, "balanceSheetHistoryQuarterly": {"balanceSheetStatements": [{"maxAge": 1, "endDate": "2020-06-30", "totalStockholderEquity": 97892000, "netTangibleAssets": 97892000}, {"maxAge": 1, "endDate": "2020-03-31", "cash": 132686, "netReceivables": 74771764, "inventory": 12285554, "totalCurrentAssets": 87190004, "propertyPlantEquipment": 33134596, "otherAssets": 11045262, "deferredLongTermAssetCharges": 8528202, "totalAssets": 131369862, "accountsPayable": 7806537, "otherCurrentLiab": 11076371, "longTermDebt": 989788, "otherLiab": 3417416, "totalCurrentLiabilities": 29070536, "totalLiab": 33477740, "commonStock": 64369310, "retainedEarnings": 22113571, "capitalSurplus": 11409241, "totalStockholderEquity": 97892122, "netTangibleAssets": 97892122}, {"maxAge": 1, "endDate": "2019-12-31", "totalStockholderEquity": 91936000, "netTangibleAssets": 91936000}, {"maxAge": 1, "endDate": "2019-09-30", "cash": 72000, "netReceivables": 66228000, "inventory": 13587000, "otherCurrentAssets": -1000, "totalCurrentAssets": 79886000, "propertyPlantEquipment": 34950000, "otherAssets": 8727000, "deferredLongTermAssetCharges": 6423000, "totalAssets": 123563000, "accountsPayable": 1870000, "otherCurrentLiab": 8298000, "longTermDebt": 1713000, "otherLiab": 3059000, "totalCurrentLiabilities": 26855000, "totalLiab": 31627000, "commonStock": 64369000, "treasuryStock": 27567000, "otherStockholderEquity": 27567000, "totalStockholderEquity": 91936000, "netTangibleAssets": 91936000}], "maxAge": 86400}, "indexTrend": {"maxAge": 1, "symbol": "SP5", "peRatio": 19.7411, "pegRatio": 1.34172, "estimates": [{"period": "0q", "growth": 0.549}, {"period": "+1q", "growth": 0.431}, {"period": "0y", "growth": 0.305}, {"period": "+1y", "growth": 0.109}, {"period": "+5y", "growth": 0.120859005}, {"period": "-5y"}]}, "insiderTransactions": {"transactions": [{"maxAge": 1, "shares": 336891, "filerUrl": "", "transactionText": "", "filerName": "Sumeru Ayurveda Pvt Ltd", "filerRelation": "Promoter", "moneyText": "", "startDate": "2015-04-29", "ownership": "D"}], "maxAge": 1}, "quoteType": {"exchange": "BSE", "quoteType": "EQUITY", "symbol": "SOURCENTRL.BO", "underlyingSymbol": "SOURCENTRL.BO", "shortName": "SOURCE NATURAL FOODS & HERBAL", "longName": "Source Natural Foods and Herbal Supplements Limited", "firstTradeDateEpochUtc": "2002-07-01 09:15:00", "timeZoneFullName": "Asia/Kolkata", "timeZoneShortName": "IST", "uuid": "6c8f1dff-0da0-3e0c-9a1e-49ed27cee95f", "messageBoardId": null, "gmtOffSetMilliseconds": 19800000, "maxAge": 1}, "incomeStatementHistory": {"incomeStatementHistory": [{"maxAge": 1, "endDate": "2020-03-31", "totalRevenue": 135905347, "costOfRevenue": 49880299, "grossProfit": 86025048, "researchDevelopment": {}, "sellingGeneralAdministrative": 25586571, "nonRecurring": {}, "otherOperatingExpenses": 37139558, "totalOperatingExpenses": 115978473, "operatingIncome": 19926874, "totalOtherIncomeExpenseNet": -1453324, "ebit": 19926874, "interestExpense": -1702445, "incomeBeforeTax": 18473550, "incomeTaxExpense": 2075978, "minorityInterest": {}, "netIncomeFromContinuingOps": 16397572, "discontinuedOperations": {}, "extraordinaryItems": {}, "effectOfAccountingCharges": {}, "otherItems": {}, "netIncome": 16397572, "netIncomeApplicableToCommonShares": 16397572}, {"maxAge": 1, "endDate": "2019-03-31", "totalRevenue": 128074567, "costOfRevenue": 50366434, "grossProfit": 77708133, "researchDevelopment": {}, "sellingGeneralAdministrative": 23983971, "nonRecurring": {}, "otherOperatingExpenses": 38071535, "totalOperatingExpenses": 115825892, "operatingIncome": 12248675, "totalOtherIncomeExpenseNet": -1691944, "ebit": 12248675, "interestExpense": -1739308, "incomeBeforeTax": 10556731, "incomeTaxExpense": 292954, "minorityInterest": {}, "netIncomeFromContinuingOps": 10263777, "discontinuedOperations": {}, "extraordinaryItems": {}, "effectOfAccountingCharges": {}, "otherItems": {}, "netIncome": 10263777, "netIncomeApplicableToCommonShares": 10263777}, {"maxAge": 1, "endDate": "2018-03-31", "totalRevenue": 108385538, "costOfRevenue": 40565647, "grossProfit": 67819891, "researchDevelopment": {}, "sellingGeneralAdministrative": 21378074, "nonRecurring": {}, "otherOperatingExpenses": 32601415, "totalOperatingExpenses": 98016496, "operatingIncome": 10369042, "totalOtherIncomeExpenseNet": -1996721, "ebit": 10369042, "interestExpense": -2137049, "incomeBeforeTax": 8320823, "incomeTaxExpense": 312067, "minorityInterest": {}, "netIncomeFromContinuingOps": 8008756, "discontinuedOperations": {}, "extraordinaryItems": {}, "effectOfAccountingCharges": {}, "otherItems": {}, "netIncome": 8008756, "netIncomeApplicableToCommonShares": 8008756}, {"maxAge": 1, "endDate": "2017-03-31", "totalRevenue": 159400591, "costOfRevenue": 53888027, "grossProfit": 105512564, "researchDevelopment": {}, "sellingGeneralAdministrative": 20813814, "nonRecurring": {}, "otherOperatingExpenses": 66467758, "totalOperatingExpenses": 144711786, "operatingIncome": 14688805, "totalOtherIncomeExpenseNet": -591189, "ebit": 14688805, "interestExpense": -643310, "incomeBeforeTax": 14097616, "incomeTaxExpense": 53857, "minorityInterest": {}, "netIncomeFromContinuingOps": 14043759, "discontinuedOperations": {}, "extraordinaryItems": {}, "effectOfAccountingCharges": {}, "otherItems": {}, "netIncome": 14043759, "netIncomeApplicableToCommonShares": 14043759}], "maxAge": 86400}, "fundOwnership": {"maxAge": 1, "ownershipList": []}, "summaryDetail": {"maxAge": 1, "priceHint": 2, "previousClose": 146.2, "open": 145.6, "dayLow": 143.4, "dayHigh": 148.55, "regularMarketPreviousClose": 146.2, "regularMarketOpen": 145.6, "regularMarketDayLow": 143.4, "regularMarketDayHigh": 148.55, "trailingPE": 45.802006, "volume": 981, "regularMarketVolume": 981, "averageVolume": 1423, "averageVolume10days": 1134, "averageDailyVolume10Day": 1134, "bid": 145.05, "ask": 148.0, "bidSize": 0, "askSize": 0, "marketCap": 941079168, "fiftyTwoWeekLow": 46.0, "fiftyTwoWeekHigh": 189.0, "fiftyDayAverage": 148.81572, "twoHundredDayAverage": 146.31679, "currency": "INR", "fromCurrency": null, "toCurrency": null, "lastMarket": null, "algorithm": null, "tradeable": false}, "incomeStatementHistoryQuarterly": {"incomeStatementHistory": [{"maxAge": 1, "endDate": "2020-06-30", "totalRevenue": 47263000, "costOfRevenue": 15768000, "grossProfit": 31495000, "researchDevelopment": {}, "sellingGeneralAdministrative": 13285000, "nonRecurring": {}, "otherOperatingExpenses": 10206000, "totalOperatingExpenses": 40103000, "operatingIncome": 7160000, "totalOtherIncomeExpenseNet": 347000, "ebit": 7160000, "interestExpense": -327000, "incomeBeforeTax": 7507000, "incomeTaxExpense": 1952000, "minorityInterest": {}, "netIncomeFromContinuingOps": 5555000, "discontinuedOperations": {}, "extraordinaryItems": {}, "effectOfAccountingCharges": {}, "otherItems": {}, "netIncome": 5555000, "netIncomeApplicableToCommonShares": 5555000}, {"maxAge": 1, "endDate": "2020-03-31", "totalRevenue": 37842347, "costOfRevenue": 12821299, "grossProfit": 25021048, "researchDevelopment": {}, "sellingGeneralAdministrative": 184571, "nonRecurring": {}, "otherOperatingExpenses": 20470558, "totalOperatingExpenses": 34414473, "operatingIncome": 3427874, "totalOtherIncomeExpenseNet": -2323, "ebit": 3427874, "interestExpense": -152445, "incomeBeforeTax": 3425550, "incomeTaxExpense": -1847022, "minorityInterest": {}, "netIncomeFromContinuingOps": 5272572, "discontinuedOperations": {}, "extraordinaryItems": {}, "effectOfAccountingCharges": {}, "otherItems": {}, "netIncome": 5272572, "netIncomeApplicableToCommonShares": 5272572}, {"maxAge": 1, "endDate": "2019-12-31", "totalRevenue": 42046000, "costOfRevenue": 17463000, "grossProfit": 24583000, "researchDevelopment": {}, "sellingGeneralAdministrative": 8617000, "nonRecurring": {}, "otherOperatingExpenses": 5111000, "totalOperatingExpenses": 32003000, "operatingIncome": 10043000, "totalOtherIncomeExpenseNet": -498000, "ebit": 10043000, "interestExpense": -496000, "incomeBeforeTax": 9545000, "incomeTaxExpense": 2424000, "minorityInterest": {}, "netIncomeFromContinuingOps": 7121000, "discontinuedOperations": {}, "extraordinaryItems": {}, "effectOfAccountingCharges": {}, "otherItems": {}, "netIncome": 7121000, "netIncomeApplicableToCommonShares": 7121000}, {"maxAge": 1, "endDate": "2019-09-30", "totalRevenue": 28115000, "costOfRevenue": 9201000, "grossProfit": 18914000, "researchDevelopment": {}, "sellingGeneralAdministrative": 7823000, "nonRecurring": {}, "otherOperatingExpenses": 6279000, "totalOperatingExpenses": 24014000, "operatingIncome": 4101000, "totalOtherIncomeExpenseNet": -639000, "ebit": 4101000, "interestExpense": -722000, "incomeBeforeTax": 3462000, "incomeTaxExpense": 968000, "minorityInterest": {}, "netIncomeFromContinuingOps": 2494000, "discontinuedOperations": {}, "extraordinaryItems": {}, "effectOfAccountingCharges": {}, "otherItems": {}, "netIncome": 2494000, "netIncomeApplicableToCommonShares": 2494000}], "maxAge": 86400}, "cashflowStatementHistoryQuarterly": {"cashflowStatements": [{"maxAge": 1, "endDate": "2020-06-30", "netIncome": 5555000, "changeToLiabilities": 0}, {"maxAge": 1, "endDate": "2020-03-31", "netIncome": 5272572, "changeToLiabilities": 0}, {"maxAge": 1, "endDate": "2019-12-31", "netIncome": 7121000, "changeToLiabilities": 0}, {"maxAge": 1, "endDate": "2019-09-30", "netIncome": 2494000, "changeToLiabilities": 0}], "maxAge": 86400}, "insiderHolders": {"holders": [{"maxAge": 1, "name": "Sumeru Ayurveda Pvt Ltd", "relation": "Promoter", "url": "", "transactionDescription": "Other", "latestTransDate": "2015-04-29", "positionDirect": 4786891, "positionDirectDate": "2015-04-29"}], "maxAge": 1}, "calendarEvents": {"maxAge": 1, "earnings": {"earningsDate": []}}, "price": {"maxAge": 1, "regularMarketChangePercent": 0.0, "regularMarketChange": 0.0, "regularMarketTime": "2021-04-30 15:23:24", "priceHint": 2, "regularMarketPrice": 146.2, "regularMarketDayHigh": 148.55, "regularMarketDayLow": 143.4, "regularMarketVolume": 981, "averageDailyVolume10Day": 1134, "averageDailyVolume3Month": 1423, "regularMarketPreviousClose": 146.2, "regularMarketSource": "FREE_REALTIME", "regularMarketOpen": 145.6, "exchange": "BSE", "exchangeName": "BSE", "exchangeDataDelayedBy": 0, "marketState": "CLOSED", "quoteType": "EQUITY", "symbol": "SOURCENTRL.BO", "underlyingSymbol": null, "shortName": "SOURCE NATURAL FOODS & HERBAL", "longName": "Source Natural Foods and Herbal Supplements Limited", "currency": "INR", "quoteSourceName": "Delayed Quote", "currencySymbol": "\u20b9", "fromCurrency": null, "toCurrency": null, "lastMarket": null, "marketCap": 941079168}, "balanceSheetHistory": {"balanceSheetStatements": [{"maxAge": 1, "endDate": "2020-03-31", "cash": 132686, "netReceivables": 74771764, "inventory": 12285554, "totalCurrentAssets": 87190004, "propertyPlantEquipment": 33134596, "otherAssets": 11045262, "deferredLongTermAssetCharges": 8528202, "totalAssets": 131369862, "accountsPayable": 7806537, "otherCurrentLiab": 11076371, "longTermDebt": 989788, "otherLiab": 3417416, "totalCurrentLiabilities": 29070536, "totalLiab": 33477740, "commonStock": 64369310, "retainedEarnings": 22113571, "capitalSurplus": 11409241, "totalStockholderEquity": 97892122, "netTangibleAssets": 97892122}, {"maxAge": 1, "endDate": "2019-03-31", "cash": 7581168, "netReceivables": 36339770, "inventory": 19748212, "totalCurrentAssets": 63669150, "propertyPlantEquipment": 35741407, "otherAssets": 8586391, "deferredLongTermAssetCharges": 6282729, "totalAssets": 107996948, "accountsPayable": 6043453, "otherCurrentLiab": 9858901, "longTermDebt": 1021401, "otherLiab": 2514599, "totalCurrentLiabilities": 16529467, "totalLiab": 20065467, "commonStock": 64369310, "retainedEarnings": 12152930, "treasuryStock": 23562000, "capitalSurplus": 11409241, "otherStockholderEquity": 23562000, "totalStockholderEquity": 87931481, "netTangibleAssets": 87931481}, {"maxAge": 1, "endDate": "2018-03-31", "cash": 223312, "netReceivables": 45460870, "inventory": 21883341, "totalCurrentAssets": 67567523, "propertyPlantEquipment": 35691126, "intangibleAssets": 90605, "otherAssets": 7675857, "deferredLongTermAssetCharges": 4206418, "totalAssets": 111025111, "accountsPayable": 3934599, "otherCurrentLiab": 10298588, "longTermDebt": 1752760, "otherLiab": 1395740, "totalCurrentLiabilities": 30208907, "totalLiab": 33357407, "commonStock": 64369310, "retainedEarnings": 1889153, "capitalSurplus": 11409241, "totalStockholderEquity": 77667704, "netTangibleAssets": 77577099}, {"maxAge": 1, "endDate": "2017-03-31", "cash": 1974322, "netReceivables": 57569723, "inventory": 16786069, "totalCurrentAssets": 76330114, "propertyPlantEquipment": 35016669, "intangibleAssets": 271821, "otherAssets": 3580178, "deferredLongTermAssetCharges": 2820485, "totalAssets": 115198782, "accountsPayable": 12234622, "otherCurrentLiab": 13253262, "longTermDebt": 2989610, "otherLiab": 965697, "totalCurrentLiabilities": 41584527, "totalLiab": 45539834, "commonStock": 64369310, "retainedEarnings": -6119603, "capitalSurplus": 11409241, "totalStockholderEquity": 69658948, "netTangibleAssets": 69387127}], "maxAge": 86400}, "financialData": {"maxAge": 86400, "currentPrice": 146.2, "recommendationKey": "none", "grossProfits": 86025048, "financialCurrency": "INR"}}}