{"SOUTHWEST.NS": {"assetProfile": {"address1": "Siddhartha House", "address2": "4th Floor Plot No. 6 Sector-44", "city": "Gurugram", "zip": "122003", "country": "India", "phone": "91 12 4423 5400", "fax": "91 12 4423 5402", "website": "http://www.southwestpinnacle.com", "industry": "Oil & Gas Equipment & Services", "sector": "Energy", "longBusinessSummary": "South West Pinnacle Exploration Limited provides drilling, exploration, and allied services to coal, ferrous, nonferrous, and atomic and base metal mining; and water and unconventional energy industries in India. It offers coal and mineral exploration services, such as wireline core drilling, reverse circulation drilling, large diameter drilling, directional drilling; and coal bed methane exploration and production drilling services. The company also provides aquifer mapping services for hydro-geological companies; geological and geophysical, workover rig, and 2D/3D seismic exploration services; and integrated exploration services, including geophysical logging, surface geophysical, and topographic surveys, as well as geological field consultancy and allied services. It owns 34 operational rigs. The company was founded in 2006 and is based in Gurugram, India.", "fullTimeEmployees": 562, "companyOfficers": [{"maxAge": 1, "name": "Mr. Vikas  Jain M.B.A., MBA", "age": 45, "title": "Chairman & MD", "yearBorn": 1975, "fiscalYear": 2020, "totalPay": 11922847, "exercisedValue": 0, "unexercisedValue": 0}, {"maxAge": 1, "name": "Mr. Piyush  Jain", "age": 38, "title": "Joint MD & Whole Time Director", "yearBorn": 1982, "fiscalYear": 2020, "totalPay": 7611437, "exercisedValue": 0, "unexercisedValue": 0}, {"maxAge": 1, "name": "Mr. Dinesh  Agarwal", "age": 61, "title": "Chief Financial Officer", "yearBorn": 1959, "exercisedValue": 0, "unexercisedValue": 0}, {"maxAge": 1, "name": "Ms. Vaishali  .", "title": "Company Sec. & Compliance Officer", "exercisedValue": 0, "unexercisedValue": 0}, {"maxAge": 1, "name": "Mr. Manik Kumar Jain", "age": 56, "title": "Exec. VP", "yearBorn": 1964, "exercisedValue": 0, "unexercisedValue": 0}], "compensationAsOfEpochDate": "2020-12-31 05:30:00", "maxAge": 86400}, "cashflowStatementHistory": {"cashflowStatements": [{"maxAge": 1, "endDate": "2020-03-31", "netIncome": 32749636, "depreciation": 68662845, "changeToNetincome": 41355447, "changeToAccountReceivables": -87287565, "changeToLiabilities": 101801238, "changeToInventory": -28509706, "changeToOperatingActivities": 1199165, "totalCashFromOperatingActivities": 129971060, "capitalExpenditures": -288894388, "investments": -3322281, "otherCashflowsFromInvestingActivities": 17537592, "totalCashflowsFromInvestingActivities": -260207256, "dividendsPaid": -4032000, "netBorrowings": 158180398, "otherCashflowsFromFinancingActivities": -48752874, "totalCashFromFinancingActivities": 105395524, "changeInCash": -24840672}, {"maxAge": 1, "endDate": "2019-03-31", "netIncome": 100961490, "depreciation": 64947627, "changeToNetincome": -6986348, "changeToAccountReceivables": -70026402, "changeToLiabilities": 54874046, "changeToInventory": -29223356, "changeToOperatingActivities": -27196688, "totalCashFromOperatingActivities": 87350369, "capitalExpenditures": -24793227, "investments": -26364816, "otherCashflowsFromInvestingActivities": 2174734, "totalCashflowsFromInvestingActivities": 95554749, "dividendsPaid": -4032000, "netBorrowings": -115994931, "otherCashflowsFromFinancingActivities": -41187887, "totalCashFromFinancingActivities": -157182818, "changeInCash": 25722300}, {"maxAge": 1, "endDate": "2018-03-31", "netIncome": 90971871, "depreciation": 74004557, "changeToNetincome": 73783473, "changeToAccountReceivables": -262592125, "changeToLiabilities": -7628240, "changeToInventory": -29743346, "changeToOperatingActivities": -103296646, "totalCashFromOperatingActivities": -164431656, "capitalExpenditures": -52900081, "investments": -4000000, "otherCashflowsFromInvestingActivities": 4843256, "totalCashflowsFromInvestingActivities": -30677237, "dividendsPaid": -4032000, "netBorrowings": -89231487, "otherCashflowsFromFinancingActivities": -94578560, "totalCashFromFinancingActivities": 178983553, "changeInCash": -16125340, "issuanceOfStock": 362793600}, {"maxAge": 1, "endDate": "2017-03-31", "netIncome": 56994794, "depreciation": 69065437, "changeToNetincome": 55875232, "changeToAccountReceivables": 70102424, "changeToLiabilities": 14751822, "changeToInventory": -34633448, "changeToOperatingActivities": 27085618, "totalCashFromOperatingActivities": 259259079, "capitalExpenditures": -293928997, "investments": -2500000, "otherCashflowsFromInvestingActivities": -33701424, "totalCashflowsFromInvestingActivities": -334298831, "dividendsPaid": -4032000, "netBorrowings": 137617351, "otherCashflowsFromFinancingActivities": -50164756, "totalCashFromFinancingActivities": 95501642, "changeInCash": 20461890, "issuanceOfStock": 8049047}], "maxAge": 86400}, "institutionOwnership": {"ownershipList": [], "maxAge": 1}, "majorHoldersBreakdown": {"maxAge": 1, "insidersPercentHeld": 0.0, "institutionsPercentHeld": 0.0, "institutionsFloatPercentHeld": 0.0, "institutionsCount": 0}, "balanceSheetHistoryQuarterly": {"balanceSheetStatements": [{"maxAge": 1, "endDate": "2020-12-31", "totalStockholderEquity": 887698000, "netTangibleAssets": 886577000}, {"maxAge": 1, "endDate": "2020-09-30", "cash": 71536000, "shortTermInvestments": 20962000, "netReceivables": 542272000, "inventory": 300919000, "otherCurrentAssets": 66470000, "totalCurrentAssets": 1002159000, "longTermInvestments": 55496000, "propertyPlantEquipment": 587134000, "goodWill": 1121000, "otherAssets": 46499000, "totalAssets": 1692409000, "accountsPayable": 150648000, "shortLongTermDebt": 198499000, "otherCurrentLiab": 6883000, "longTermDebt": 107249000, "otherLiab": 43141000, "totalCurrentLiabilities": 636488000, "totalLiab": 804711000, "commonStock": 279024000, "treasuryStock": 608674000, "otherStockholderEquity": 608674000, "totalStockholderEquity": 887698000, "netTangibleAssets": 886577000}, {"maxAge": 1, "endDate": "2020-06-30", "totalStockholderEquity": 839286000, "netTangibleAssets": 838165000}, {"maxAge": 1, "endDate": "2020-03-31", "cash": 6776799, "netReceivables": 601965327, "inventory": 303913587, "otherCurrentAssets": 64032265, "totalCurrentAssets": 980598931, "longTermInvestments": 25476856, "propertyPlantEquipment": 624388050, "goodWill": 1121138, "otherAssets": 67859802, "totalAssets": 1699444777, "accountsPayable": 216406259, "shortLongTermDebt": 137656841, "otherCurrentLiab": 7598063, "longTermDebt": 110312056, "otherLiab": 46133388, "totalCurrentLiabilities": 684208453, "totalLiab": 860158905, "commonStock": 279024000, "retainedEarnings": 409570027, "treasuryStock": 5480216, "capitalSurplus": 145211629, "otherStockholderEquity": 5480216, "totalStockholderEquity": 839285872, "netTangibleAssets": 838164734}], "maxAge": 86400}, "indexTrend": {"maxAge": 1, "symbol": "SP5", "peRatio": 19.7411, "pegRatio": 1.34172, "estimates": [{"period": "0q", "growth": 0.549}, {"period": "+1q", "growth": 0.431}, {"period": "0y", "growth": 0.305}, {"period": "+1y", "growth": 0.109}, {"period": "+5y", "growth": 0.120865}, {"period": "-5y"}]}, "defaultKeyStatistics": {"maxAge": 1, "priceHint": 2, "enterpriseValue": 1588991744, "profitMargins": 0.07539, "floatShares": 5583642, "sharesOutstanding": 27902400, "heldPercentInsiders": 0.0, "heldPercentInstitutions": 0.0, "beta": 1.146164, "category": null, "bookValue": 31.707, "priceToBook": 1.1937426, "fundFamily": null, "legalType": null, "lastFiscalYearEnd": "2020-03-31 05:30:00", "nextFiscalYearEnd": "2022-03-31 05:30:00", "mostRecentQuarter": "2020-12-31 05:30:00", "earningsQuarterlyGrowth": 2.171, "netIncomeToCommon": 77414640, "trailingEps": 2.768, "lastSplitFactor": "2:1", "lastSplitDate": "2019-04-04 05:30:00", "enterpriseToRevenue": 1.547, "enterpriseToEbitda": 7.323}, "summaryProfile": {"address1": "Siddhartha House", "address2": "4th Floor Plot No. 6 Sector-44", "city": "Gurugram", "zip": "122003", "country": "India", "phone": "91 12 4423 5400", "fax": "91 12 4423 5402", "website": "http://www.southwestpinnacle.com", "industry": "Oil & Gas Equipment & Services", "sector": "Energy", "longBusinessSummary": "South West Pinnacle Exploration Limited provides drilling, exploration, and allied services to coal, ferrous, nonferrous, and atomic and base metal mining; and water and unconventional energy industries in India. It offers coal and mineral exploration services, such as wireline core drilling, reverse circulation drilling, large diameter drilling, directional drilling; and coal bed methane exploration and production drilling services. The company also provides aquifer mapping services for hydro-geological companies; geological and geophysical, workover rig, and 2D/3D seismic exploration services; and integrated exploration services, including geophysical logging, surface geophysical, and topographic surveys, as well as geological field consultancy and allied services. It owns 34 operational rigs. The company was founded in 2006 and is based in Gurugram, India.", "fullTimeEmployees": 562, "companyOfficers": [], "maxAge": 86400}, "netSharePurchaseActivity": {"maxAge": 1, "period": "6m", "buyInfoCount": 0, "buyInfoShares": 0, "sellInfoCount": 0, "netInfoCount": 0, "netInfoShares": 0, "totalInsiderShares": 0}, "quoteType": {"exchange": "NSI", "quoteType": "EQUITY", "symbol": "SOUTHWEST.NS", "underlyingSymbol": "SOUTHWEST.NS", "shortName": "SOUTH WEST PINNACL", "longName": "South West Pinnacle Exploration Limited", "firstTradeDateEpochUtc": "2018-02-19 09:15:00", "timeZoneFullName": "Asia/Kolkata", "timeZoneShortName": "IST", "uuid": "fa013b43-db22-3ce3-adaf-642d6de4166c", "gmtOffSetMilliseconds": 19800000, "maxAge": 1}, "incomeStatementHistory": {"incomeStatementHistory": [{"maxAge": 1, "endDate": "2020-03-31", "totalRevenue": 858006419, "costOfRevenue": 315863801, "grossProfit": 542142618, "researchDevelopment": {}, "sellingGeneralAdministrative": 330016156, "nonRecurring": {}, "otherOperatingExpenses": 40451713, "totalOperatingExpenses": 755781434, "operatingIncome": 102224985, "totalOtherIncomeExpenseNet": -47446034, "ebit": 102224985, "interestExpense": -47895062, "incomeBeforeTax": 54778951, "incomeTaxExpense": 21824408, "minorityInterest": {}, "netIncomeFromContinuingOps": 32954543, "discontinuedOperations": {}, "extraordinaryItems": {}, "effectOfAccountingCharges": {}, "otherItems": {}, "netIncome": 32749636, "netIncomeApplicableToCommonShares": 32749636}, {"maxAge": 1, "endDate": "2019-03-31", "totalRevenue": 850297523, "costOfRevenue": 359534433, "grossProfit": 490763090, "researchDevelopment": {}, "sellingGeneralAdministrative": 260397189, "nonRecurring": {}, "otherOperatingExpenses": 43921367, "totalOperatingExpenses": 728800616, "operatingIncome": 121496907, "totalOtherIncomeExpenseNet": 3951652, "ebit": 121496907, "interestExpense": -47473106, "incomeBeforeTax": 125448559, "incomeTaxExpense": 31340601, "minorityInterest": -2469345, "netIncomeFromContinuingOps": 94107958, "discontinuedOperations": {}, "extraordinaryItems": {}, "effectOfAccountingCharges": {}, "otherItems": {}, "netIncome": 100961490, "netIncomeApplicableToCommonShares": 100961490}, {"maxAge": 1, "endDate": "2018-03-31", "totalRevenue": 788507168, "costOfRevenue": 377461707, "grossProfit": 411045461, "researchDevelopment": {}, "sellingGeneralAdministrative": 36529734, "nonRecurring": {}, "otherOperatingExpenses": 128160344, "totalOperatingExpenses": 616156342, "operatingIncome": 172350826, "totalOtherIncomeExpenseNet": -32970295, "ebit": 172350826, "interestExpense": -60998166, "incomeBeforeTax": 139380531, "incomeTaxExpense": 48408660, "minorityInterest": 4384188, "netIncomeFromContinuingOps": 90971871, "discontinuedOperations": {}, "extraordinaryItems": {}, "effectOfAccountingCharges": {}, "otherItems": {}, "netIncome": 90971871, "netIncomeApplicableToCommonShares": 90971871}, {"maxAge": 1, "endDate": "2017-03-31", "totalRevenue": 741670183, "costOfRevenue": 374035611, "grossProfit": 367634572, "researchDevelopment": {}, "sellingGeneralAdministrative": 8402711, "nonRecurring": {}, "otherOperatingExpenses": 143852225, "totalOperatingExpenses": 597869083, "operatingIncome": 143801100, "totalOtherIncomeExpenseNet": -57231989, "ebit": 143801100, "interestExpense": -55455609, "incomeBeforeTax": 86569111, "incomeTaxExpense": 29574317, "minorityInterest": 3705879, "netIncomeFromContinuingOps": 56994794, "discontinuedOperations": {}, "extraordinaryItems": {}, "effectOfAccountingCharges": {}, "otherItems": {}, "netIncome": 56994794, "netIncomeApplicableToCommonShares": 57140787}], "maxAge": 86400}, "fundOwnership": {"ownershipList": [], "maxAge": 1}, "summaryDetail": {"maxAge": 1, "priceHint": 2, "previousClose": 39.05, "open": 40.35, "dayLow": 37.65, "dayHigh": 40.35, "regularMarketPreviousClose": 39.05, "regularMarketOpen": 40.35, "regularMarketDayLow": 37.65, "regularMarketDayHigh": 40.35, "dividendRate": 0.5, "dividendYield": 0.0124, "exDividendDate": "2020-09-18 05:30:00", "payoutRatio": 0.18049999, "beta": 1.146164, "trailingPE": 13.674133, "volume": 12018, "regularMarketVolume": 12018, "averageVolume": 34817, "averageVolume10days": 30564, "averageDailyVolume10Day": 30564, "bid": 0.0, "ask": 0.0, "marketCap": 1056105792, "fiftyTwoWeekLow": 10.7, "fiftyTwoWeekHigh": 55.4, "priceToSalesTrailing12Months": 1.0284323, "fiftyDayAverage": 48.033333, "twoHundredDayAverage": 40.653214, "currency": "INR", "fromCurrency": null, "lastMarket": null, "algorithm": null, "tradeable": false}, "incomeStatementHistoryQuarterly": {"incomeStatementHistory": [{"maxAge": 1, "endDate": "2020-12-31", "totalRevenue": 282330000, "costOfRevenue": 86413000, "grossProfit": 195917000, "researchDevelopment": {}, "sellingGeneralAdministrative": {}, "nonRecurring": {}, "otherOperatingExpenses": 123456000, "totalOperatingExpenses": 229504000, "operatingIncome": 52826000, "totalOtherIncomeExpenseNet": -10648000, "ebit": 52826000, "interestExpense": -14139000, "incomeBeforeTax": 42178000, "incomeTaxExpense": 12130000, "minorityInterest": {}, "netIncomeFromContinuingOps": 30048000, "discontinuedOperations": {}, "extraordinaryItems": {}, "effectOfAccountingCharges": {}, "otherItems": {}, "netIncome": 30048000, "netIncomeApplicableToCommonShares": 30048000}, {"maxAge": 1, "endDate": "2020-09-30", "totalRevenue": 252599000, "costOfRevenue": 75038000, "grossProfit": 177561000, "researchDevelopment": {}, "sellingGeneralAdministrative": {}, "nonRecurring": {}, "otherOperatingExpenses": 105706000, "totalOperatingExpenses": 200290000, "operatingIncome": 52309000, "totalOtherIncomeExpenseNet": -8143000, "ebit": 52309000, "interestExpense": -13047000, "incomeBeforeTax": 44166000, "incomeTaxExpense": 7210000, "minorityInterest": {}, "netIncomeFromContinuingOps": 36956000, "discontinuedOperations": {}, "extraordinaryItems": {}, "effectOfAccountingCharges": {}, "otherItems": {}, "netIncome": 36956000, "netIncomeApplicableToCommonShares": 36956000}, {"maxAge": 1, "endDate": "2020-06-30", "totalRevenue": 152155000, "costOfRevenue": 55651000, "grossProfit": 96504000, "researchDevelopment": {}, "sellingGeneralAdministrative": {}, "nonRecurring": {}, "otherOperatingExpenses": 57456000, "totalOperatingExpenses": 132452000, "operatingIncome": 19703000, "totalOtherIncomeExpenseNet": -3371000, "ebit": 19703000, "interestExpense": -11653000, "incomeBeforeTax": 16332000, "incomeTaxExpense": 3031000, "minorityInterest": {}, "netIncomeFromContinuingOps": 13301000, "discontinuedOperations": {}, "extraordinaryItems": {}, "effectOfAccountingCharges": {}, "otherItems": {}, "netIncome": 13301000, "netIncomeApplicableToCommonShares": 13301000}, {"maxAge": 1, "endDate": "2020-03-31", "totalRevenue": 339824419, "costOfRevenue": 91133801, "grossProfit": 248690618, "researchDevelopment": {}, "sellingGeneralAdministrative": 330016156, "nonRecurring": {}, "otherOperatingExpenses": -127792287, "totalOperatingExpenses": 315367434, "operatingIncome": 24456985, "totalOtherIncomeExpenseNet": -19511034, "ebit": 24456985, "interestExpense": -12883062, "incomeBeforeTax": 4945951, "incomeTaxExpense": 7630408, "minorityInterest": {}, "netIncomeFromContinuingOps": -2684457, "discontinuedOperations": {}, "extraordinaryItems": {}, "effectOfAccountingCharges": {}, "otherItems": {}, "netIncome": -2889364, "netIncomeApplicableToCommonShares": -2889364}], "maxAge": 86400}, "cashflowStatementHistoryQuarterly": {"cashflowStatements": [{"maxAge": 1, "endDate": "2020-12-31", "netIncome": 30048000, "changeToLiabilities": 0}, {"maxAge": 1, "endDate": "2020-09-30", "netIncome": 36956000, "changeToLiabilities": 0}, {"maxAge": 1, "endDate": "2020-06-30", "netIncome": 13301000, "changeToLiabilities": 0}, {"maxAge": 1, "endDate": "2020-03-31", "netIncome": -2889364, "changeToLiabilities": 0}], "maxAge": 86400}, "insiderHolders": {"holders": [], "maxAge": 1}, "calendarEvents": {"maxAge": 1, "earnings": {"earningsDate": []}, "exDividendDate": "2020-09-18 05:30:00"}, "upgradeDowngradeHistory": {"history": [], "maxAge": 86400}, "price": {"maxAge": 1, "regularMarketChangePercent": -0.030729854, "regularMarketChange": -1.2000008, "regularMarketTime": "2021-04-30 15:29:45", "priceHint": 2, "regularMarketPrice": 37.85, "regularMarketDayHigh": 40.35, "regularMarketDayLow": 37.65, "regularMarketVolume": 12018, "averageDailyVolume10Day": 30564, "averageDailyVolume3Month": 34817, "regularMarketPreviousClose": 39.05, "regularMarketSource": "FREE_REALTIME", "regularMarketOpen": 40.35, "exchange": "NSI", "exchangeName": "NSE", "exchangeDataDelayedBy": 15, "marketState": "CLOSED", "quoteType": "EQUITY", "symbol": "SOUTHWEST.NS", "underlyingSymbol": null, "shortName": "SOUTH WEST PINNACL", "longName": "South West Pinnacle Exploration Limited", "currency": "INR", "quoteSourceName": "Delayed Quote", "currencySymbol": "\u20b9", "fromCurrency": null, "lastMarket": null, "marketCap": 1056105792}, "balanceSheetHistory": {"balanceSheetStatements": [{"maxAge": 1, "endDate": "2020-03-31", "cash": 6776799, "netReceivables": 601965327, "inventory": 303913587, "otherCurrentAssets": 64032265, "totalCurrentAssets": 980598931, "longTermInvestments": 25476856, "propertyPlantEquipment": 624388050, "goodWill": 1121138, "otherAssets": 67859802, "totalAssets": 1699444777, "accountsPayable": 216406259, "shortLongTermDebt": 137656841, "otherCurrentLiab": 7598063, "longTermDebt": 110312056, "otherLiab": 46133388, "totalCurrentLiabilities": 684208453, "totalLiab": 860158905, "commonStock": 279024000, "retainedEarnings": 409570027, "treasuryStock": 5480216, "capitalSurplus": 145211629, "otherStockholderEquity": 5480216, "totalStockholderEquity": 839285872, "netTangibleAssets": 838164734}, {"maxAge": 1, "endDate": "2019-03-31", "cash": 31617470, "netReceivables": 529937272, "inventory": 275403881, "otherCurrentAssets": 53937248, "totalCurrentAssets": 894048430, "longTermInvestments": 27372113, "propertyPlantEquipment": 423681594, "goodWill": 1121138, "otherAssets": 69421223, "totalAssets": 1415644498, "accountsPayable": 115750258, "shortLongTermDebt": 73237484, "otherCurrentLiab": 13432974, "longTermDebt": 38366256, "otherLiab": 49534609, "minorityInterest": -2469345, "totalCurrentLiabilities": 496864819, "totalLiab": 607401749, "commonStock": 139512000, "retainedEarnings": 381146639, "treasuryStock": 5329826, "capitalSurplus": 284723629, "otherStockholderEquity": 5329826, "totalStockholderEquity": 810712094, "netTangibleAssets": 809590956}, {"maxAge": 1, "endDate": "2018-03-31", "cash": 5777058, "shortTermInvestments": 7193643, "netReceivables": 440904978, "inventory": 246180523, "otherCurrentAssets": 83193463, "totalCurrentAssets": 786851784, "longTermInvestments": 6500000, "propertyPlantEquipment": 525026915, "goodWill": 1121139, "otherAssets": 98943368, "totalAssets": 1418443206, "accountsPayable": 71522422, "shortLongTermDebt": 64228132, "otherCurrentLiab": 45545960, "longTermDebt": 96209634, "otherLiab": 51709180, "deferredLongTermLiab": 6965025, "minorityInterest": 4384188, "totalCurrentLiabilities": 554119594, "totalLiab": 702038408, "commonStock": 139512000, "retainedEarnings": 287784981, "capitalSurplus": 284723629, "totalStockholderEquity": 712020610, "netTangibleAssets": 710899471}, {"maxAge": 1, "endDate": "2017-03-31", "cash": 45504061, "netReceivables": 163892961, "inventory": 216437177, "otherCurrentAssets": 28551293, "totalCurrentAssets": 456493853, "longTermInvestments": 2500000, "propertyPlantEquipment": 549816196, "goodWill": 1121138, "otherAssets": 108030672, "totalAssets": 1117961859, "accountsPayable": 79848790, "shortLongTermDebt": 64125934, "otherCurrentLiab": 25149305, "longTermDebt": 200376508, "otherLiab": 33399537, "deferredLongTermLiab": 7904453, "minorityInterest": 3705879, "totalCurrentLiabilities": 589138562, "totalLiab": 822914607, "commonStock": 46500000, "retainedEarnings": 244841373, "totalStockholderEquity": 291341373, "netTangibleAssets": 290220235}], "maxAge": 86400}, "financialData": {"maxAge": 86400, "currentPrice": 37.85, "recommendationKey": "none", "totalCash": 92498000, "totalCashPerShare": 3.325, "ebitda": 216990656, "totalDebt": 595032000, "totalRevenue": 1026908416, "debtToEquity": 67.031, "revenuePerShare": 36.764, "grossProfits": 542142618, "earningsGrowth": 2.176, "revenueGrowth": 0.676, "grossMargins": 0.69984, "ebitdaMargins": 0.21129999, "operatingMargins": 0.14538, "profitMargins": 0.07539, "financialCurrency": "INR"}}}