{"SOUTHBANK.BO": {"recommendationTrend": {"trend": [{"period": "0m", "strongBuy": 0, "buy": 0, "hold": 0, "sell": 0, "strongSell": 0}, {"period": "-1m", "strongBuy": 0, "buy": 0, "hold": 0, "sell": 0, "strongSell": 0}, {"period": "-2m", "strongBuy": 0, "buy": 0, "hold": 0, "sell": 0, "strongSell": 0}, {"period": "-3m", "strongBuy": 0, "buy": 0, "hold": 0, "sell": 0, "strongSell": 0}], "maxAge": 86400}, "cashflowStatementHistory": {"cashflowStatements": [{"maxAge": 1, "endDate": "2020-03-31", "netIncome": 1045896000, "depreciation": 777015000, "changeToNetincome": 16113503000, "changeToLiabilities": 0, "changeToOperatingActivities": -37514162000, "totalCashFromOperatingActivities": -19577748000, "capitalExpenditures": -836126000, "investments": -14965089000, "totalCashflowsFromInvestingActivities": -15774914000, "dividendsPaid": -452421000, "netBorrowings": 5000000000, "otherCashflowsFromFinancingActivities": 24474286000, "totalCashFromFinancingActivities": 29022731000, "changeInCash": -6329931000, "issuanceOfStock": 866000}, {"maxAge": 1, "endDate": "2019-03-31", "netIncome": 2475345000, "depreciation": 696404000, "changeToNetincome": 10194623000, "changeToLiabilities": 0, "changeToOperatingActivities": -80492369000, "totalCashFromOperatingActivities": -67125997000, "capitalExpenditures": -978262000, "investments": -10770249000, "totalCashflowsFromInvestingActivities": -11745301000, "dividendsPaid": -723800000, "netBorrowings": 2500000000, "otherCashflowsFromFinancingActivities": 83095965000, "totalCashFromFinancingActivities": 84888348000, "changeInCash": 6017050000, "issuanceOfStock": 16183000}, {"maxAge": 1, "endDate": "2018-03-31", "netIncome": 3348921000, "depreciation": 637301000, "changeToNetincome": 11435447000, "changeToLiabilities": 0, "changeToOperatingActivities": -66614154000, "totalCashFromOperatingActivities": -51192485000, "capitalExpenditures": -889836000, "investments": -7353371000, "totalCashflowsFromInvestingActivities": -8237680000, "dividendsPaid": -868222000, "netBorrowings": 4900000000, "otherCashflowsFromFinancingActivities": 58618539000, "totalCashFromFinancingActivities": 62763497000, "changeInCash": 3333332000, "issuanceOfStock": 113180000}, {"maxAge": 1, "endDate": "2017-03-31", "netIncome": 3925046000, "depreciation": 653757000, "changeToNetincome": 5901393000, "changeToLiabilities": 0, "changeToOperatingActivities": -94882024000, "totalCashFromOperatingActivities": -84401828000, "capitalExpenditures": -1229769000, "investments": -17199260000, "totalCashflowsFromInvestingActivities": -18415286000, "dividendsPaid": -812605000, "netBorrowings": 4900000000, "otherCashflowsFromFinancingActivities": 103418215000, "totalCashFromFinancingActivities": 108949583000, "changeInCash": 6132469000, "issuanceOfStock": 6343973000}], "maxAge": 86400}, "institutionOwnership": {"ownershipList": [], "maxAge": 1}, "balanceSheetHistoryQuarterly": {"balanceSheetStatements": [{"maxAge": 1, "endDate": "2020-09-30", "cash": 40815300000, "totalCurrentAssets": 40815300000, "longTermInvestments": 213005400000, "propertyPlantEquipment": 7898400000, "otherAssets": 704737200000, "totalAssets": 966456300000, "accountsPayable": 826205000000, "longTermDebt": 64625000000, "otherLiab": 19077800000, "totalCurrentLiabilities": 826205000000, "totalLiab": 909907800000, "commonStock": 1809700000, "treasuryStock": 54738800000, "otherStockholderEquity": 54738800000, "totalStockholderEquity": 56548500000, "netTangibleAssets": 56548500000}, {"maxAge": 1, "endDate": "2020-06-30", "totalStockholderEquity": 54773500000, "netTangibleAssets": 54773500000}, {"maxAge": 1, "endDate": "2020-03-31", "cash": 8959145000, "shortTermInvestments": 9500000000, "inventory": 664171000, "otherCurrentAssets": 36809990000, "totalCurrentAssets": 55933306000, "longTermInvestments": 206252745000, "propertyPlantEquipment": 8000419000, "otherAssets": 700142536000, "deferredLongTermAssetCharges": 561254000, "totalAssets": 970329006000, "accountsPayable": 830338881000, "shortLongTermDebt": 43598147000, "otherCurrentLiab": 933046000, "longTermDebt": 25334200000, "otherLiab": 13324117000, "totalCurrentLiabilities": 876897212000, "totalLiab": 915555529000, "commonStock": 1809722000, "retainedEarnings": 30424349000, "treasuryStock": 6987421000, "capitalSurplus": 15551985000, "otherStockholderEquity": 6987421000, "totalStockholderEquity": 54773477000, "netTangibleAssets": 54773477000}, {"maxAge": 1, "endDate": "2019-12-31", "totalStockholderEquity": 55495300000, "netTangibleAssets": 55495300000}], "maxAge": 86400}, "earningsHistory": {"history": [{"maxAge": 1, "epsActual": 0.64, "epsEstimate": 0.91, "epsDifference": -0.27, "surprisePercent": -0.29700002, "quarter": "2017-12-31", "period": "-4q"}, {"maxAge": 1, "epsActual": 0.63, "epsEstimate": 0.7, "epsDifference": -0.07, "surprisePercent": -0.1, "quarter": "2018-03-31", "period": "-3q"}, {"maxAge": 1, "epsActual": 0.13, "epsEstimate": 0.8, "epsDifference": -0.67, "surprisePercent": -0.83800006, "quarter": "2018-06-30", "period": "-2q"}, {"maxAge": 1, "epsActual": 0.39, "epsEstimate": 0.7, "epsDifference": -0.31, "surprisePercent": -0.443, "quarter": "2018-09-30", "period": "-1q"}], "maxAge": 86400}, "indexTrend": {"maxAge": 1, "symbol": "SP5", "peRatio": 19.7411, "pegRatio": 1.34172, "estimates": [{"period": "0q", "growth": 0.549}, {"period": "+1q", "growth": 0.431}, {"period": "0y", "growth": 0.305}, {"period": "+1y", "growth": 0.109}, {"period": "+5y", "growth": 0.120865}, {"period": "-5y"}]}, "industryTrend": {"maxAge": 1, "symbol": null, "estimates": []}, "insiderTransactions": {"transactions": [{"maxAge": 1, "shares": 40000, "filerUrl": "", "transactionText": "", "filerName": "Mathew (V G)", "filerRelation": "Chief Executive Officer", "moneyText": "", "startDate": "2019-08-08", "ownership": "D"}, {"maxAge": 1, "shares": 30000, "filerUrl": "", "transactionText": "", "filerName": "Mathew (V G)", "filerRelation": "Chief Executive Officer", "moneyText": "", "startDate": "2018-05-04", "ownership": "D"}, {"maxAge": 1, "shares": 30000, "filerUrl": "", "transactionText": "", "filerName": "Mathew (V G)", "filerRelation": "Chief Executive Officer", "moneyText": "", "startDate": "2017-05-08", "ownership": "D"}, {"maxAge": 1, "shares": 20000000, "filerUrl": "", "transactionText": "", "filerName": "India Capital Fund Ltd", "filerRelation": "Hedge Fund Company", "moneyText": "", "startDate": "2012-05-29", "ownership": "D"}], "maxAge": 1}, "quoteType": {"exchange": "BSE", "quoteType": "EQUITY", "symbol": "SOUTHBANK.BO", "underlyingSymbol": "SOUTHBANK.BO", "shortName": "SOUTH INDIAN BANK LTD.", "longName": "The South Indian Bank Limited", "firstTradeDateEpochUtc": "1998-12-17 09:15:00", "timeZoneFullName": "Asia/Kolkata", "timeZoneShortName": "IST", "uuid": "3b6cd724-5b2d-3d4c-adb7-33730f72b17b", "gmtOffSetMilliseconds": 19800000, "maxAge": 1}, "incomeStatementHistory": {"incomeStatementHistory": [{"maxAge": 1, "endDate": "2020-03-31", "totalRevenue": 18671634000, "costOfRevenue": 0, "grossProfit": 18671634000, "researchDevelopment": {}, "sellingGeneralAdministrative": 13722989000, "nonRecurring": {}, "otherOperatingExpenses": 3443366000, "totalOperatingExpenses": 17176138000, "operatingIncome": 1495496000, "totalOtherIncomeExpenseNet": 0, "ebit": 0, "interestExpense": {}, "incomeBeforeTax": 1495496000, "incomeTaxExpense": 449600000, "minorityInterest": {}, "netIncomeFromContinuingOps": 1045896000, "discontinuedOperations": {}, "extraordinaryItems": {}, "effectOfAccountingCharges": {}, "otherItems": {}, "netIncome": 1045896000, "netIncomeApplicableToCommonShares": 1045896000}, {"maxAge": 1, "endDate": "2019-03-31", "totalRevenue": 18874367000, "costOfRevenue": 0, "grossProfit": 18874367000, "researchDevelopment": {}, "sellingGeneralAdministrative": 12137064000, "nonRecurring": {}, "otherOperatingExpenses": 2922407000, "totalOperatingExpenses": 15069322000, "operatingIncome": 3805045000, "totalOtherIncomeExpenseNet": 0, "ebit": 0, "interestExpense": {}, "incomeBeforeTax": 3805045000, "incomeTaxExpense": 1329700000, "minorityInterest": {}, "netIncomeFromContinuingOps": 2475345000, "discontinuedOperations": {}, "extraordinaryItems": {}, "effectOfAccountingCharges": {}, "otherItems": {}, "netIncome": 2475345000, "netIncomeApplicableToCommonShares": 2475345000}, {"maxAge": 1, "endDate": "2018-03-31", "totalRevenue": 18218490000, "costOfRevenue": 0, "grossProfit": 18218490000, "researchDevelopment": {}, "sellingGeneralAdministrative": 10507915000, "nonRecurring": {}, "otherOperatingExpenses": 2702167000, "totalOperatingExpenses": 13219769000, "operatingIncome": 4998721000, "totalOtherIncomeExpenseNet": 0, "ebit": 0, "interestExpense": {}, "incomeBeforeTax": 4998721000, "incomeTaxExpense": 1649800000, "minorityInterest": {}, "netIncomeFromContinuingOps": 3348921000, "discontinuedOperations": {}, "extraordinaryItems": {}, "effectOfAccountingCharges": {}, "otherItems": {}, "netIncome": 3348921000, "netIncomeApplicableToCommonShares": 3348921000}, {"maxAge": 1, "endDate": "2017-03-31", "totalRevenue": 17766288000, "costOfRevenue": 0, "grossProfit": 17766288000, "researchDevelopment": {}, "sellingGeneralAdministrative": 9914370000, "nonRecurring": {}, "otherOperatingExpenses": 1841072000, "totalOperatingExpenses": 11764042000, "operatingIncome": 6002246000, "totalOtherIncomeExpenseNet": 0, "ebit": 0, "interestExpense": {}, "incomeBeforeTax": 6002246000, "incomeTaxExpense": 2077200000, "minorityInterest": {}, "netIncomeFromContinuingOps": 3925046000, "discontinuedOperations": {}, "extraordinaryItems": {}, "effectOfAccountingCharges": {}, "otherItems": {}, "netIncome": 3925046000, "netIncomeApplicableToCommonShares": 3925046000}], "maxAge": 86400}, "fundOwnership": {"ownershipList": [], "maxAge": 1}, "summaryDetail": {"maxAge": 1, "priceHint": 2, "previousClose": 8.02, "open": 8.02, "dayLow": 7.91, "dayHigh": 8.08, "regularMarketPreviousClose": 8.02, "regularMarketOpen": 8.02, "regularMarketDayLow": 7.91, "regularMarketDayHigh": 8.08, "trailingPE": 15.377175, "forwardPE": 2.0229006, "volume": 2185288, "regularMarketVolume": 2185288, "averageVolume": 4133880, "averageVolume10days": 2282600, "averageDailyVolume10Day": 2282600, "bid": 7.92, "ask": 7.93, "bidSize": 0, "askSize": 0, "marketCap": 14386955264, "fiftyTwoWeekLow": 4.85, "fiftyTwoWeekHigh": 10.61, "fiftyDayAverage": 8.988182, "twoHundredDayAverage": 7.6318383, "trailingAnnualDividendRate": 0.25, "trailingAnnualDividendYield": 0.031172069, "currency": "INR", "fromCurrency": null, "lastMarket": null, "algorithm": null, "tradeable": false}, "sectorTrend": {"maxAge": 1, "symbol": null, "estimates": []}, "incomeStatementHistoryQuarterly": {"incomeStatementHistory": [{"maxAge": 1, "endDate": "2020-09-30", "totalRevenue": 5766100000, "costOfRevenue": 0, "grossProfit": 5766100000, "researchDevelopment": {}, "sellingGeneralAdministrative": 3059800000, "nonRecurring": {}, "otherOperatingExpenses": 1830600000, "totalOperatingExpenses": 4890400000, "operatingIncome": 875700000, "totalOtherIncomeExpenseNet": 0, "ebit": 0, "interestExpense": {}, "incomeBeforeTax": 875700000, "incomeTaxExpense": 224800000, "minorityInterest": {}, "netIncomeFromContinuingOps": 650900000, "discontinuedOperations": {}, "extraordinaryItems": {}, "effectOfAccountingCharges": {}, "otherItems": {}, "netIncome": 650900000, "netIncomeApplicableToCommonShares": 650900000}, {"maxAge": 1, "endDate": "2020-06-30", "totalRevenue": 5787900000, "costOfRevenue": 0, "grossProfit": 5787900000, "researchDevelopment": {}, "sellingGeneralAdministrative": 2803000000, "nonRecurring": {}, "otherOperatingExpenses": 1878900000, "totalOperatingExpenses": 4681900000, "operatingIncome": 1106000000, "totalOtherIncomeExpenseNet": 0, "ebit": 0, "interestExpense": {}, "incomeBeforeTax": 1106000000, "incomeTaxExpense": 289500000, "minorityInterest": {}, "netIncomeFromContinuingOps": 816500000, "discontinuedOperations": {}, "extraordinaryItems": {}, "effectOfAccountingCharges": {}, "otherItems": {}, "netIncome": 816500000, "netIncomeApplicableToCommonShares": 816500000}, {"maxAge": 1, "endDate": "2020-03-31", "totalRevenue": 2661734000, "costOfRevenue": 0, "grossProfit": 2661734000, "researchDevelopment": {}, "sellingGeneralAdministrative": 6759589000, "nonRecurring": {}, "otherOperatingExpenses": -2203834000, "totalOperatingExpenses": 4565538000, "operatingIncome": -1903804000, "totalOtherIncomeExpenseNet": 0, "ebit": 0, "interestExpense": {}, "incomeBeforeTax": -1903804000, "incomeTaxExpense": -466900000, "minorityInterest": {}, "netIncomeFromContinuingOps": -1436904000, "discontinuedOperations": {}, "extraordinaryItems": {}, "effectOfAccountingCharges": {}, "otherItems": {}, "netIncome": -1436904000, "netIncomeApplicableToCommonShares": -1436904000}, {"maxAge": 1, "endDate": "2019-12-31", "totalRevenue": 5612600000, "costOfRevenue": 0, "grossProfit": 5612600000, "researchDevelopment": {}, "sellingGeneralAdministrative": 2395600000, "nonRecurring": {}, "otherOperatingExpenses": 1995000000, "totalOperatingExpenses": 4390600000, "operatingIncome": 1222000000, "totalOtherIncomeExpenseNet": 0, "ebit": 0, "interestExpense": {}, "incomeBeforeTax": 1222000000, "incomeTaxExpense": 316600000, "minorityInterest": {}, "netIncomeFromContinuingOps": 905400000, "discontinuedOperations": {}, "extraordinaryItems": {}, "effectOfAccountingCharges": {}, "otherItems": {}, "netIncome": 905400000, "netIncomeApplicableToCommonShares": 905400000}], "maxAge": 86400}, "cashflowStatementHistoryQuarterly": {"cashflowStatements": [{"maxAge": 1, "endDate": "2020-09-30", "netIncome": 650900000, "changeToLiabilities": 0}, {"maxAge": 1, "endDate": "2020-06-30", "netIncome": 816500000, "changeToLiabilities": 0}, {"maxAge": 1, "endDate": "2020-03-31", "netIncome": -1436904000, "changeToLiabilities": 0}, {"maxAge": 1, "endDate": "2019-12-31", "netIncome": 905400000, "changeToLiabilities": 0}], "maxAge": 86400}, "insiderHolders": {"holders": [{"maxAge": 1, "name": "India Capital Fund Ltd", "relation": "Hedge Fund Company", "url": "", "transactionDescription": "Sale", "latestTransDate": "2012-05-29", "positionDirect": 82500000, "positionDirectDate": "2012-05-29"}, {"maxAge": 1, "name": "Mathew (V G)", "relation": "Chief Executive Officer", "url": "", "transactionDescription": "Other", "latestTransDate": "2019-08-08", "positionDirect": 100000, "positionDirectDate": "2019-08-08"}], "maxAge": 1}, "earnings": {"maxAge": 86400, "earningsChart": {"quarterly": [{"date": "4Q2017", "actual": 0.64, "estimate": 0.91}, {"date": "1Q2018", "actual": 0.63, "estimate": 0.7}, {"date": "2Q2018", "actual": 0.13, "estimate": 0.8}, {"date": "3Q2018", "actual": 0.39, "estimate": 0.7}], "currentQuarterEstimateDate": "4Q", "currentQuarterEstimateYear": 2018, "earningsDate": []}, "financialsChart": {"yearly": [{"date": 2017, "revenue": 17766288000, "earnings": 3925046000}, {"date": 2018, "revenue": 18218490000, "earnings": 3348921000}, {"date": 2019, "revenue": 18874367000, "earnings": 2475345000}, {"date": 2020, "revenue": 18671634000, "earnings": 1045896000}], "quarterly": [{"date": "4Q2019", "revenue": 5612600000, "earnings": 905400000}, {"date": "1Q2020", "revenue": 2661734000, "earnings": -1436904000}, {"date": "2Q2020", "revenue": 5787900000, "earnings": 816500000}, {"date": "3Q2020", "revenue": 5766100000, "earnings": 650900000}]}, "financialCurrency": "INR"}, "calendarEvents": {"maxAge": 1, "earnings": {"earningsDate": [], "revenueAverage": 7371000000, "revenueLow": 7278000000, "revenueHigh": 7464000000}}, "upgradeDowngradeHistory": {"history": [], "maxAge": 86400}, "price": {"maxAge": 1, "regularMarketChangePercent": -0.00872826, "regularMarketChange": -0.07000065, "regularMarketTime": "2021-04-30 15:59:36", "priceHint": 2, "regularMarketPrice": 7.95, "regularMarketDayHigh": 8.08, "regularMarketDayLow": 7.91, "regularMarketVolume": 2185288, "averageDailyVolume10Day": 2282600, "averageDailyVolume3Month": 4133880, "regularMarketPreviousClose": 8.02, "regularMarketSource": "FREE_REALTIME", "regularMarketOpen": 8.02, "exchange": "BSE", "exchangeName": "BSE", "exchangeDataDelayedBy": 0, "marketState": "CLOSED", "quoteType": "EQUITY", "symbol": "SOUTHBANK.BO", "underlyingSymbol": null, "shortName": "SOUTH INDIAN BANK LTD.", "longName": "The South Indian Bank Limited", "currency": "INR", "quoteSourceName": "Delayed Quote", "currencySymbol": "\u20b9", "fromCurrency": null, "lastMarket": null, "marketCap": 14386955264}, "balanceSheetHistory": {"balanceSheetStatements": [{"maxAge": 1, "endDate": "2020-03-31", "cash": 8959145000, "shortTermInvestments": 9500000000, "inventory": 664171000, "otherCurrentAssets": 36809990000, "totalCurrentAssets": 55933306000, "longTermInvestments": 206252745000, "propertyPlantEquipment": 8000419000, "otherAssets": 700142536000, "deferredLongTermAssetCharges": 561254000, "totalAssets": 970329006000, "accountsPayable": 830338881000, "shortLongTermDebt": 43598147000, "otherCurrentLiab": 933046000, "longTermDebt": 25334200000, "otherLiab": 13324117000, "totalCurrentLiabilities": 876897212000, "totalLiab": 915555529000, "commonStock": 1809722000, "retainedEarnings": 30424349000, "treasuryStock": 6987421000, "capitalSurplus": 15551985000, "otherStockholderEquity": 6987421000, "totalStockholderEquity": 54773477000, "netTangibleAssets": 54773477000}, {"maxAge": 1, "endDate": "2019-03-31", "cash": 11850038000, "shortTermInvestments": 2500000000, "netReceivables": 11609400000, "inventory": 666952000, "otherCurrentAssets": 44536508000, "totalCurrentAssets": 59553498000, "longTermInvestments": 190813789000, "propertyPlantEquipment": 7086629000, "otherAssets": 665338262000, "deferredLongTermAssetCharges": 415132000, "totalAssets": 922792178000, "accountsPayable": 804201181000, "shortLongTermDebt": 29332033000, "otherCurrentLiab": 1719480000, "longTermDebt": 19700000000, "otherLiab": 11600012000, "totalCurrentLiabilities": 838121428000, "totalLiab": 869421440000, "commonStock": 1809682000, "retainedEarnings": 31602395000, "treasuryStock": 4407598000, "capitalSurplus": 15551063000, "otherStockholderEquity": 4407598000, "totalStockholderEquity": 53370738000, "netTangibleAssets": 53370738000}, {"maxAge": 1, "endDate": "2018-03-31", "cash": 5322063000, "shortTermInvestments": 7500000000, "inventory": 1106952000, "otherCurrentAssets": 39399006000, "totalCurrentAssets": 53328021000, "longTermInvestments": 183630780000, "propertyPlantEquipment": 6807812000, "otherAssets": 583092136000, "deferredLongTermAssetCharges": 711132000, "totalAssets": 826858749000, "accountsPayable": 720295937000, "shortLongTermDebt": 18533800000, "otherCurrentLiab": 1629974000, "longTermDebt": 21900000000, "otherLiab": 10379247000, "deferredLongTermLiab": 343767000, "totalCurrentLiabilities": 742147764000, "totalLiab": 774427011000, "commonStock": 1808831000, "retainedEarnings": 31247146000, "treasuryStock": 3841828000, "capitalSurplus": 15533933000, "otherStockholderEquity": 3841828000, "totalStockholderEquity": 52431738000, "netTangibleAssets": 52431738000}, {"maxAge": 1, "endDate": "2017-03-31", "cash": 7724343000, "shortTermInvestments": 5000000000, "inventory": 1138628000, "otherCurrentAssets": 36134822000, "totalCurrentAssets": 49997793000, "longTermInvestments": 194296746000, "propertyPlantEquipment": 6561006000, "otherAssets": 492265990000, "deferredLongTermAssetCharges": 938332000, "totalAssets": 743121535000, "accountsPayable": 661174898000, "shortLongTermDebt": 13694569000, "otherCurrentLiab": 1772075000, "longTermDebt": 5883000000, "otherLiab": 10495107000, "totalCurrentLiabilities": 678258529000, "totalLiab": 694636636000, "commonStock": 1802836000, "retainedEarnings": 27678982000, "treasuryStock": 3588907000, "capitalSurplus": 15414174000, "otherStockholderEquity": 3588907000, "totalStockholderEquity": 48484899000, "netTangibleAssets": 48484899000}], "maxAge": 86400}, "earningsTrend": {"trend": [{"maxAge": 1, "period": "0q", "endDate": "2018-12-31", "growth": {}, "earningsEstimate": {"avg": 0.0, "low": 0.0, "high": 0.0, "yearAgoEps": 0.64, "numberOfAnalysts": 0, "growth": {}}, "revenueEstimate": {"avg": 7371000000, "low": 7278000000, "high": 7464000000, "numberOfAnalysts": 2, "yearAgoRevenue": 6682000000, "growth": 0.103}, "epsTrend": {"current": 0.0, "7daysAgo": 1.0, "30daysAgo": 1.0, "60daysAgo": 1.0, "90daysAgo": 1.0}, "epsRevisions": {"upLast7days": 0, "upLast30days": 0, "downLast30days": 0, "downLast90days": {}}}, {"maxAge": 1, "period": "+1q", "endDate": "2019-03-31", "growth": {}, "earningsEstimate": {"avg": 0.0, "low": 0.0, "high": 0.0, "yearAgoEps": 0.63, "numberOfAnalysts": 0, "growth": {}}, "revenueEstimate": {"avg": 8150500000, "low": 8084000000, "high": 8217000000, "numberOfAnalysts": 2, "yearAgoRevenue": 6708700000, "growth": 0.215}, "epsTrend": {"current": 0.0, "7daysAgo": 1.0, "30daysAgo": 1.0, "60daysAgo": 1.0, "90daysAgo": 1.0}, "epsRevisions": {"upLast7days": 0, "upLast30days": 0, "downLast30days": 0, "downLast90days": {}}}, {"maxAge": 1, "period": "0y", "endDate": "2019-03-31", "growth": {}, "earningsEstimate": {"avg": 0.0, "low": 0.0, "high": 0.0, "yearAgoEps": {}, "numberOfAnalysts": 0, "growth": {}}, "revenueEstimate": {"avg": 28678900000, "low": 27478000000, "high": 30906000000, "numberOfAnalysts": 9, "yearAgoRevenue": 28027700000, "growth": 0.023}, "epsTrend": {"current": 0.0, "7daysAgo": 1.59, "30daysAgo": 1.59, "60daysAgo": 1.59, "90daysAgo": 1.59}, "epsRevisions": {"upLast7days": 0, "upLast30days": 0, "downLast30days": 0, "downLast90days": {}}}, {"maxAge": 1, "period": "+1y", "endDate": "2020-03-31", "growth": {}, "earningsEstimate": {"avg": 0.0, "low": 0.0, "high": 0.0, "yearAgoEps": {}, "numberOfAnalysts": 0, "growth": {}}, "revenueEstimate": {"avg": 33991000000, "low": 28945000000, "high": 39584000000, "numberOfAnalysts": 11, "yearAgoRevenue": 28678900000, "growth": 0.185}, "epsTrend": {"current": 0.0, "7daysAgo": 2.81, "30daysAgo": 2.81, "60daysAgo": 2.81, "90daysAgo": 2.81}, "epsRevisions": {"upLast7days": 0, "upLast30days": 0, "downLast30days": 0, "downLast90days": {}}}, {"maxAge": 1, "period": "+5y", "endDate": null, "growth": 0.043, "earningsEstimate": {"avg": {}, "low": {}, "high": {}, "yearAgoEps": {}, "numberOfAnalysts": {}, "growth": {}}, "revenueEstimate": {"avg": {}, "low": {}, "high": {}, "numberOfAnalysts": {}, "yearAgoRevenue": {}, "growth": {}}, "epsTrend": {"current": {}, "7daysAgo": {}, "30daysAgo": {}, "60daysAgo": {}, "90daysAgo": {}}, "epsRevisions": {"upLast7days": {}, "upLast30days": {}, "downLast30days": {}, "downLast90days": {}}}, {"maxAge": 1, "period": "-5y", "endDate": null, "growth": {}, "earningsEstimate": {"avg": {}, "low": {}, "high": {}, "yearAgoEps": {}, "numberOfAnalysts": {}, "growth": {}}, "revenueEstimate": {"avg": {}, "low": {}, "high": {}, "numberOfAnalysts": {}, "yearAgoRevenue": {}, "growth": {}}, "epsTrend": {"current": {}, "7daysAgo": {}, "30daysAgo": {}, "60daysAgo": {}, "90daysAgo": {}}, "epsRevisions": {"upLast7days": {}, "upLast30days": {}, "downLast30days": {}, "downLast90days": {}}}], "maxAge": 1}, "financialData": {"maxAge": 86400, "currentPrice": 7.95, "targetHighPrice": 26.0, "targetLowPrice": 14.0, "targetMeanPrice": 19.9, "targetMedianPrice": 20.5, "recommendationKey": "none", "numberOfAnalystOpinions": 12, "grossProfits": 18671634000, "financialCurrency": "INR"}}}