{"SPECFOOD.BO": {"cashflowStatementHistory": {"cashflowStatements": [{"maxAge": 1, "endDate": "2020-03-31", "netIncome": 1366208, "depreciation": 17211512, "changeToNetincome": 11096339, "changeToAccountReceivables": -5836557, "changeToLiabilities": 0, "changeToInventory": -3105356, "changeToOperatingActivities": 10288335, "totalCashFromOperatingActivities": 31020477, "investments": -2477079, "otherCashflowsFromInvestingActivities": 3089641, "totalCashflowsFromInvestingActivities": 14030665, "netBorrowings": -30575263, "otherCashflowsFromFinancingActivities": -14325552, "totalCashFromFinancingActivities": -44900815, "changeInCash": 150328}, {"maxAge": 1, "endDate": "2019-03-31", "netIncome": -7317605, "depreciation": 20667339, "changeToNetincome": 12377506, "changeToAccountReceivables": 3056050, "changeToLiabilities": 0, "changeToInventory": -3282639, "changeToOperatingActivities": -10801070, "totalCashFromOperatingActivities": 14699581, "investments": -801980, "otherCashflowsFromInvestingActivities": 1472261, "totalCashflowsFromInvestingActivities": 5895711, "netBorrowings": -5964095, "otherCashflowsFromFinancingActivities": -14461874, "totalCashFromFinancingActivities": -20425969, "changeInCash": 169321}, {"maxAge": 1, "endDate": "2018-03-31", "netIncome": -16259805, "depreciation": 24547068, "changeToNetincome": 10203201, "changeToAccountReceivables": 4656228, "changeToLiabilities": 0, "changeToInventory": 12321802, "changeToOperatingActivities": -17982476, "totalCashFromOperatingActivities": 17486018, "capitalExpenditures": -101737, "investments": 1968771, "otherCashflowsFromInvestingActivities": 1089317, "totalCashflowsFromInvestingActivities": 4461803, "netBorrowings": -8587884, "otherCashflowsFromFinancingActivities": -13096348, "totalCashFromFinancingActivities": -21684232, "changeInCash": 263588}, {"maxAge": 1, "endDate": "2017-03-31", "netIncome": -17653317, "depreciation": 25757975, "changeToNetincome": 14876486, "changeToAccountReceivables": -6062392, "changeToLiabilities": 0, "changeToInventory": 2826116, "changeToOperatingActivities": 9907357, "totalCashFromOperatingActivities": 29652225, "capitalExpenditures": -2275741, "investments": 9860494, "otherCashflowsFromInvestingActivities": 843089, "totalCashflowsFromInvestingActivities": 6077458, "netBorrowings": -19606566, "otherCashflowsFromFinancingActivities": -16800146, "totalCashFromFinancingActivities": -36406712, "changeInCash": -677029}], "maxAge": 86400}, "institutionOwnership": {"maxAge": 1, "ownershipList": []}, "balanceSheetHistoryQuarterly": {"balanceSheetStatements": [{"maxAge": 1, "endDate": "2020-06-30", "totalStockholderEquity": 17516849, "netTangibleAssets": 17516849}, {"maxAge": 1, "endDate": "2020-03-31", "cash": 906250, "shortTermInvestments": 25758288, "netReceivables": 18660146, "inventory": 33831105, "otherCurrentAssets": 919134, "totalCurrentAssets": 80074923, "longTermInvestments": 6069320, "propertyPlantEquipment": 108132382, "otherAssets": 3131426, "totalAssets": 197408051, "accountsPayable": 4888043, "otherCurrentLiab": 30649101, "longTermDebt": 119553681, "otherLiab": 2600873, "deferredLongTermLiab": 2231601, "totalCurrentLiabilities": 57736649, "totalLiab": 179891203, "commonStock": 24104340, "retainedEarnings": -46705298, "treasuryStock": 24379520, "capitalSurplus": 15738287, "otherStockholderEquity": 24379520, "totalStockholderEquity": 17516849, "netTangibleAssets": 17516849}, {"maxAge": 1, "endDate": "2019-12-31", "totalStockholderEquity": 25700000, "netTangibleAssets": 25700000}, {"maxAge": 1, "endDate": "2019-09-30", "cash": 683000, "shortTermInvestments": 23281000, "netReceivables": 39627000, "inventory": 32886000, "totalCurrentAssets": 96477000, "longTermInvestments": 6069000, "propertyPlantEquipment": 116738000, "otherAssets": 4411000, "totalAssets": 223695000, "accountsPayable": 8497000, "otherCurrentLiab": 41232000, "longTermDebt": 128319000, "deferredLongTermLiab": 3347000, "totalCurrentLiabilities": 69676000, "totalLiab": 197995000, "commonStock": 48484000, "treasuryStock": -22784000, "otherStockholderEquity": -22784000, "totalStockholderEquity": 25700000, "netTangibleAssets": 25700000}], "maxAge": 86400}, "indexTrend": {"maxAge": 1, "symbol": "SP5", "peRatio": 19.7411, "pegRatio": 1.34172, "estimates": [{"period": "0q", "growth": 0.549}, {"period": "+1q", "growth": 0.431}, {"period": "0y", "growth": 0.305}, {"period": "+1y", "growth": 0.109}, {"period": "+5y", "growth": 0.120859005}, {"period": "-5y"}]}, "quoteType": {"exchange": "BSE", "quoteType": "EQUITY", "symbol": "SPECFOOD.BO", "underlyingSymbol": "SPECFOOD.BO", "shortName": "SPECTRUM FOODS LTD.", "longName": "Spectrum Foods Ltd.", "firstTradeDateEpochUtc": "2010-04-27 09:15:00", "timeZoneFullName": "Asia/Kolkata", "timeZoneShortName": "IST", "uuid": "f4b7d737-e8d7-376b-a946-fd723709aaee", "messageBoardId": null, "gmtOffSetMilliseconds": 19800000, "maxAge": 1}, "incomeStatementHistory": {"incomeStatementHistory": [{"maxAge": 1, "endDate": "2020-03-31", "totalRevenue": 87974418, "costOfRevenue": 8715712, "grossProfit": 79258706, "researchDevelopment": {}, "sellingGeneralAdministrative": 5083281, "nonRecurring": {}, "otherOperatingExpenses": 44196925, "totalOperatingExpenses": 75207430, "operatingIncome": 12766988, "totalOtherIncomeExpenseNet": -11313629, "ebit": 12766988, "interestExpense": -14325710, "incomeBeforeTax": 1453359, "incomeTaxExpense": 87151, "minorityInterest": {}, "netIncomeFromContinuingOps": 1366208, "discontinuedOperations": {}, "extraordinaryItems": {}, "effectOfAccountingCharges": {}, "otherItems": {}, "netIncome": 1366208, "netIncomeApplicableToCommonShares": 1366208}, {"maxAge": 1, "endDate": "2019-03-31", "totalRevenue": 87418059, "costOfRevenue": 12402164, "grossProfit": 75015895, "researchDevelopment": {}, "sellingGeneralAdministrative": 7882718, "nonRecurring": {}, "otherOperatingExpenses": 41133551, "totalOperatingExpenses": 82085772, "operatingIncome": 5332287, "totalOtherIncomeExpenseNet": -9909447, "ebit": 5332287, "interestExpense": -14467646, "incomeBeforeTax": -4577160, "incomeTaxExpense": 2740445, "minorityInterest": {}, "netIncomeFromContinuingOps": -7317605, "discontinuedOperations": {}, "extraordinaryItems": {}, "effectOfAccountingCharges": {}, "otherItems": {}, "netIncome": -7317605, "netIncomeApplicableToCommonShares": -7317605}, {"maxAge": 1, "endDate": "2018-03-31", "totalRevenue": 80589976, "costOfRevenue": 27470900, "grossProfit": 53119076, "researchDevelopment": {}, "sellingGeneralAdministrative": 6458022, "nonRecurring": {}, "otherOperatingExpenses": 27952677, "totalOperatingExpenses": 86428667, "operatingIncome": -5838691, "totalOtherIncomeExpenseNet": -10421114, "ebit": -5838691, "interestExpense": -13097251, "incomeBeforeTax": -16259805, "incomeTaxExpense": 0, "minorityInterest": {}, "netIncomeFromContinuingOps": -16259805, "discontinuedOperations": {}, "extraordinaryItems": {}, "effectOfAccountingCharges": {}, "otherItems": {}, "netIncome": -16259805, "netIncomeApplicableToCommonShares": -16259805}, {"maxAge": 1, "endDate": "2017-03-31", "totalRevenue": 84593579, "costOfRevenue": 27247850, "grossProfit": 57345729, "researchDevelopment": {}, "sellingGeneralAdministrative": 7808516, "nonRecurring": {}, "otherOperatingExpenses": 26419464, "totalOperatingExpenses": 87234908, "operatingIncome": -2641329, "totalOtherIncomeExpenseNet": -15011988, "ebit": -2641329, "interestExpense": -16800146, "incomeBeforeTax": -17653317, "incomeTaxExpense": 0, "minorityInterest": {}, "netIncomeFromContinuingOps": -17653317, "discontinuedOperations": {}, "extraordinaryItems": {}, "effectOfAccountingCharges": {}, "otherItems": {}, "netIncome": -17653317, "netIncomeApplicableToCommonShares": -17653317}], "maxAge": 86400}, "fundOwnership": {"maxAge": 1, "ownershipList": []}, "summaryDetail": {"maxAge": 1, "priceHint": 2, "previousClose": 12.2, "open": 12.2, "dayLow": 12.2, "dayHigh": 12.8, "regularMarketPreviousClose": 12.2, "regularMarketOpen": 12.2, "regularMarketDayLow": 12.2, "regularMarketDayHigh": 12.8, "trailingPE": 10.0, "volume": 125, "regularMarketVolume": 125, "averageVolume": 811, "averageVolume10days": 854, "averageDailyVolume10Day": 854, "bid": 0.0, "ask": 12.79, "bidSize": 0, "askSize": 0, "marketCap": 59150356, "fiftyTwoWeekLow": 11.29, "fiftyTwoWeekHigh": 34.25, "fiftyDayAverage": 13.379429, "twoHundredDayAverage": 16.25022, "currency": "INR", "fromCurrency": null, "toCurrency": null, "lastMarket": null, "algorithm": null, "tradeable": false}, "incomeStatementHistoryQuarterly": {"incomeStatementHistory": [{"maxAge": 1, "endDate": "2020-06-30", "totalRevenue": 29621000, "costOfRevenue": 8155000, "grossProfit": 21466000, "researchDevelopment": {}, "sellingGeneralAdministrative": 720000, "nonRecurring": {}, "otherOperatingExpenses": 10848000, "totalOperatingExpenses": 23357000, "operatingIncome": 6264000, "totalOtherIncomeExpenseNet": -2502000, "ebit": 6264000, "interestExpense": -2502000, "incomeBeforeTax": 3762000, "incomeTaxExpense": 0, "minorityInterest": {}, "netIncomeFromContinuingOps": 3762000, "discontinuedOperations": {}, "extraordinaryItems": {}, "effectOfAccountingCharges": {}, "otherItems": {}, "netIncome": 3762000, "netIncomeApplicableToCommonShares": 3762000}, {"maxAge": 1, "endDate": "2020-03-31", "totalRevenue": 8170418, "costOfRevenue": 2018712, "grossProfit": 6151706, "researchDevelopment": {}, "sellingGeneralAdministrative": 1382281, "nonRecurring": {}, "otherOperatingExpenses": 9903925, "totalOperatingExpenses": 17607430, "operatingIncome": -9437012, "totalOtherIncomeExpenseNet": -220629, "ebit": -9437012, "interestExpense": -3232710, "incomeBeforeTax": -9657641, "incomeTaxExpense": 87151, "minorityInterest": {}, "netIncomeFromContinuingOps": -9744792, "discontinuedOperations": {}, "extraordinaryItems": {}, "effectOfAccountingCharges": {}, "otherItems": {}, "netIncome": -9744792, "netIncomeApplicableToCommonShares": -9744792}, {"maxAge": 1, "endDate": "2019-12-31", "totalRevenue": 23534000, "costOfRevenue": 4285000, "grossProfit": 19249000, "researchDevelopment": {}, "sellingGeneralAdministrative": 1003000, "nonRecurring": {}, "otherOperatingExpenses": 8888000, "totalOperatingExpenses": 18479000, "operatingIncome": 5055000, "totalOtherIncomeExpenseNet": -3493000, "ebit": 5055000, "interestExpense": -3493000, "incomeBeforeTax": 1562000, "incomeTaxExpense": 0, "minorityInterest": {}, "netIncomeFromContinuingOps": 1562000, "discontinuedOperations": {}, "extraordinaryItems": {}, "effectOfAccountingCharges": {}, "otherItems": {}, "netIncome": 1562000, "netIncomeApplicableToCommonShares": 1562000}, {"maxAge": 1, "endDate": "2019-09-30", "totalRevenue": 26105000, "costOfRevenue": -15723000, "grossProfit": 41828000, "researchDevelopment": {}, "sellingGeneralAdministrative": 1454000, "nonRecurring": {}, "otherOperatingExpenses": 22401000, "totalOperatingExpenses": 12435000, "operatingIncome": 13670000, "totalOtherIncomeExpenseNet": -3721000, "ebit": 13670000, "interestExpense": -3721000, "incomeBeforeTax": 9949000, "incomeTaxExpense": 0, "minorityInterest": {}, "netIncomeFromContinuingOps": 9949000, "discontinuedOperations": {}, "extraordinaryItems": {}, "effectOfAccountingCharges": {}, "otherItems": {}, "netIncome": 9949000, "netIncomeApplicableToCommonShares": 9949000}], "maxAge": 86400}, "cashflowStatementHistoryQuarterly": {"cashflowStatements": [{"maxAge": 1, "endDate": "2020-06-30", "netIncome": 3762000, "changeToLiabilities": 0}, {"maxAge": 1, "endDate": "2020-03-31", "netIncome": -9744792, "changeToLiabilities": 0}, {"maxAge": 1, "endDate": "2019-12-31", "netIncome": 1562000, "changeToLiabilities": 0}, {"maxAge": 1, "endDate": "2019-09-30", "netIncome": 9949000, "changeToLiabilities": 0}], "maxAge": 86400}, "insiderHolders": {"holders": [], "maxAge": 1}, "calendarEvents": {"maxAge": 1, "earnings": {"earningsDate": []}}, "price": {"maxAge": 1, "regularMarketChangePercent": 0.0, "regularMarketChange": 0.0, "regularMarketTime": "2021-04-30 14:04:14", "priceHint": 2, "regularMarketPrice": 12.2, "regularMarketDayHigh": 12.8, "regularMarketDayLow": 12.2, "regularMarketVolume": 125, "averageDailyVolume10Day": 854, "averageDailyVolume3Month": 811, "regularMarketPreviousClose": 12.2, "regularMarketSource": "FREE_REALTIME", "regularMarketOpen": 12.2, "exchange": "BSE", "exchangeName": "BSE", "exchangeDataDelayedBy": 0, "marketState": "CLOSED", "quoteType": "EQUITY", "symbol": "SPECFOOD.BO", "underlyingSymbol": null, "shortName": "SPECTRUM FOODS LTD.", "longName": "Spectrum Foods Ltd.", "currency": "INR", "quoteSourceName": "Delayed Quote", "currencySymbol": "\u20b9", "fromCurrency": null, "toCurrency": null, "lastMarket": null, "marketCap": 59150356}, "balanceSheetHistory": {"balanceSheetStatements": [{"maxAge": 1, "endDate": "2020-03-31", "cash": 906250, "shortTermInvestments": 25758288, "netReceivables": 18660146, "inventory": 33831105, "otherCurrentAssets": 919134, "totalCurrentAssets": 80074923, "longTermInvestments": 6069320, "propertyPlantEquipment": 108132382, "otherAssets": 3131426, "totalAssets": 197408051, "accountsPayable": 4888043, "otherCurrentLiab": 30649101, "longTermDebt": 119553681, "otherLiab": 2600873, "deferredLongTermLiab": 2231601, "totalCurrentLiabilities": 57736649, "totalLiab": 179891203, "commonStock": 24104340, "retainedEarnings": -46705298, "treasuryStock": 24379520, "capitalSurplus": 15738287, "otherStockholderEquity": 24379520, "totalStockholderEquity": 17516849, "netTangibleAssets": 17516849}, {"maxAge": 1, "endDate": "2019-03-31", "cash": 755922, "shortTermInvestments": 23281209, "netReceivables": 24203565, "inventory": 30725750, "otherCurrentAssets": 2792946, "totalCurrentAssets": 81759392, "longTermInvestments": 6069320, "propertyPlantEquipment": 125343894, "otherAssets": 4411542, "totalAssets": 217584148, "accountsPayable": 1859268, "otherCurrentLiab": 24593220, "longTermDebt": 151039938, "otherLiab": 2740445, "deferredLongTermLiab": 3347401, "totalCurrentLiabilities": 47653119, "totalLiab": 201433502, "commonStock": 24104340, "retainedEarnings": -48071502, "treasuryStock": 24379520, "capitalSurplus": 15738287, "otherStockholderEquity": 24379520, "totalStockholderEquity": 16150645, "netTangibleAssets": 16150645}, {"maxAge": 1, "endDate": "2018-03-31", "cash": 586602, "shortTermInvestments": 22479229, "netReceivables": 27793619, "inventory": 27443110, "otherCurrentAssets": 2597693, "totalCurrentAssets": 80900253, "longTermInvestments": 6069320, "propertyPlantEquipment": 148022681, "otherAssets": 5050018, "totalAssets": 240042272, "accountsPayable": 3678410, "otherCurrentLiab": 36034186, "longTermDebt": 156451825, "deferredLongTermLiab": 4463201, "totalCurrentLiabilities": 60122199, "totalLiab": 216574024, "commonStock": 24104340, "retainedEarnings": -55962397, "treasuryStock": 39588020, "capitalSurplus": 15738287, "otherStockholderEquity": 39588020, "totalStockholderEquity": 23468250, "netTangibleAssets": 23468250}, {"maxAge": 1, "endDate": "2017-03-31", "cash": 323013, "shortTermInvestments": 21324310, "netReceivables": 31838850, "inventory": 39764911, "otherCurrentAssets": 4771579, "totalCurrentAssets": 98022663, "longTermInvestments": 7389180, "propertyPlantEquipment": 172468012, "otherAssets": 6108384, "totalAssets": 283988239, "accountsPayable": 39136228, "otherCurrentLiab": 19112635, "longTermDebt": 164808109, "otherLiab": 1, "deferredLongTermLiab": 5579001, "totalCurrentLiabilities": 79452076, "totalLiab": 244260186, "commonStock": 24104340, "retainedEarnings": -39702592, "treasuryStock": 39588020, "capitalSurplus": 15738287, "otherStockholderEquity": 39588020, "totalStockholderEquity": 39728055, "netTangibleAssets": 39728055}], "maxAge": 86400}, "financialData": {"maxAge": 86400, "currentPrice": 12.2, "recommendationKey": "none", "grossProfits": 79258706, "financialCurrency": "INR"}}}