{"SPECIALITY.BO": {"recommendationTrend": {"trend": [{"period": "0m", "strongBuy": 0, "buy": 0, "hold": 0, "sell": 0, "strongSell": 0}, {"period": "-1m", "strongBuy": 0, "buy": 0, "hold": 0, "sell": 0, "strongSell": 0}, {"period": "-2m", "strongBuy": 0, "buy": 0, "hold": 0, "sell": 0, "strongSell": 0}, {"period": "-3m", "strongBuy": 0, "buy": 0, "hold": 0, "sell": 0, "strongSell": 0}], "maxAge": 86400}, "cashflowStatementHistory": {"cashflowStatements": [{"maxAge": 1, "endDate": "2020-03-31", "netIncome": -379990000, "depreciation": 575290000, "changeToNetincome": 386330000, "changeToAccountReceivables": 28930000, "changeToLiabilities": -76800000, "changeToInventory": -6940000, "changeToOperatingActivities": 127750000, "totalCashFromOperatingActivities": 654570000, "capitalExpenditures": -191000000, "investments": 109340000, "otherCashflowsFromInvestingActivities": 7220000, "totalCashflowsFromInvestingActivities": -203650000, "netBorrowings": -544080000, "totalCashFromFinancingActivities": -544080000, "changeInCash": -93160000}, {"maxAge": 1, "endDate": "2019-03-31", "netIncome": -78110000, "depreciation": 234560000, "changeToNetincome": 25010000, "changeToAccountReceivables": 5720000, "changeToLiabilities": -8170000, "changeToInventory": 3630000, "changeToOperatingActivities": -26410000, "totalCashFromOperatingActivities": 156230000, "capitalExpenditures": -150550000, "investments": 34840000, "otherCashflowsFromInvestingActivities": 13850000, "totalCashflowsFromInvestingActivities": -98310000, "netBorrowings": -260000, "totalCashFromFinancingActivities": -260000, "changeInCash": 57660000}, {"maxAge": 1, "endDate": "2018-03-31", "netIncome": -467660000, "depreciation": 259350000, "changeToNetincome": 265210000, "changeToAccountReceivables": -17400000, "changeToLiabilities": 45960000, "changeToInventory": 910000, "changeToOperatingActivities": 1680000, "totalCashFromOperatingActivities": 88050000, "capitalExpenditures": -150410000, "investments": 36760000, "otherCashflowsFromInvestingActivities": 26130000, "totalCashflowsFromInvestingActivities": -73540000, "netBorrowings": -990000, "otherCashflowsFromFinancingActivities": -70000, "totalCashFromFinancingActivities": -1060000, "changeInCash": 13450000}, {"maxAge": 1, "endDate": "2017-03-31", "netIncome": -255230000, "depreciation": 277740000, "changeToNetincome": 25390000, "changeToAccountReceivables": -13350000, "changeToLiabilities": 3500000, "changeToInventory": -300000, "changeToOperatingActivities": -4610000, "totalCashFromOperatingActivities": 33140000, "capitalExpenditures": -150570000, "investments": 16880000, "otherCashflowsFromInvestingActivities": 43300000, "totalCashflowsFromInvestingActivities": -45230000, "netBorrowings": -1710000, "otherCashflowsFromFinancingActivities": -180000, "totalCashFromFinancingActivities": -1890000, "changeInCash": -13980000}], "maxAge": 86400}, "institutionOwnership": {"ownershipList": [], "maxAge": 1}, "balanceSheetHistoryQuarterly": {"balanceSheetStatements": [{"maxAge": 1, "endDate": "2020-06-30", "totalStockholderEquity": 1638110000, "netTangibleAssets": 1621500000}, {"maxAge": 1, "endDate": "2020-03-31", "cash": 16690000, "netReceivables": 266700000, "inventory": 73760000, "otherCurrentAssets": 56960000, "totalCurrentAssets": 1051450000, "longTermInvestments": 75850000, "propertyPlantEquipment": 1875070000, "intangibleAssets": 16610000, "otherAssets": 469680000, "totalAssets": 3488660000, "accountsPayable": 339740000, "otherCurrentLiab": 111230000, "otherLiab": 67280000, "deferredLongTermLiab": 81570000, "totalCurrentLiabilities": 691720000, "totalLiab": 1850550000, "commonStock": 469580000, "retainedEarnings": -470920000, "treasuryStock": 12950000, "capitalSurplus": 1626500000, "otherStockholderEquity": 12950000, "totalStockholderEquity": 1638110000, "netTangibleAssets": 1621500000}, {"maxAge": 1, "endDate": "2019-12-31", "totalStockholderEquity": 1940700000, "netTangibleAssets": 1924500000}, {"maxAge": 1, "endDate": "2019-09-30", "cash": 68300000, "shortTermInvestments": 675700000, "netReceivables": 48800000, "inventory": 91400000, "otherCurrentAssets": 136300000, "totalCurrentAssets": 1020500000, "longTermInvestments": 200000, "propertyPlantEquipment": 3181300000, "intangibleAssets": 16200000, "otherAssets": 505400000, "totalAssets": 4723600000, "accountsPayable": 394200000, "otherCurrentLiab": 193500000, "otherLiab": 2195200000, "totalCurrentLiabilities": 587700000, "totalLiab": 2782900000, "commonStock": 469600000, "treasuryStock": 1471100000, "otherStockholderEquity": 1471100000, "totalStockholderEquity": 1940700000, "netTangibleAssets": 1924500000}], "maxAge": 86400}, "earningsHistory": {"history": [{"maxAge": 1, "epsActual": {}, "epsEstimate": {}, "epsDifference": {}, "surprisePercent": {}, "quarter": {}, "period": "-4q"}, {"maxAge": 1, "epsActual": {}, "epsEstimate": {}, "epsDifference": {}, "surprisePercent": {}, "quarter": {}, "period": "-3q"}, {"maxAge": 1, "epsActual": {}, "epsEstimate": {}, "epsDifference": {}, "surprisePercent": {}, "quarter": {}, "period": "-2q"}, {"maxAge": 1, "epsActual": {}, "epsEstimate": {}, "epsDifference": {}, "surprisePercent": {}, "quarter": {}, "period": "-1q"}], "maxAge": 86400}, "indexTrend": {"maxAge": 1, "symbol": "SP5", "peRatio": 19.7411, "pegRatio": 1.34172, "estimates": [{"period": "0q", "growth": 0.549}, {"period": "+1q", "growth": 0.431}, {"period": "0y", "growth": 0.305}, {"period": "+1y", "growth": 0.109}, {"period": "+5y", "growth": 0.120865}, {"period": "-5y"}]}, "industryTrend": {"maxAge": 1, "symbol": null, "estimates": []}, "insiderTransactions": {"transactions": [{"maxAge": 1, "shares": 1030000, "filerUrl": "", "transactionText": "", "filerName": "Chatterjee (Anjan Snehamoy)", "filerRelation": "Director (Executive)", "moneyText": "", "startDate": "2015-03-18", "ownership": "D"}, {"maxAge": 1, "shares": 1129905, "filerUrl": "", "transactionText": "", "filerName": "Chatterjee (Anjan Snehamoy)", "filerRelation": "Director (Executive)", "moneyText": "", "startDate": "2015-03-04", "ownership": "D"}, {"maxAge": 1, "shares": 1200000, "filerUrl": "", "transactionText": "", "filerName": "Chatterjee (Anjan Snehamoy)", "filerRelation": "Director (Executive)", "moneyText": "", "startDate": "2014-12-19", "ownership": "D"}, {"maxAge": 1, "shares": 1100000, "filerUrl": "", "transactionText": "", "filerName": "Chatterjee (Anjan Snehamoy)", "filerRelation": "Director (Executive)", "moneyText": "", "startDate": "2014-09-24", "ownership": "D"}, {"maxAge": 1, "shares": 300000, "filerUrl": "", "transactionText": "", "filerName": "Reliance Capital Trustee Co Ltd A/c Reliance Equity Opportun", "filerRelation": "Investment Management Company", "moneyText": "", "startDate": "2013-11-22", "ownership": "D"}], "maxAge": 1}, "quoteType": {"exchange": "BSE", "quoteType": "EQUITY", "symbol": "SPECIALITY.BO", "underlyingSymbol": "SPECIALITY.BO", "shortName": "SPECIALITY RESTAURANTS LTD.", "longName": "Speciality Restaurants Limited", "firstTradeDateEpochUtc": "2012-05-30 09:15:00", "timeZoneFullName": "Asia/Kolkata", "timeZoneShortName": "IST", "uuid": "26d284b8-26ce-3ccf-b388-4f52c679c5cc", "gmtOffSetMilliseconds": 19800000, "maxAge": 1}, "incomeStatementHistory": {"incomeStatementHistory": [{"maxAge": 1, "endDate": "2020-03-31", "totalRevenue": 3577840000, "costOfRevenue": 2138490000, "grossProfit": 1439350000, "researchDevelopment": {}, "sellingGeneralAdministrative": 232770000, "nonRecurring": {}, "otherOperatingExpenses": 635060000, "totalOperatingExpenses": 3581170000, "operatingIncome": -3330000, "totalOtherIncomeExpenseNet": -385660000, "ebit": -3330000, "interestExpense": -211470000, "incomeBeforeTax": -388990000, "incomeTaxExpense": -9000000, "minorityInterest": {}, "netIncomeFromContinuingOps": -379990000, "discontinuedOperations": {}, "extraordinaryItems": {}, "effectOfAccountingCharges": {}, "otherItems": {}, "netIncome": -379990000, "netIncomeApplicableToCommonShares": -379990000}, {"maxAge": 1, "endDate": "2019-03-31", "totalRevenue": 3463640000, "costOfRevenue": 2089270000, "grossProfit": 1374370000, "researchDevelopment": {}, "sellingGeneralAdministrative": 702240000, "nonRecurring": {}, "otherOperatingExpenses": 510240000, "totalOperatingExpenses": 3536310000, "operatingIncome": -72670000, "totalOtherIncomeExpenseNet": 4670000, "ebit": -72670000, "interestExpense": -211470000, "incomeBeforeTax": -68000000, "incomeTaxExpense": 10110000, "minorityInterest": {}, "netIncomeFromContinuingOps": -78110000, "discontinuedOperations": {}, "extraordinaryItems": {}, "effectOfAccountingCharges": {}, "otherItems": {}, "netIncome": -78110000, "netIncomeApplicableToCommonShares": -78110000}, {"maxAge": 1, "endDate": "2018-03-31", "totalRevenue": 2967910000, "costOfRevenue": 1868670000, "grossProfit": 1099240000, "researchDevelopment": {}, "sellingGeneralAdministrative": 570740000, "nonRecurring": {}, "otherOperatingExpenses": 512970000, "totalOperatingExpenses": 3211730000, "operatingIncome": -243820000, "totalOtherIncomeExpenseNet": -1230000, "ebit": -243820000, "interestExpense": -70000, "incomeBeforeTax": -245050000, "incomeTaxExpense": 222610000, "minorityInterest": {}, "netIncomeFromContinuingOps": -467660000, "discontinuedOperations": {}, "extraordinaryItems": {}, "effectOfAccountingCharges": {}, "otherItems": {}, "netIncome": -467660000, "netIncomeApplicableToCommonShares": -467660000}, {"maxAge": 1, "endDate": "2017-03-31", "totalRevenue": 3124180000, "costOfRevenue": 2010630000, "grossProfit": 1113550000, "researchDevelopment": {}, "sellingGeneralAdministrative": 583020000, "nonRecurring": {}, "otherOperatingExpenses": 526730000, "totalOperatingExpenses": 3398120000, "operatingIncome": -273940000, "totalOtherIncomeExpenseNet": -15580000, "ebit": -273940000, "interestExpense": -180000, "incomeBeforeTax": -289520000, "incomeTaxExpense": -34290000, "minorityInterest": {}, "netIncomeFromContinuingOps": -255230000, "discontinuedOperations": {}, "extraordinaryItems": {}, "effectOfAccountingCharges": {}, "otherItems": {}, "netIncome": -255230000, "netIncomeApplicableToCommonShares": -255230000}], "maxAge": 86400}, "fundOwnership": {"ownershipList": [], "maxAge": 1}, "summaryDetail": {"maxAge": 1, "priceHint": 2, "previousClose": 40.35, "open": 40.1, "dayLow": 38.85, "dayHigh": 41.45, "regularMarketPreviousClose": 40.35, "regularMarketOpen": 40.1, "regularMarketDayLow": 38.85, "regularMarketDayHigh": 41.45, "forwardPE": 17.0339, "volume": 10757, "regularMarketVolume": 10757, "averageVolume": 17883, "averageVolume10days": 5403, "averageDailyVolume10Day": 5403, "bid": 40.0, "ask": 40.5, "bidSize": 0, "askSize": 0, "marketCap": 1887699584, "fiftyTwoWeekLow": 20.45, "fiftyTwoWeekHigh": 67.75, "fiftyDayAverage": 46.892426, "twoHundredDayAverage": 37.95, "currency": "INR", "fromCurrency": null, "lastMarket": null, "algorithm": null, "tradeable": false}, "sectorTrend": {"maxAge": 1, "symbol": null, "estimates": []}, "incomeStatementHistoryQuarterly": {"incomeStatementHistory": [{"maxAge": 1, "endDate": "2020-06-30", "totalRevenue": 82700000, "costOfRevenue": 134100000, "grossProfit": -51400000, "researchDevelopment": {}, "sellingGeneralAdministrative": {}, "nonRecurring": {}, "otherOperatingExpenses": 75000000, "totalOperatingExpenses": 275500000, "operatingIncome": -192800000, "totalOtherIncomeExpenseNet": -3900000, "ebit": -192800000, "interestExpense": -30500000, "incomeBeforeTax": -196700000, "incomeTaxExpense": 0, "minorityInterest": {}, "netIncomeFromContinuingOps": -196700000, "discontinuedOperations": {}, "extraordinaryItems": {}, "effectOfAccountingCharges": {}, "otherItems": {}, "netIncome": -196700000, "netIncomeApplicableToCommonShares": -196700000}, {"maxAge": 1, "endDate": "2020-03-31", "totalRevenue": 754040000, "costOfRevenue": 537290000, "grossProfit": 216750000, "researchDevelopment": {}, "sellingGeneralAdministrative": 232770000, "nonRecurring": {}, "otherOperatingExpenses": -59140000, "totalOperatingExpenses": 828770000, "operatingIncome": -74730000, "totalOtherIncomeExpenseNet": -296360000, "ebit": -74730000, "interestExpense": -51970000, "incomeBeforeTax": -371090000, "incomeTaxExpense": 0, "minorityInterest": {}, "netIncomeFromContinuingOps": -371090000, "discontinuedOperations": {}, "extraordinaryItems": {}, "effectOfAccountingCharges": {}, "otherItems": {}, "netIncome": -371090000, "netIncomeApplicableToCommonShares": -371090000}, {"maxAge": 1, "endDate": "2019-12-31", "totalRevenue": 1062900000, "costOfRevenue": 577000000, "grossProfit": 485900000, "researchDevelopment": {}, "sellingGeneralAdministrative": 232770000, "nonRecurring": {}, "otherOperatingExpenses": 246100000, "totalOperatingExpenses": 978900000, "operatingIncome": 84000000, "totalOtherIncomeExpenseNet": -37800000, "ebit": 84000000, "interestExpense": -57600000, "incomeBeforeTax": 46200000, "incomeTaxExpense": -9000000, "minorityInterest": {}, "netIncomeFromContinuingOps": 55200000, "discontinuedOperations": {}, "extraordinaryItems": {}, "effectOfAccountingCharges": {}, "otherItems": {}, "netIncome": 55200000, "netIncomeApplicableToCommonShares": 55200000}, {"maxAge": 1, "endDate": "2019-09-30", "totalRevenue": 885000000, "costOfRevenue": 517500000, "grossProfit": 367500000, "researchDevelopment": {}, "sellingGeneralAdministrative": 232770000, "nonRecurring": {}, "otherOperatingExpenses": 234900000, "totalOperatingExpenses": 906000000, "operatingIncome": -21000000, "totalOtherIncomeExpenseNet": -28400000, "ebit": -21000000, "interestExpense": -55500000, "incomeBeforeTax": -49400000, "incomeTaxExpense": 0, "minorityInterest": {}, "netIncomeFromContinuingOps": -49400000, "discontinuedOperations": {}, "extraordinaryItems": {}, "effectOfAccountingCharges": {}, "otherItems": {}, "netIncome": -49400000, "netIncomeApplicableToCommonShares": -49400000}], "maxAge": 86400}, "cashflowStatementHistoryQuarterly": {"cashflowStatements": [{"maxAge": 1, "endDate": "2020-06-30", "netIncome": -196700000, "changeToLiabilities": 0}, {"maxAge": 1, "endDate": "2020-03-31", "netIncome": -371090000, "changeToLiabilities": 0}, {"maxAge": 1, "endDate": "2019-12-31", "netIncome": 55200000, "changeToLiabilities": 0}, {"maxAge": 1, "endDate": "2019-09-30", "netIncome": -49400000, "changeToLiabilities": 0}], "maxAge": 86400}, "insiderHolders": {"holders": [{"maxAge": 1, "name": "Chatterjee (Anjan Snehamoy)", "relation": "Director (Executive)", "url": "", "transactionDescription": "Sale", "latestTransDate": "2015-03-18", "positionDirect": 12070000, "positionDirectDate": "2015-03-18"}, {"maxAge": 1, "name": "Reliance Capital Trustee Co Ltd A/c Reliance Equity Opportun", "relation": "Investment Management Company", "url": "", "transactionDescription": "Acquisition", "latestTransDate": "2013-11-22", "positionDirect": 2442163, "positionDirectDate": "2013-11-22"}], "maxAge": 1}, "earnings": {"maxAge": 86400, "earningsChart": {"quarterly": [], "earningsDate": []}, "financialsChart": {"yearly": [{"date": 2017, "revenue": 3124180000, "earnings": -255230000}, {"date": 2018, "revenue": 2967910000, "earnings": -467660000}, {"date": 2019, "revenue": 3463640000, "earnings": -78110000}, {"date": 2020, "revenue": 3577840000, "earnings": -379990000}], "quarterly": [{"date": "3Q2019", "revenue": 885000000, "earnings": -49400000}, {"date": "4Q2019", "revenue": 1062900000, "earnings": 55200000}, {"date": "1Q2020", "revenue": 754040000, "earnings": -371090000}, {"date": "2Q2020", "revenue": 82700000, "earnings": -196700000}]}, "financialCurrency": "INR"}, "calendarEvents": {"maxAge": 1, "earnings": {"earningsDate": []}}, "upgradeDowngradeHistory": {"history": [], "maxAge": 86400}, "price": {"maxAge": 1, "regularMarketChangePercent": -0.0037174157, "regularMarketChange": -0.14999771, "regularMarketTime": "2021-04-30 15:15:04", "priceHint": 2, "regularMarketPrice": 40.2, "regularMarketDayHigh": 41.45, "regularMarketDayLow": 38.85, "regularMarketVolume": 10757, "averageDailyVolume10Day": 5403, "averageDailyVolume3Month": 17883, "regularMarketPreviousClose": 40.35, "regularMarketSource": "FREE_REALTIME", "regularMarketOpen": 40.1, "exchange": "BSE", "exchangeName": "BSE", "exchangeDataDelayedBy": 0, "marketState": "CLOSED", "quoteType": "EQUITY", "symbol": "SPECIALITY.BO", "underlyingSymbol": null, "shortName": "SPECIALITY RESTAURANTS LTD.", "longName": "Speciality Restaurants Limited", "currency": "INR", "quoteSourceName": "Delayed Quote", "currencySymbol": "\u20b9", "fromCurrency": null, "lastMarket": null, "marketCap": 1887699584}, "balanceSheetHistory": {"balanceSheetStatements": [{"maxAge": 1, "endDate": "2020-03-31", "cash": 16690000, "netReceivables": 266700000, "inventory": 73760000, "otherCurrentAssets": 56960000, "totalCurrentAssets": 1051450000, "longTermInvestments": 75850000, "propertyPlantEquipment": 1875070000, "intangibleAssets": 16610000, "otherAssets": 469680000, "totalAssets": 3488660000, "accountsPayable": 339740000, "otherCurrentLiab": 111230000, "otherLiab": 67280000, "deferredLongTermLiab": 81570000, "totalCurrentLiabilities": 691720000, "totalLiab": 1850550000, "commonStock": 469580000, "retainedEarnings": -470920000, "treasuryStock": 12950000, "capitalSurplus": 1626500000, "otherStockholderEquity": 12950000, "totalStockholderEquity": 1638110000, "netTangibleAssets": 1621500000}, {"maxAge": 1, "endDate": "2019-03-31", "cash": 109850000, "netReceivables": 125810000, "inventory": 66820000, "otherCurrentAssets": 60860000, "totalCurrentAssets": 1059290000, "longTermInvestments": 49440000, "propertyPlantEquipment": 1153640000, "intangibleAssets": 18700000, "otherAssets": 560000000, "totalAssets": 2841070000, "accountsPayable": 415870000, "otherCurrentLiab": 85690000, "otherLiab": 142950000, "deferredLongTermLiab": 92080000, "totalCurrentLiabilities": 504400000, "totalLiab": 647350000, "commonStock": 469580000, "retainedEarnings": 85940000, "treasuryStock": 11700000, "capitalSurplus": 1626500000, "otherStockholderEquity": 11700000, "totalStockholderEquity": 2193720000, "netTangibleAssets": 2175020000}, {"maxAge": 1, "endDate": "2018-03-31", "cash": 52190000, "netReceivables": 119220000, "inventory": 70450000, "otherCurrentAssets": 72060000, "totalCurrentAssets": 1054540000, "propertyPlantEquipment": 1284660000, "intangibleAssets": 14240000, "otherAssets": 552680000, "totalAssets": 2906120000, "accountsPayable": 424020000, "otherCurrentLiab": 81130000, "otherLiab": 101550000, "deferredLongTermLiab": 107030000, "totalCurrentLiabilities": 525380000, "totalLiab": 626930000, "commonStock": 469580000, "retainedEarnings": 168510000, "treasuryStock": 14600000, "capitalSurplus": 1626500000, "otherStockholderEquity": 14600000, "totalStockholderEquity": 2279190000, "netTangibleAssets": 2264950000}, {"maxAge": 1, "endDate": "2017-03-31", "cash": 38740000, "netReceivables": 105170000, "inventory": 71360000, "otherCurrentAssets": 113740000, "totalCurrentAssets": 1054400000, "propertyPlantEquipment": 1462670000, "intangibleAssets": 17660000, "otherAssets": 784860000, "deferredLongTermAssetCharges": 222610000, "totalAssets": 3319590000, "accountsPayable": 377730000, "otherCurrentLiab": 91830000, "otherLiab": 94380000, "deferredLongTermLiab": 101750000, "totalCurrentLiabilities": 483330000, "totalLiab": 577970000, "commonStock": 469580000, "retainedEarnings": 632480000, "treasuryStock": 13060000, "capitalSurplus": 1626500000, "otherStockholderEquity": 13060000, "totalStockholderEquity": 2741620000, "netTangibleAssets": 2723960000}], "maxAge": 86400}, "earningsTrend": {"trend": [{"maxAge": 1, "period": "0q", "endDate": null, "growth": {}, "earningsEstimate": {"avg": 0.0, "low": 0.0, "high": 0.0, "yearAgoEps": {}, "numberOfAnalysts": 0, "growth": {}}, "revenueEstimate": {"avg": 0, "low": 0, "high": 0, "numberOfAnalysts": 0, "yearAgoRevenue": {}, "growth": {}}, "epsTrend": {"current": 0.0, "7daysAgo": 0.0, "30daysAgo": 0.0, "60daysAgo": 0.0, "90daysAgo": 0.0}, "epsRevisions": {"upLast7days": 0, "upLast30days": 0, "downLast30days": 0, "downLast90days": {}}}, {"maxAge": 1, "period": "+1q", "endDate": null, "growth": {}, "earningsEstimate": {"avg": 0.0, "low": 0.0, "high": 0.0, "yearAgoEps": {}, "numberOfAnalysts": 0, "growth": {}}, "revenueEstimate": {"avg": 0, "low": 0, "high": 0, "numberOfAnalysts": 0, "yearAgoRevenue": {}, "growth": {}}, "epsTrend": {"current": 0.0, "7daysAgo": 0.0, "30daysAgo": 0.0, "60daysAgo": 0.0, "90daysAgo": 0.0}, "epsRevisions": {"upLast7days": 0, "upLast30days": 0, "downLast30days": 0, "downLast90days": {}}}, {"maxAge": 1, "period": "0y", "endDate": null, "growth": {}, "earningsEstimate": {"avg": 0.0, "low": 0.0, "high": 0.0, "yearAgoEps": {}, "numberOfAnalysts": 0, "growth": {}}, "revenueEstimate": {"avg": 0, "low": 0, "high": 0, "numberOfAnalysts": 0, "yearAgoRevenue": {}, "growth": {}}, "epsTrend": {"current": 0.0, "7daysAgo": 0.0, "30daysAgo": 0.0, "60daysAgo": 0.0, "90daysAgo": 0.0}, "epsRevisions": {"upLast7days": 0, "upLast30days": 0, "downLast30days": 0, "downLast90days": {}}}, {"maxAge": 1, "period": "+1y", "endDate": null, "growth": {}, "earningsEstimate": {"avg": 0.0, "low": 0.0, "high": 0.0, "yearAgoEps": {}, "numberOfAnalysts": 0, "growth": {}}, "revenueEstimate": {"avg": 0, "low": 0, "high": 0, "numberOfAnalysts": 0, "yearAgoRevenue": {}, "growth": {}}, "epsTrend": {"current": 0.0, "7daysAgo": 0.0, "30daysAgo": 0.0, "60daysAgo": 0.0, "90daysAgo": 0.0}, "epsRevisions": {"upLast7days": 0, "upLast30days": 0, "downLast30days": 0, "downLast90days": {}}}, {"maxAge": 1, "period": "+5y", "endDate": null, "growth": {}, "earningsEstimate": {"avg": {}, "low": {}, "high": {}, "yearAgoEps": {}, "numberOfAnalysts": {}, "growth": {}}, "revenueEstimate": {"avg": {}, "low": {}, "high": {}, "numberOfAnalysts": {}, "yearAgoRevenue": {}, "growth": {}}, "epsTrend": {"current": {}, "7daysAgo": {}, "30daysAgo": {}, "60daysAgo": {}, "90daysAgo": {}}, "epsRevisions": {"upLast7days": {}, "upLast30days": {}, "downLast30days": {}, "downLast90days": {}}}, {"maxAge": 1, "period": "-5y", "endDate": null, "growth": {}, "earningsEstimate": {"avg": {}, "low": {}, "high": {}, "yearAgoEps": {}, "numberOfAnalysts": {}, "growth": {}}, "revenueEstimate": {"avg": {}, "low": {}, "high": {}, "numberOfAnalysts": {}, "yearAgoRevenue": {}, "growth": {}}, "epsTrend": {"current": {}, "7daysAgo": {}, "30daysAgo": {}, "60daysAgo": {}, "90daysAgo": {}}, "epsRevisions": {"upLast7days": {}, "upLast30days": {}, "downLast30days": {}, "downLast90days": {}}}], "maxAge": 1}, "financialData": {"maxAge": 86400, "currentPrice": 40.2, "targetHighPrice": 82.5, "targetLowPrice": 82.5, "targetMeanPrice": 82.5, "targetMedianPrice": 82.5, "recommendationKey": "none", "numberOfAnalystOpinions": 1, "grossProfits": 1439350000, "financialCurrency": "INR"}}}