{"SPELS.BO": {"cashflowStatementHistory": {"cashflowStatements": [{"maxAge": 1, "endDate": "2020-03-31", "netIncome": 10536000, "depreciation": 49824000, "changeToNetincome": 4458000, "changeToAccountReceivables": -242974000, "changeToLiabilities": 17213000, "changeToInventory": 4348000, "changeToOperatingActivities": 89331000, "totalCashFromOperatingActivities": -67264000, "otherCashflowsFromInvestingActivities": 14616000, "totalCashflowsFromInvestingActivities": 14616000, "netBorrowings": 52787000, "totalCashFromFinancingActivities": 52787000, "effectOfExchangeRate": 7000, "changeInCash": 146000}, {"maxAge": 1, "endDate": "2019-03-31", "netIncome": -107358000, "depreciation": 51481000, "changeToNetincome": 96055000, "changeToAccountReceivables": -242974000, "changeToLiabilities": 0, "changeToInventory": 4348000, "changeToOperatingActivities": 89331000, "totalCashFromOperatingActivities": 40178000, "otherCashflowsFromInvestingActivities": 6082000, "totalCashflowsFromInvestingActivities": 6082000, "netBorrowings": 52787000, "otherCashflowsFromFinancingActivities": -46218000, "totalCashFromFinancingActivities": -46218000, "effectOfExchangeRate": 7000, "changeInCash": 42000}, {"maxAge": 1, "endDate": "2018-03-31", "netIncome": -84706000, "depreciation": 63057000, "changeToNetincome": -42157000, "changeToAccountReceivables": -242974000, "changeToLiabilities": 0, "changeToInventory": 4348000, "changeToOperatingActivities": 89331000, "totalCashFromOperatingActivities": -63806000, "otherCashflowsFromInvestingActivities": 70361000, "totalCashflowsFromInvestingActivities": 70361000, "netBorrowings": 52787000, "otherCashflowsFromFinancingActivities": -61847000, "totalCashFromFinancingActivities": -61847000, "effectOfExchangeRate": 7000, "changeInCash": -55292000}, {"maxAge": 1, "endDate": "2017-03-31", "netIncome": -88149625, "depreciation": 71119948, "changeToNetincome": -138382445, "changeToAccountReceivables": -242974000, "changeToLiabilities": 0, "changeToInventory": 4348000, "changeToOperatingActivities": 89331000, "totalCashFromOperatingActivities": -155412122, "otherCashflowsFromInvestingActivities": 68287626, "totalCashflowsFromInvestingActivities": 68287626, "netBorrowings": 52787000, "otherCashflowsFromFinancingActivities": 142379201, "totalCashFromFinancingActivities": 142379201, "effectOfExchangeRate": -566, "changeInCash": 55254139}], "maxAge": 86400}, "institutionOwnership": {"ownershipList": [], "maxAge": 1}, "balanceSheetHistoryQuarterly": {"balanceSheetStatements": [{"maxAge": 1, "endDate": "2020-06-30", "totalStockholderEquity": 790318000, "netTangibleAssets": 790256000}, {"maxAge": 1, "endDate": "2020-03-31", "cash": 504000, "shortTermInvestments": 5588000, "netReceivables": 512555000, "inventory": 105999000, "otherCurrentAssets": 12624000, "totalCurrentAssets": 637270000, "longTermInvestments": 6562000, "propertyPlantEquipment": 1171114000, "intangibleAssets": 62000, "otherAssets": 2348000, "totalAssets": 1817356000, "accountsPayable": 175946000, "shortLongTermDebt": 111290000, "otherCurrentLiab": 297929000, "longTermDebt": 164757000, "otherLiab": 277116000, "totalCurrentLiabilities": 585165000, "totalLiab": 1027038000, "commonStock": 461325000, "treasuryStock": 328993000, "otherStockholderEquity": 328993000, "totalStockholderEquity": 790318000, "netTangibleAssets": 790256000}, {"maxAge": 1, "endDate": "2019-12-31", "totalStockholderEquity": 779748000, "netTangibleAssets": 779668000}, {"maxAge": 1, "endDate": "2019-09-30", "cash": 2889000, "shortTermInvestments": 5376000, "netReceivables": 172179000, "inventory": 102900000, "otherCurrentAssets": 199785000, "totalCurrentAssets": 483129000, "longTermInvestments": 6241000, "propertyPlantEquipment": 1195560000, "intangibleAssets": 80000, "otherAssets": 5428000, "totalAssets": 1690438000, "accountsPayable": 158935000, "shortLongTermDebt": 92944000, "otherCurrentLiab": 229448000, "longTermDebt": 164757000, "otherLiab": 264606000, "totalCurrentLiabilities": 481327000, "totalLiab": 910690000, "commonStock": 461325000, "treasuryStock": 318423000, "otherStockholderEquity": 318423000, "totalStockholderEquity": 779748000, "netTangibleAssets": 779668000}], "maxAge": 86400}, "indexTrend": {"maxAge": 1, "symbol": "SP5", "peRatio": 19.7411, "pegRatio": 1.34172, "estimates": [{"period": "0q", "growth": 0.549}, {"period": "+1q", "growth": 0.431}, {"period": "0y", "growth": 0.305}, {"period": "+1y", "growth": 0.109}, {"period": "+5y", "growth": 0.120859005}, {"period": "-5y"}]}, "insiderTransactions": {"transactions": [{"maxAge": 1, "shares": 25811207, "filerUrl": "", "transactionText": "", "filerName": "Netronix Semiconductor Technology Pvt Ltd", "filerRelation": "Institution- Corporation", "moneyText": "", "startDate": "2014-03-24", "ownership": "D"}, {"maxAge": 1, "shares": 25811207, "filerUrl": "", "transactionText": "", "filerName": "Southern Petrochemical Industries Corporation Ltd", "filerRelation": "Promoter", "moneyText": "", "startDate": "2014-03-24", "ownership": "D"}], "maxAge": 1}, "quoteType": {"exchange": "BSE", "quoteType": "EQUITY", "symbol": "SPELS.BO", "underlyingSymbol": "SPELS.BO", "shortName": "SPEL SEMICONDUCTOR LTD.", "longName": "SPEL Semiconductor Limited", "firstTradeDateEpochUtc": "2001-04-19 09:15:00", "timeZoneFullName": "Asia/Kolkata", "timeZoneShortName": "IST", "uuid": "0cc3f1bc-73a5-3e95-a5dd-c57845687f18", "gmtOffSetMilliseconds": 19800000, "maxAge": 1}, "incomeStatementHistory": {"incomeStatementHistory": [{"maxAge": 1, "endDate": "2020-03-31", "totalRevenue": 383339000, "costOfRevenue": 120696000, "grossProfit": 262643000, "researchDevelopment": {}, "sellingGeneralAdministrative": 106984000, "nonRecurring": {}, "otherOperatingExpenses": 77837000, "totalOperatingExpenses": 355341000, "operatingIncome": 27998000, "totalOtherIncomeExpenseNet": -14533000, "ebit": 27998000, "interestExpense": -14261000, "incomeBeforeTax": 13465000, "incomeTaxExpense": 2929000, "minorityInterest": {}, "netIncomeFromContinuingOps": 10536000, "discontinuedOperations": {}, "extraordinaryItems": {}, "effectOfAccountingCharges": {}, "otherItems": {}, "netIncome": 10536000, "netIncomeApplicableToCommonShares": 10536000}, {"maxAge": 1, "endDate": "2019-03-31", "totalRevenue": 311984000, "costOfRevenue": 97219000, "grossProfit": 214765000, "researchDevelopment": {}, "sellingGeneralAdministrative": 125561000, "nonRecurring": {}, "otherOperatingExpenses": 119372000, "totalOperatingExpenses": 393633000, "operatingIncome": -81649000, "totalOtherIncomeExpenseNet": -28437000, "ebit": -81649000, "interestExpense": -28437000, "incomeBeforeTax": -110086000, "incomeTaxExpense": -2728000, "minorityInterest": {}, "netIncomeFromContinuingOps": -107358000, "discontinuedOperations": {}, "extraordinaryItems": {}, "effectOfAccountingCharges": {}, "otherItems": {}, "netIncome": -107358000, "netIncomeApplicableToCommonShares": -107358000}, {"maxAge": 1, "endDate": "2018-03-31", "totalRevenue": 440001000, "costOfRevenue": 161823000, "grossProfit": 278178000, "researchDevelopment": {}, "sellingGeneralAdministrative": 138212000, "nonRecurring": {}, "otherOperatingExpenses": 144682000, "totalOperatingExpenses": 507774000, "operatingIncome": -67773000, "totalOtherIncomeExpenseNet": -15569000, "ebit": -67773000, "interestExpense": -28916000, "incomeBeforeTax": -83342000, "incomeTaxExpense": 1364000, "minorityInterest": {}, "netIncomeFromContinuingOps": -84706000, "discontinuedOperations": {}, "extraordinaryItems": {}, "effectOfAccountingCharges": {}, "otherItems": {}, "netIncome": -84706000, "netIncomeApplicableToCommonShares": -84706000}, {"maxAge": 1, "endDate": "2017-03-31", "totalRevenue": 375954362, "costOfRevenue": 130686573, "grossProfit": 245267789, "researchDevelopment": {}, "sellingGeneralAdministrative": 133491657, "nonRecurring": {}, "otherOperatingExpenses": 105382331, "totalOperatingExpenses": 440680509, "operatingIncome": -64726147, "totalOtherIncomeExpenseNet": -19669762, "ebit": -64726147, "interestExpense": -26703941, "incomeBeforeTax": -84395909, "incomeTaxExpense": 3753716, "minorityInterest": {}, "netIncomeFromContinuingOps": -88149625, "discontinuedOperations": {}, "extraordinaryItems": {}, "effectOfAccountingCharges": {}, "otherItems": {}, "netIncome": -88149625, "netIncomeApplicableToCommonShares": -88149625}], "maxAge": 86400}, "fundOwnership": {"ownershipList": [], "maxAge": 1}, "summaryDetail": {"maxAge": 1, "priceHint": 2, "previousClose": 13.39, "open": 13.7, "dayLow": 13.3, "dayHigh": 13.79, "regularMarketPreviousClose": 13.39, "regularMarketOpen": 13.7, "regularMarketDayLow": 13.3, "regularMarketDayHigh": 13.79, "volume": 22314, "regularMarketVolume": 22314, "averageVolume": 46564, "averageVolume10days": 15463, "averageDailyVolume10Day": 15463, "bid": 13.41, "ask": 13.66, "bidSize": 0, "askSize": 0, "marketCap": 629502464, "fiftyTwoWeekLow": 2.86, "fiftyTwoWeekHigh": 18.16, "fiftyDayAverage": 14.326667, "twoHundredDayAverage": 10.531985, "currency": "INR", "fromCurrency": null, "lastMarket": null, "algorithm": null, "tradeable": false}, "incomeStatementHistoryQuarterly": {"incomeStatementHistory": [{"maxAge": 1, "endDate": "2020-06-30", "totalRevenue": 42489000, "costOfRevenue": 17144000, "grossProfit": 25345000, "researchDevelopment": {}, "sellingGeneralAdministrative": 11942000, "nonRecurring": {}, "otherOperatingExpenses": 9885000, "totalOperatingExpenses": 49720000, "operatingIncome": -7231000, "totalOtherIncomeExpenseNet": -2725000, "ebit": -7231000, "interestExpense": -2725000, "incomeBeforeTax": -9956000, "incomeTaxExpense": 1522000, "minorityInterest": {}, "netIncomeFromContinuingOps": -11478000, "discontinuedOperations": {}, "extraordinaryItems": {}, "effectOfAccountingCharges": {}, "otherItems": {}, "netIncome": -11478000, "netIncomeApplicableToCommonShares": -11478000}, {"maxAge": 1, "endDate": "2020-03-31", "totalRevenue": 104802000, "costOfRevenue": 43278000, "grossProfit": 61524000, "researchDevelopment": {}, "sellingGeneralAdministrative": 24737000, "nonRecurring": {}, "otherOperatingExpenses": 23774000, "totalOperatingExpenses": 103770000, "operatingIncome": 1032000, "totalOtherIncomeExpenseNet": 1035000, "ebit": 1032000, "interestExpense": -2725000, "incomeBeforeTax": 2067000, "incomeTaxExpense": 151000, "minorityInterest": {}, "netIncomeFromContinuingOps": 1916000, "discontinuedOperations": {}, "extraordinaryItems": {}, "effectOfAccountingCharges": {}, "otherItems": {}, "netIncome": 1916000, "netIncomeApplicableToCommonShares": 1916000}, {"maxAge": 1, "endDate": "2019-12-31", "totalRevenue": 95314000, "costOfRevenue": 23443000, "grossProfit": 71871000, "researchDevelopment": {}, "sellingGeneralAdministrative": 27033000, "nonRecurring": {}, "otherOperatingExpenses": 18002000, "totalOperatingExpenses": 80961000, "operatingIncome": 14353000, "totalOtherIncomeExpenseNet": -4531000, "ebit": 14353000, "interestExpense": -4531000, "incomeBeforeTax": 9822000, "incomeTaxExpense": 5047000, "minorityInterest": {}, "netIncomeFromContinuingOps": 4775000, "discontinuedOperations": {}, "extraordinaryItems": {}, "effectOfAccountingCharges": {}, "otherItems": {}, "netIncome": 4775000, "netIncomeApplicableToCommonShares": 4775000}, {"maxAge": 1, "endDate": "2019-09-30", "totalRevenue": 95840000, "costOfRevenue": 28078000, "grossProfit": 67762000, "researchDevelopment": {}, "sellingGeneralAdministrative": 25912000, "nonRecurring": {}, "otherOperatingExpenses": 22376000, "totalOperatingExpenses": 88856000, "operatingIncome": 6984000, "totalOtherIncomeExpenseNet": -4348000, "ebit": 6984000, "interestExpense": -4076000, "incomeBeforeTax": 2636000, "incomeTaxExpense": -658000, "minorityInterest": {}, "netIncomeFromContinuingOps": 3294000, "discontinuedOperations": {}, "extraordinaryItems": {}, "effectOfAccountingCharges": {}, "otherItems": {}, "netIncome": 3294000, "netIncomeApplicableToCommonShares": 3294000}], "maxAge": 86400}, "cashflowStatementHistoryQuarterly": {"cashflowStatements": [{"maxAge": 1, "endDate": "2020-06-30", "netIncome": -11478000, "changeToLiabilities": 0}, {"maxAge": 1, "endDate": "2020-03-31", "netIncome": 1916000, "changeToLiabilities": 0}, {"maxAge": 1, "endDate": "2019-12-31", "netIncome": 4775000, "changeToLiabilities": 0}, {"maxAge": 1, "endDate": "2019-09-30", "netIncome": 3294000, "changeToLiabilities": 0}], "maxAge": 86400}, "insiderHolders": {"holders": [{"maxAge": 1, "name": "Netronix Semiconductor Technology Pvt Ltd", "relation": "Institution- Corporation", "url": "", "transactionDescription": "Purchase", "latestTransDate": "2014-03-24", "positionDirect": 25811207, "positionDirectDate": "2014-03-24"}, {"maxAge": 1, "name": "Southern Petrochemical Industries Corporation Ltd", "relation": "Promoter", "url": "", "transactionDescription": "Sale", "latestTransDate": "2014-03-24", "positionDirect": 0, "positionDirectDate": "2014-03-24"}], "maxAge": 1}, "calendarEvents": {"maxAge": 1, "earnings": {"earningsDate": ["2020-08-31 05:30:S"]}}, "upgradeDowngradeHistory": {"history": [], "maxAge": 86400}, "price": {"maxAge": 1, "regularMarketChangePercent": 0.019417422, "regularMarketChange": 0.25999928, "regularMarketTime": "2021-04-30 15:29:27", "priceHint": 2, "regularMarketPrice": 13.65, "regularMarketDayHigh": 13.79, "regularMarketDayLow": 13.3, "regularMarketVolume": 22314, "averageDailyVolume10Day": 15463, "averageDailyVolume3Month": 46564, "regularMarketPreviousClose": 13.39, "regularMarketSource": "FREE_REALTIME", "regularMarketOpen": 13.7, "exchange": "BSE", "exchangeName": "BSE", "exchangeDataDelayedBy": 0, "marketState": "CLOSED", "quoteType": "EQUITY", "symbol": "SPELS.BO", "underlyingSymbol": null, "shortName": "SPEL SEMICONDUCTOR LTD.", "longName": "SPEL Semiconductor Limited", "currency": "INR", "quoteSourceName": "Delayed Quote", "currencySymbol": "\u20b9", "fromCurrency": null, "lastMarket": null, "marketCap": 629502464}, "balanceSheetHistory": {"balanceSheetStatements": [{"maxAge": 1, "endDate": "2020-03-31", "cash": 504000, "shortTermInvestments": 5588000, "netReceivables": 512555000, "inventory": 105999000, "otherCurrentAssets": 12624000, "totalCurrentAssets": 637270000, "longTermInvestments": 6562000, "propertyPlantEquipment": 1171114000, "intangibleAssets": 62000, "otherAssets": 2348000, "totalAssets": 1817356000, "accountsPayable": 175946000, "shortLongTermDebt": 111290000, "otherCurrentLiab": 297929000, "longTermDebt": 164757000, "otherLiab": 277116000, "totalCurrentLiabilities": 585165000, "totalLiab": 1027038000, "commonStock": 461325000, "treasuryStock": 328993000, "otherStockholderEquity": 328993000, "totalStockholderEquity": 790318000, "netTangibleAssets": 790256000}, {"maxAge": 1, "endDate": "2019-03-31", "cash": 89000, "shortTermInvestments": 4386000, "netReceivables": 43622000, "inventory": 44587000, "otherCurrentAssets": 308337000, "totalCurrentAssets": 401021000, "longTermInvestments": 7189000, "propertyPlantEquipment": 1220902000, "intangibleAssets": 98000, "otherAssets": 4999000, "totalAssets": 1634209000, "accountsPayable": 158683000, "shortLongTermDebt": 86869000, "otherCurrentLiab": 197558000, "longTermDebt": 136392000, "otherLiab": 279173000, "totalCurrentLiabilities": 443110000, "totalLiab": 858675000, "commonStock": 461325000, "retainedEarnings": 309474000, "capitalSurplus": 4735000, "totalStockholderEquity": 775534000, "netTangibleAssets": 775436000}, {"maxAge": 1, "endDate": "2018-03-31", "cash": 47000, "shortTermInvestments": 86879000, "netReceivables": 20914000, "inventory": 42433000, "otherCurrentAssets": 276087000, "totalCurrentAssets": 426360000, "longTermInvestments": 8916000, "propertyPlantEquipment": 1263554000, "intangibleAssets": 137000, "totalAssets": 1698967000, "accountsPayable": 180532000, "shortLongTermDebt": 117371000, "otherCurrentLiab": 109469000, "longTermDebt": 131775000, "otherLiab": 289471000, "totalCurrentLiabilities": 407372000, "totalLiab": 828618000, "commonStock": 461325000, "retainedEarnings": 404289000, "capitalSurplus": 4735000, "totalStockholderEquity": 870349000, "netTangibleAssets": 870212000}, {"maxAge": 1, "endDate": "2017-03-31", "cash": 61592831, "netReceivables": 166578934, "inventory": 123204033, "otherCurrentAssets": 146203907, "totalCurrentAssets": 497579705, "propertyPlantEquipment": 688699991, "intangibleAssets": 149774, "otherAssets": 45740322, "totalAssets": 1232169792, "accountsPayable": 125990991, "otherCurrentLiab": 141225733, "longTermDebt": 133078273, "otherLiab": 98816561, "totalCurrentLiabilities": 416410643, "totalLiab": 648305477, "commonStock": 461325280, "retainedEarnings": 17058791, "treasuryStock": 100745626, "capitalSurplus": 4734618, "otherStockholderEquity": 100745626, "totalStockholderEquity": 583864315, "netTangibleAssets": 583714541}], "maxAge": 86400}, "financialData": {"maxAge": 86400, "currentPrice": 13.65, "recommendationKey": "none", "grossProfits": 262643000, "financialCurrency": "INR"}}}