{"SPENTEX.NS": {"assetProfile": {"address1": "A-60, Okhla Industrial Area", "address2": "Phase-II", "city": "New Delhi", "zip": "110020", "country": "India", "phone": "91 11 2638 7738", "fax": "91 11 2638 5181", "website": "http://www.clcindia.com", "industry": "Textile Manufacturing", "sector": "Consumer Cyclical", "longBusinessSummary": "CLC Industries Limited, a textile company, manufactures and trades in synthetic and cotton yarns in India and internationally. It offers hosiery, weaving, carpet, and industrial yarns; sewing threads; and flat knitting products for use in home textiles and garments industry applications. The company was formerly known as Spentex Industries Limited and changed its name to CLC Industries Limited in July 2018. CLC Industries Limited was incorporated in 1991 and is based in New Delhi, India.", "companyOfficers": [{"maxAge": 1, "name": "Mr. Mukund  Choudhary", "age": 49, "title": "MD, CEO & Exec. Director", "yearBorn": 1971, "fiscalYear": 2018, "totalPay": 460000, "exercisedValue": 0, "unexercisedValue": 0}, {"maxAge": 1, "name": "Mr. Chandra Bhan Kataria", "age": 53, "title": "Pres", "yearBorn": 1967, "exercisedValue": 0, "unexercisedValue": 0}, {"maxAge": 1, "name": "Mr. Kapil  Choudhary", "age": 47, "title": "COO, Deputy MD & Exec. Director", "yearBorn": 1973, "fiscalYear": 2018, "totalPay": 460000, "exercisedValue": 0, "unexercisedValue": 0}, {"maxAge": 1, "name": "Mr. Awanish  Bharadwaj", "title": "Unit Head of Solapur", "exercisedValue": 0, "unexercisedValue": 0}, {"maxAge": 1, "name": "Mr. B. S. Dhillon B.Sc.", "title": "Unit Head of Baramati", "exercisedValue": 0, "unexercisedValue": 0}, {"maxAge": 1, "name": "Mr. B. V. R. Murthy", "title": "Sr. Mang. of Secretarial", "exercisedValue": 0, "unexercisedValue": 0}, {"maxAge": 1, "name": "Mr. Manish  Gupta", "age": 54, "title": "Assistant VP of Operations", "yearBorn": 1966, "fiscalYear": 2018, "totalPay": 0, "exercisedValue": 0, "unexercisedValue": 0}, {"maxAge": 1, "name": "Mr. Suraj Prakash Setia", "age": 78, "title": "Consultant and Technical Advisor", "yearBorn": 1942, "fiscalYear": 2018, "totalPay": 11500, "exercisedValue": 0, "unexercisedValue": 0}], "compensationAsOfEpochDate": "2018-12-31 05:30:00", "maxAge": 86400}, "recommendationTrend": {"trend": [{"period": "0m", "strongBuy": 0, "buy": 0, "hold": 0, "sell": 0, "strongSell": 0}, {"period": "-1m", "strongBuy": 0, "buy": 0, "hold": 0, "sell": 0, "strongSell": 0}, {"period": "-2m", "strongBuy": 0, "buy": 0, "hold": 0, "sell": 0, "strongSell": 0}, {"period": "-3m", "strongBuy": 0, "buy": 0, "hold": 0, "sell": 0, "strongSell": 0}], "maxAge": 86400}, "cashflowStatementHistory": {"cashflowStatements": [{"maxAge": 1, "endDate": "2019-03-31", "netIncome": -363731491, "depreciation": 100158456, "changeToNetincome": 162571548, "changeToAccountReceivables": 37978142, "changeToLiabilities": -22025812, "changeToInventory": 180453968, "changeToOperatingActivities": -27391322, "totalCashFromOperatingActivities": 68225187, "capitalExpenditures": -7681584, "otherCashflowsFromInvestingActivities": 3120, "totalCashflowsFromInvestingActivities": -3511038, "netBorrowings": -65885826, "otherCashflowsFromFinancingActivities": -7988342, "totalCashFromFinancingActivities": -73874168, "changeInCash": -9160020}, {"maxAge": 1, "endDate": "2018-03-31", "netIncome": -1154500155, "depreciation": 105545816, "changeToNetincome": 277501964, "changeToAccountReceivables": 279283206, "changeToLiabilities": -218675088, "changeToInventory": 315449110, "changeToOperatingActivities": 462630894, "totalCashFromOperatingActivities": 67453010, "capitalExpenditures": -1922852, "investments": 375000, "otherCashflowsFromInvestingActivities": 11386058, "totalCashflowsFromInvestingActivities": 10848691, "netBorrowings": 18425860, "otherCashflowsFromFinancingActivities": -87732525, "totalCashFromFinancingActivities": -69306665, "changeInCash": 8995036}, {"maxAge": 1, "endDate": "2017-03-31", "netIncome": -3092391623, "depreciation": 138872731, "changeToNetincome": 2762575479, "changeToAccountReceivables": -23042524, "changeToLiabilities": 433754566, "changeToInventory": -47939837, "changeToOperatingActivities": 86644895, "totalCashFromOperatingActivities": 258473687, "capitalExpenditures": -13122015, "investments": -92340, "otherCashflowsFromInvestingActivities": 10025118, "totalCashflowsFromInvestingActivities": 5148065, "netBorrowings": -148330096, "otherCashflowsFromFinancingActivities": -125202343, "totalCashFromFinancingActivities": -273532439, "changeInCash": -9910688}, {"maxAge": 1, "endDate": "2016-03-31", "netIncome": -1047721358, "depreciation": 147123842, "changeToNetincome": 857596575, "changeToAccountReceivables": -118387365, "changeToLiabilities": -7863353, "changeToInventory": 182330828, "changeToOperatingActivities": 64264028, "totalCashFromOperatingActivities": 77343197, "capitalExpenditures": -18486599, "investments": -92340, "otherCashflowsFromInvestingActivities": 13163592, "totalCashflowsFromInvestingActivities": -4748787, "netBorrowings": 432673528, "otherCashflowsFromFinancingActivities": -502571934, "totalCashFromFinancingActivities": -69898406, "effectOfExchangeRate": 6813996, "changeInCash": 9510000}], "maxAge": 86400}, "indexTrend": {"maxAge": 1, "symbol": "SP5", "peRatio": 19.7411, "pegRatio": 1.34172, "estimates": [{"period": "0q", "growth": 0.549}, {"period": "+1q", "growth": 0.431}, {"period": "0y", "growth": 0.305}, {"period": "+1y", "growth": 0.109}, {"period": "+5y", "growth": 0.120865}, {"period": "-5y"}]}, "defaultKeyStatistics": {"maxAge": 1, "priceHint": 4, "enterpriseValue": 9665444864, "profitMargins": -0.43962002, "floatShares": 39564345, "sharesOutstanding": 89772000, "heldPercentInsiders": 0.6024, "heldPercentInstitutions": 0.0, "beta": 1.089995, "category": null, "bookValue": -99.772, "fundFamily": null, "legalType": null, "lastFiscalYearEnd": "2019-03-31 05:30:00", "nextFiscalYearEnd": "2021-03-31 05:30:00", "mostRecentQuarter": "2019-09-30 05:30:00", "netIncomeToCommon": -478979488, "trailingEps": -5.332, "lastSplitFactor": "1:2", "lastSplitDate": "2005-07-06 05:30:00", "enterpriseToRevenue": 8.871, "enterpriseToEbitda": -13.369}, "industryTrend": {"maxAge": 1, "symbol": null, "estimates": []}, "quoteType": {"exchange": "NSI", "quoteType": "EQUITY", "symbol": "SPENTEX.NS", "underlyingSymbol": "SPENTEX.NS", "shortName": "SPENTEX INDUSTRIES", "longName": "CLC Industries Limited", "firstTradeDateEpochUtc": "2004-05-25 09:15:00", "timeZoneFullName": "Asia/Kolkata", "timeZoneShortName": "IST", "uuid": "2e133564-52fb-3fa6-a304-60be75fa4eb3", "gmtOffSetMilliseconds": 19800000, "maxAge": 1}, "incomeStatementHistory": {"incomeStatementHistory": [{"maxAge": 1, "endDate": "2019-03-31", "totalRevenue": 2451694667, "costOfRevenue": 1540015500, "grossProfit": 911679167, "researchDevelopment": {}, "sellingGeneralAdministrative": 649580397, "nonRecurring": {}, "otherOperatingExpenses": 800296343, "totalOperatingExpenses": 3103169435, "operatingIncome": -651474768, "totalOtherIncomeExpenseNet": 287743277, "ebit": -651474768, "interestExpense": -215829055, "incomeBeforeTax": -363731491, "incomeTaxExpense": 0, "minorityInterest": {}, "netIncomeFromContinuingOps": -363731491, "discontinuedOperations": {}, "extraordinaryItems": {}, "effectOfAccountingCharges": {}, "otherItems": {}, "netIncome": -363731491, "netIncomeApplicableToCommonShares": -363731491}, {"maxAge": 1, "endDate": "2018-03-31", "totalRevenue": 4802950206, "costOfRevenue": 3430415866, "grossProfit": 1372534340, "researchDevelopment": {}, "sellingGeneralAdministrative": 741989564, "nonRecurring": {}, "otherOperatingExpenses": 977316412, "totalOperatingExpenses": 5282604109, "operatingIncome": -479653903, "totalOtherIncomeExpenseNet": -679259166, "ebit": -479653903, "interestExpense": -205447109, "incomeBeforeTax": -1158913069, "incomeTaxExpense": -4412914, "minorityInterest": {}, "netIncomeFromContinuingOps": -1154500155, "discontinuedOperations": {}, "extraordinaryItems": {}, "effectOfAccountingCharges": {}, "otherItems": {}, "netIncome": -1154500155, "netIncomeApplicableToCommonShares": -1154500155}, {"maxAge": 1, "endDate": "2017-03-31", "totalRevenue": 7806774880, "costOfRevenue": 5681239431, "grossProfit": 2125535449, "researchDevelopment": {}, "sellingGeneralAdministrative": 980212141, "nonRecurring": {}, "otherOperatingExpenses": 1722381690, "totalOperatingExpenses": 8650633757, "operatingIncome": -843858877, "totalOtherIncomeExpenseNet": -2248532746, "ebit": -843858877, "interestExpense": -612750675, "incomeBeforeTax": -3092391623, "incomeTaxExpense": 0, "minorityInterest": {}, "netIncomeFromContinuingOps": -3092391623, "discontinuedOperations": {}, "extraordinaryItems": {}, "effectOfAccountingCharges": {}, "otherItems": {}, "netIncome": -3092391623, "netIncomeApplicableToCommonShares": -3092391623}, {"maxAge": 1, "endDate": "2016-03-31", "totalRevenue": 7990721581, "costOfRevenue": 5489781817, "grossProfit": 2500939764, "researchDevelopment": {}, "sellingGeneralAdministrative": 903533857, "nonRecurring": {}, "otherOperatingExpenses": 1672474216, "totalOperatingExpenses": 8240930311, "operatingIncome": -250208730, "totalOtherIncomeExpenseNet": -797512628, "ebit": -250208730, "interestExpense": -837582119, "incomeBeforeTax": -1047721358, "incomeTaxExpense": 0, "minorityInterest": {}, "netIncomeFromContinuingOps": -1047721358, "discontinuedOperations": {}, "extraordinaryItems": {}, "effectOfAccountingCharges": {}, "otherItems": {}, "netIncome": -1047721358, "netIncomeApplicableToCommonShares": -1047721358}], "maxAge": 86400}, "fundOwnership": {"ownershipList": [], "maxAge": 1}, "summaryDetail": {"maxAge": 1, "priceHint": 4, "previousClose": 0.7, "open": 0.7, "dayLow": 0.7, "dayHigh": 0.75, "regularMarketPreviousClose": 0.7, "regularMarketOpen": 0.7, "regularMarketDayLow": 0.7, "regularMarketDayHigh": 0.75, "payoutRatio": 0.0, "beta": 1.089995, "volume": 20350, "regularMarketVolume": 20350, "averageVolume": 28826, "averageVolume10days": 10509, "averageDailyVolume10Day": 10509, "bid": 0.0, "ask": 0.0, "bidSize": 0, "askSize": 0, "marketCap": 65533580, "fiftyTwoWeekLow": 0.2, "fiftyTwoWeekHigh": 1.35, "priceToSalesTrailing12Months": 0.060147844, "fiftyDayAverage": 0.780303, "twoHundredDayAverage": 0.75357145, "currency": "INR", "fromCurrency": null, "lastMarket": null, "algorithm": null, "tradeable": false}, "insiderHolders": {"holders": [{"maxAge": 1, "name": "CLC Technologies Pvt Ltd", "relation": "Promoter", "url": "", "transactionDescription": "Acquisition", "latestTransDate": "2013-04-12", "positionDirect": 18300000, "positionDirectDate": "2013-04-12"}, {"maxAge": 1, "name": "Choudhary (Ajay Kumar)", "relation": "Promoter", "url": "", "transactionDescription": "Sale", "latestTransDate": "2015-06-12", "positionDirect": 4460292, "positionDirectDate": "2015-06-12"}, {"maxAge": 1, "name": "Choudhary (Jyoti)", "relation": "Promoter", "url": "", "transactionDescription": "Sale", "latestTransDate": "2015-06-12", "positionDirect": 1771039, "positionDirectDate": "2015-06-12"}, {"maxAge": 1, "name": "Choudhary (Kapil)", "relation": "Promoter", "url": "", "transactionDescription": "Sale", "latestTransDate": "2015-06-12", "positionDirect": 5228530, "positionDirectDate": "2015-06-12"}, {"maxAge": 1, "name": "Choudhary (Mukund)", "relation": "Promoter", "url": "", "transactionDescription": "Sale", "latestTransDate": "2015-06-12", "positionDirect": 5273083, "positionDirectDate": "2015-06-12"}, {"maxAge": 1, "name": "Choudhary (Ritu)", "relation": "Promoter", "url": "", "transactionDescription": "Sale", "latestTransDate": "2015-06-12", "positionDirect": 1561188, "positionDirectDate": "2015-06-12"}], "maxAge": 1}, "calendarEvents": {"maxAge": 1, "earnings": {"earningsDate": []}}, "upgradeDowngradeHistory": {"history": [], "maxAge": 86400}, "price": {"maxAge": 1, "regularMarketChangePercent": 0.0, "regularMarketChange": 0.0, "regularMarketTime": "2021-04-30 14:57:29", "priceHint": 4, "regularMarketPrice": 0.7, "regularMarketDayHigh": 0.75, "regularMarketDayLow": 0.7, "regularMarketVolume": 20350, "averageDailyVolume10Day": 10509, "averageDailyVolume3Month": 28826, "regularMarketPreviousClose": 0.7, "regularMarketSource": "FREE_REALTIME", "regularMarketOpen": 0.7, "exchange": "NSI", "exchangeName": "NSE", "exchangeDataDelayedBy": 15, "marketState": "CLOSED", "quoteType": "EQUITY", "symbol": "SPENTEX.NS", "underlyingSymbol": null, "shortName": "SPENTEX INDUSTRIES", "longName": "CLC Industries Limited", "currency": "INR", "quoteSourceName": "Delayed Quote", "currencySymbol": "\u20b9", "fromCurrency": null, "lastMarket": null, "marketCap": 65533580}, "balanceSheetHistory": {"balanceSheetStatements": [{"maxAge": 1, "endDate": "2019-03-31", "cash": 10575958, "shortTermInvestments": 692300, "netReceivables": 207382581, "inventory": 55090061, "otherCurrentAssets": 572486882, "totalCurrentAssets": 847586932, "longTermInvestments": 49407, "propertyPlantEquipment": 1528768102, "otherAssets": 64898062, "totalAssets": 2441302503, "accountsPayable": 602075849, "shortLongTermDebt": 5079963800, "otherCurrentLiab": 660853009, "otherLiab": 135122665, "totalCurrentLiabilities": 10851320909, "totalLiab": 10986443574, "commonStock": 897720350, "retainedEarnings": -11494927537, "treasuryStock": 1023792294, "capitalSurplus": 1028273822, "otherStockholderEquity": 1023792294, "totalStockholderEquity": -8545141071, "netTangibleAssets": -8545141071}, {"maxAge": 1, "endDate": "2018-03-31", "cash": 19735978, "shortTermInvestments": 712300, "netReceivables": 245308741, "inventory": 235544029, "otherCurrentAssets": 281347205, "totalCurrentAssets": 792487514, "longTermInvestments": 51394, "propertyPlantEquipment": 1627567153, "otherAssets": 115609898, "totalAssets": 2535715959, "accountsPayable": 624016121, "shortLongTermDebt": 4577195510, "otherCurrentLiab": 498155706, "longTermDebt": 311700000, "otherLiab": 133407554, "totalCurrentLiabilities": 9964989021, "totalLiab": 10410096575, "commonStock": 897720350, "retainedEarnings": -11272071853, "treasuryStock": 1471697065, "capitalSurplus": 1028273822, "otherStockholderEquity": 1471697065, "totalStockholderEquity": -7874380616, "netTangibleAssets": -7874380616}, {"maxAge": 1, "endDate": "2017-03-31", "cash": 10740942, "netReceivables": 426787453, "inventory": 553880527, "otherCurrentAssets": 126826959, "totalCurrentAssets": 1128607932, "longTermInvestments": 199014310, "propertyPlantEquipment": 2082958672, "otherAssets": 756923126, "deferredLongTermAssetCharges": 17600000, "totalAssets": 4167504040, "accountsPayable": 1195883692, "shortLongTermDebt": 124437930, "otherCurrentLiab": 3218971458, "longTermDebt": 354100000, "otherLiab": 107628191, "totalCurrentLiabilities": 10604365768, "totalLiab": 11066093959, "commonStock": 897720350, "retainedEarnings": -10287453467, "treasuryStock": 490044376, "capitalSurplus": 1028273822, "otherStockholderEquity": 490044376, "totalStockholderEquity": -7871414919, "netTangibleAssets": -7871414919}, {"maxAge": 1, "endDate": "2016-03-31", "cash": 52819405, "netReceivables": 641545990, "inventory": 455075205, "otherCurrentAssets": 546767979, "totalCurrentAssets": 1703905901, "longTermInvestments": 2599932139, "propertyPlantEquipment": 2217954836, "otherAssets": 889565215, "totalAssets": 7411358091, "accountsPayable": 872249881, "shortLongTermDebt": 4437949335, "otherCurrentLiab": 437818794, "longTermDebt": 1069155219, "otherLiab": 99023923, "deferredLongTermLiab": 4865135, "totalCurrentLiabilities": 10107781021, "totalLiab": 11275960163, "commonStock": 897720350, "retainedEarnings": -7519311709, "treasuryStock": 734965465, "capitalSurplus": 1028273822, "otherStockholderEquity": 734965465, "totalStockholderEquity": -4858352072, "netTangibleAssets": -4858352072}], "maxAge": 86400}, "earningsTrend": {"trend": [{"maxAge": 1, "period": "0q", "endDate": null, "growth": {}, "earningsEstimate": {"avg": 0.0, "low": 0.0, "high": 0.0, "yearAgoEps": {}, "numberOfAnalysts": 0, "growth": {}}, "revenueEstimate": {"avg": 0, "low": 0, "high": 0, "numberOfAnalysts": 0, "yearAgoRevenue": {}, "growth": {}}, "epsTrend": {"current": 0.0, "7daysAgo": 0.0, "30daysAgo": 0.0, "60daysAgo": 0.0, "90daysAgo": 0.0}, "epsRevisions": {"upLast7days": 0, "upLast30days": 0, "downLast30days": 0, "downLast90days": {}}}, {"maxAge": 1, "period": "+1q", "endDate": null, "growth": {}, "earningsEstimate": {"avg": 0.0, "low": 0.0, "high": 0.0, "yearAgoEps": {}, "numberOfAnalysts": 0, "growth": {}}, "revenueEstimate": {"avg": 0, "low": 0, "high": 0, "numberOfAnalysts": 0, "yearAgoRevenue": {}, "growth": {}}, "epsTrend": {"current": 0.0, "7daysAgo": 0.0, "30daysAgo": 0.0, "60daysAgo": 0.0, "90daysAgo": 0.0}, "epsRevisions": {"upLast7days": 0, "upLast30days": 0, "downLast30days": 0, "downLast90days": {}}}, {"maxAge": 1, "period": "0y", "endDate": null, "growth": {}, "earningsEstimate": {"avg": 0.0, "low": 0.0, "high": 0.0, "yearAgoEps": {}, "numberOfAnalysts": 0, "growth": {}}, "revenueEstimate": {"avg": 0, "low": 0, "high": 0, "numberOfAnalysts": 0, "yearAgoRevenue": {}, "growth": {}}, "epsTrend": {"current": 0.0, "7daysAgo": 0.0, "30daysAgo": 0.0, "60daysAgo": 0.0, "90daysAgo": 0.0}, "epsRevisions": {"upLast7days": 0, "upLast30days": 0, "downLast30days": 0, "downLast90days": {}}}, {"maxAge": 1, "period": "+1y", "endDate": null, "growth": {}, "earningsEstimate": {"avg": 0.0, "low": 0.0, "high": 0.0, "yearAgoEps": {}, "numberOfAnalysts": 0, "growth": {}}, "revenueEstimate": {"avg": 0, "low": 0, "high": 0, "numberOfAnalysts": 0, "yearAgoRevenue": {}, "growth": {}}, "epsTrend": {"current": 0.0, "7daysAgo": 0.0, "30daysAgo": 0.0, "60daysAgo": 0.0, "90daysAgo": 0.0}, "epsRevisions": {"upLast7days": 0, "upLast30days": 0, "downLast30days": 0, "downLast90days": {}}}, {"maxAge": 1, "period": "+5y", "endDate": null, "growth": {}, "earningsEstimate": {"avg": {}, "low": {}, "high": {}, "yearAgoEps": {}, "numberOfAnalysts": {}, "growth": {}}, "revenueEstimate": {"avg": {}, "low": {}, "high": {}, "numberOfAnalysts": {}, "yearAgoRevenue": {}, "growth": {}}, "epsTrend": {"current": {}, "7daysAgo": {}, "30daysAgo": {}, "60daysAgo": {}, "90daysAgo": {}}, "epsRevisions": {"upLast7days": {}, "upLast30days": {}, "downLast30days": {}, "downLast90days": {}}}, {"maxAge": 1, "period": "-5y", "endDate": null, "growth": {}, "earningsEstimate": {"avg": {}, "low": {}, "high": {}, "yearAgoEps": {}, "numberOfAnalysts": {}, "growth": {}}, "revenueEstimate": {"avg": {}, "low": {}, "high": {}, "numberOfAnalysts": {}, "yearAgoRevenue": {}, "growth": {}}, "epsTrend": {"current": {}, "7daysAgo": {}, "30daysAgo": {}, "60daysAgo": {}, "90daysAgo": {}}, "epsRevisions": {"upLast7days": {}, "upLast30days": {}, "downLast30days": {}, "downLast90days": {}}}], "maxAge": 1}, "institutionOwnership": {"ownershipList": [], "maxAge": 1}, "majorHoldersBreakdown": {"maxAge": 1, "insidersPercentHeld": 0.6024, "institutionsPercentHeld": 0.0, "institutionsFloatPercentHeld": 0.0, "institutionsCount": 0}, "balanceSheetHistoryQuarterly": {"balanceSheetStatements": [{"maxAge": 1, "endDate": "2019-09-30", "cash": 7089000, "shortTermInvestments": 481976000, "netReceivables": 111016000, "inventory": 47408000, "otherCurrentAssets": 106838000, "totalCurrentAssets": 754327000, "longTermInvestments": 45000, "propertyPlantEquipment": 1481843000, "otherAssets": 60831000, "totalAssets": 2297046000, "accountsPayable": 520103000, "shortLongTermDebt": 6952533000, "otherCurrentLiab": 417417000, "otherLiab": 147366000, "totalCurrentLiabilities": 11126796000, "totalLiab": 11274162000, "commonStock": 89772000, "treasuryStock": -9066888000, "otherStockholderEquity": -9066888000, "totalStockholderEquity": -8977116000, "netTangibleAssets": -8977116000}, {"maxAge": 1, "endDate": "2019-06-30", "totalStockholderEquity": -8545146000, "netTangibleAssets": -8545146000}, {"maxAge": 1, "endDate": "2018-09-30"}, {"maxAge": 1, "endDate": "2018-06-30"}], "maxAge": 86400}, "earningsHistory": {"history": [{"maxAge": 1, "epsActual": {}, "epsEstimate": {}, "epsDifference": {}, "surprisePercent": {}, "quarter": {}, "period": "-4q"}, {"maxAge": 1, "epsActual": {}, "epsEstimate": {}, "epsDifference": {}, "surprisePercent": {}, "quarter": {}, "period": "-3q"}, {"maxAge": 1, "epsActual": {}, "epsEstimate": {}, "epsDifference": {}, "surprisePercent": {}, "quarter": {}, "period": "-2q"}, {"maxAge": 1, "epsActual": {}, "epsEstimate": {}, "epsDifference": {}, "surprisePercent": {}, "quarter": {}, "period": "-1q"}], "maxAge": 86400}, "summaryProfile": {"address1": "A-60, Okhla Industrial Area", "address2": "Phase-II", "city": "New Delhi", "zip": "110020", "country": "India", "phone": "91 11 2638 7738", "fax": "91 11 2638 5181", "website": "http://www.clcindia.com", "industry": "Textile Manufacturing", "sector": "Consumer Cyclical", "longBusinessSummary": "CLC Industries Limited, a textile company, manufactures and trades in synthetic and cotton yarns in India and internationally. It offers hosiery, weaving, carpet, and industrial yarns; sewing threads; and flat knitting products for use in home textiles and garments industry applications. The company was formerly known as Spentex Industries Limited and changed its name to CLC Industries Limited in July 2018. CLC Industries Limited was incorporated in 1991 and is based in New Delhi, India.", "companyOfficers": [], "maxAge": 86400}, "netSharePurchaseActivity": {"maxAge": 1, "period": "6m", "buyInfoCount": 0, "buyInfoShares": 0, "sellInfoCount": 0, "netInfoCount": 0, "netInfoShares": 0, "netPercentInsiderShares": 0.0, "totalInsiderShares": 54201676}, "insiderTransactions": {"transactions": [{"maxAge": 1, "shares": 3262863, "filerUrl": "", "transactionText": "", "filerName": "Choudhary (Mukund)", "filerRelation": "Promoter", "moneyText": "", "startDate": "2015-06-12", "ownership": "D"}, {"maxAge": 1, "shares": 3246339, "filerUrl": "", "transactionText": "", "filerName": "Choudhary (Kapil)", "filerRelation": "Promoter", "moneyText": "", "startDate": "2015-06-12", "ownership": "D"}, {"maxAge": 1, "shares": 1209186, "filerUrl": "", "transactionText": "", "filerName": "Choudhary (Ritu)", "filerRelation": "Promoter", "moneyText": "", "startDate": "2015-06-12", "ownership": "D"}, {"maxAge": 1, "shares": 1209186, "filerUrl": "", "transactionText": "", "filerName": "Choudhary (Jyoti)", "filerRelation": "Promoter", "moneyText": "", "startDate": "2015-06-12", "ownership": "D"}, {"maxAge": 1, "shares": 3605760, "filerUrl": "", "transactionText": "", "filerName": "Choudhary (Ajay Kumar)", "filerRelation": "Promoter", "moneyText": "", "startDate": "2015-06-12", "ownership": "D"}, {"maxAge": 1, "shares": 1400000, "filerUrl": "", "transactionText": "", "filerName": "CLC Technologies Pvt Ltd", "filerRelation": "Promoter", "moneyText": "", "startDate": "2013-04-12", "ownership": "D"}, {"maxAge": 1, "shares": 5100000, "filerUrl": "", "transactionText": "", "filerName": "CLC Technologies Pvt Ltd", "filerRelation": "Promoter", "moneyText": "", "startDate": "2012-10-08", "ownership": "D"}, {"maxAge": 1, "shares": 1950000, "filerUrl": "", "transactionText": "", "filerName": "CLC Technologies Pvt Ltd", "filerRelation": "Promoter", "moneyText": "", "startDate": "2011-05-12", "ownership": "D"}, {"maxAge": 1, "shares": 3747000, "filerUrl": "", "transactionText": "", "filerName": "CLC Technologies Pvt Ltd", "filerRelation": "Promoter", "moneyText": "", "startDate": "2011-03-31", "ownership": "D"}, {"maxAge": 1, "shares": 3842000, "filerUrl": "", "transactionText": "", "filerName": "CLC Technologies Pvt Ltd", "filerRelation": "Promoter", "moneyText": "", "startDate": "2010-08-13", "ownership": "D"}, {"maxAge": 1, "shares": 2261000, "filerUrl": "", "transactionText": "", "filerName": "CLC Technologies Pvt Ltd", "filerRelation": "Promoter", "moneyText": "", "startDate": "2010-03-31", "ownership": "D"}], "maxAge": 1}, "sectorTrend": {"maxAge": 1, "symbol": null, "estimates": []}, "incomeStatementHistoryQuarterly": {"incomeStatementHistory": [{"maxAge": 1, "endDate": "2019-09-30", "totalRevenue": 116955000, "costOfRevenue": 4198000, "grossProfit": 112757000, "researchDevelopment": {}, "sellingGeneralAdministrative": 133587000, "nonRecurring": {}, "otherOperatingExpenses": 134747000, "totalOperatingExpenses": 297231000, "operatingIncome": -180276000, "totalOtherIncomeExpenseNet": 51610000, "ebit": -180276000, "interestExpense": -12799000, "incomeBeforeTax": -128666000, "incomeTaxExpense": 0, "minorityInterest": {}, "netIncomeFromContinuingOps": -128666000, "discontinuedOperations": {}, "extraordinaryItems": {}, "effectOfAccountingCharges": {}, "otherItems": {}, "netIncome": -128666000, "netIncomeApplicableToCommonShares": -128666000}, {"maxAge": 1, "endDate": "2019-06-30", "totalRevenue": 127470000, "costOfRevenue": 26504000, "grossProfit": 100966000, "researchDevelopment": {}, "sellingGeneralAdministrative": 125050000, "nonRecurring": {}, "otherOperatingExpenses": 115467000, "totalOperatingExpenses": 291690000, "operatingIncome": -164220000, "totalOtherIncomeExpenseNet": -21449000, "ebit": -164220000, "interestExpense": -57525000, "incomeBeforeTax": -185669000, "incomeTaxExpense": 0, "minorityInterest": {}, "netIncomeFromContinuingOps": -185669000, "discontinuedOperations": {}, "extraordinaryItems": {}, "effectOfAccountingCharges": {}, "otherItems": {}, "netIncome": -185669000, "netIncomeApplicableToCommonShares": -185669000}, {"maxAge": 1, "endDate": "2018-09-30", "totalRevenue": 687585000, "costOfRevenue": 474385000, "grossProfit": 213200000, "researchDevelopment": {}, "sellingGeneralAdministrative": 157740000, "nonRecurring": {}, "otherOperatingExpenses": 192830000, "totalOperatingExpenses": 850682000, "operatingIncome": -163097000, "totalOtherIncomeExpenseNet": 19319000, "ebit": -163097000, "interestExpense": -62347000, "incomeBeforeTax": -143778000, "incomeTaxExpense": 0, "minorityInterest": {}, "netIncomeFromContinuingOps": -143778000, "discontinuedOperations": {}, "extraordinaryItems": {}, "effectOfAccountingCharges": {}, "otherItems": {}, "netIncome": -143778000, "netIncomeApplicableToCommonShares": -143778000}, {"maxAge": 1, "endDate": "2018-06-30", "totalRevenue": 918993000, "costOfRevenue": 634505000, "grossProfit": 284488000, "researchDevelopment": {}, "sellingGeneralAdministrative": 161918000, "nonRecurring": {}, "otherOperatingExpenses": 109953000, "totalOperatingExpenses": 931537000, "operatingIncome": -12544000, "totalOtherIncomeExpenseNet": -42764000, "ebit": -12544000, "interestExpense": -59325000, "incomeBeforeTax": -55308000, "incomeTaxExpense": 0, "minorityInterest": {}, "netIncomeFromContinuingOps": -55308000, "discontinuedOperations": {}, "extraordinaryItems": {}, "effectOfAccountingCharges": {}, "otherItems": {}, "netIncome": -55308000, "netIncomeApplicableToCommonShares": -55308000}], "maxAge": 86400}, "cashflowStatementHistoryQuarterly": {"cashflowStatements": [{"maxAge": 1, "endDate": "2019-09-30", "netIncome": -128666000, "changeToLiabilities": 0}, {"maxAge": 1, "endDate": "2019-06-30", "netIncome": -185669000, "changeToLiabilities": 0}, {"maxAge": 1, "endDate": "2018-09-30", "netIncome": -143778000, "changeToLiabilities": 0}, {"maxAge": 1, "endDate": "2018-06-30", "netIncome": -55308000, "changeToLiabilities": 0}], "maxAge": 86400}, "earnings": {"maxAge": 86400, "earningsChart": {"quarterly": [], "earningsDate": []}, "financialsChart": {"yearly": [{"date": 2016, "revenue": 7990721581, "earnings": -1047721358}, {"date": 2017, "revenue": 7806774880, "earnings": -3092391623}, {"date": 2018, "revenue": 4802950206, "earnings": -1154500155}, {"date": 2019, "revenue": 2451694667, "earnings": -363731491}], "quarterly": [{"date": "2Q2018", "revenue": 918993000, "earnings": -55308000}, {"date": "3Q2018", "revenue": 687585000, "earnings": -143778000}, {"date": "2Q2019", "revenue": 127470000, "earnings": -185669000}, {"date": "3Q2019", "revenue": 116955000, "earnings": -128666000}]}, "financialCurrency": "INR"}, "financialData": {"maxAge": 86400, "currentPrice": 0.7, "recommendationKey": "none", "totalCash": 489064992, "totalCashPerShare": 5.435, "ebitda": -722965248, "totalDebt": 10091527168, "quickRatio": 0.053, "currentRatio": 0.068, "totalRevenue": 1089541632, "revenuePerShare": 12.128, "grossProfits": 911679167, "revenueGrowth": -0.83, "grossMargins": 0.57613, "ebitdaMargins": -0.66355, "operatingMargins": -0.75291, "profitMargins": -0.43962002, "financialCurrency": "INR"}}}