{"SPENTA.BO": {"recommendationTrend": {"trend": [{"period": "0m", "strongBuy": 0, "buy": 0, "hold": 0, "sell": 0, "strongSell": 0}, {"period": "-1m", "strongBuy": 0, "buy": 0, "hold": 0, "sell": 0, "strongSell": 0}, {"period": "-2m", "strongBuy": 0, "buy": 0, "hold": 0, "sell": 0, "strongSell": 0}, {"period": "-3m", "strongBuy": 0, "buy": 0, "hold": 0, "sell": 0, "strongSell": 0}], "maxAge": 86400}, "cashflowStatementHistory": {"cashflowStatements": [{"maxAge": 1, "endDate": "2020-03-31", "netIncome": 11916860, "depreciation": 11440633, "changeToNetincome": 12260000, "changeToAccountReceivables": 33407677, "changeToLiabilities": -9029645, "changeToInventory": -2613274, "changeToOperatingActivities": -12304446, "totalCashFromOperatingActivities": 45077805, "capitalExpenditures": -20113933, "investments": -1552782, "otherCashflowsFromInvestingActivities": 3809304, "totalCashflowsFromInvestingActivities": -10173847, "dividendsPaid": -4990617, "netBorrowings": -12376887, "otherCashflowsFromFinancingActivities": -16925894, "totalCashFromFinancingActivities": -34293398, "changeInCash": 610560}, {"maxAge": 1, "endDate": "2019-03-31", "netIncome": 22557964, "depreciation": 11657654, "changeToNetincome": 18865914, "changeToAccountReceivables": -34119385, "changeToLiabilities": 5736617, "changeToInventory": -2582591, "changeToOperatingActivities": -849228, "totalCashFromOperatingActivities": 21266945, "capitalExpenditures": -12207565, "investments": -1576067, "otherCashflowsFromInvestingActivities": 3412153, "totalCashflowsFromInvestingActivities": -455344, "dividendsPaid": -4990617, "netBorrowings": 5192445, "otherCashflowsFromFinancingActivities": -19980566, "totalCashFromFinancingActivities": -19778738, "changeInCash": 1032864}, {"maxAge": 1, "endDate": "2018-03-31", "netIncome": 18433023, "depreciation": 13142077, "changeToNetincome": 13510110, "changeToAccountReceivables": -47255250, "changeToLiabilities": 17932442, "changeToInventory": -12564120, "changeToOperatingActivities": 1802572, "totalCashFromOperatingActivities": 5040574, "capitalExpenditures": -99513710, "investments": 26195204, "otherCashflowsFromInvestingActivities": 3658429, "totalCashflowsFromInvestingActivities": -68724906, "dividendsPaid": -4325201, "netBorrowings": 83309804, "otherCashflowsFromFinancingActivities": -15910570, "totalCashFromFinancingActivities": 63074033, "changeInCash": -610299}, {"maxAge": 1, "endDate": "2017-03-31", "netIncome": 16904337, "depreciation": 9461644, "changeToNetincome": 8179982, "changeToAccountReceivables": 12799256, "changeToLiabilities": -4286909, "changeToInventory": -15836897, "changeToOperatingActivities": -2838568, "totalCashFromOperatingActivities": 24435817, "capitalExpenditures": -12202391, "investments": -9956183, "otherCashflowsFromInvestingActivities": 5125877, "totalCashflowsFromInvestingActivities": -19071682, "dividendsPaid": -3992493, "netBorrowings": 10616725, "otherCashflowsFromFinancingActivities": -13967402, "totalCashFromFinancingActivities": -7343170, "changeInCash": -1979034}], "maxAge": 86400}, "institutionOwnership": {"ownershipList": [], "maxAge": 1}, "balanceSheetHistoryQuarterly": {"balanceSheetStatements": [{"maxAge": 1, "endDate": "2020-06-30", "totalStockholderEquity": 261606665, "netTangibleAssets": 261606665}, {"maxAge": 1, "endDate": "2020-03-31", "cash": 3441720, "shortTermInvestments": 46488807, "netReceivables": 117892196, "inventory": 88293830, "otherCurrentAssets": 11588055, "totalCurrentAssets": 269633468, "propertyPlantEquipment": 183674698, "otherAssets": 22429400, "deferredLongTermAssetCharges": 710414, "totalAssets": 475737566, "accountsPayable": 29576158, "otherCurrentLiab": 13317893, "longTermDebt": 51684309, "otherLiab": 10151013, "totalCurrentLiabilities": 152295579, "totalLiab": 214130901, "commonStock": 27643260, "retainedEarnings": 235265960, "treasuryStock": -1302555, "otherStockholderEquity": -1302555, "totalStockholderEquity": 261606665, "netTangibleAssets": 261606665}, {"maxAge": 1, "endDate": "2019-12-31", "totalStockholderEquity": 265315000, "netTangibleAssets": 265315000}, {"maxAge": 1, "endDate": "2019-09-30", "cash": 44752000, "shortTermInvestments": 11768000, "netReceivables": 145751000, "inventory": 92405000, "otherCurrentAssets": 14034000, "totalCurrentAssets": 308710000, "propertyPlantEquipment": 169689000, "otherAssets": 30567000, "deferredLongTermAssetCharges": 1007000, "totalAssets": 508966000, "accountsPayable": 45670000, "otherCurrentLiab": 14435000, "longTermDebt": 70106000, "otherLiab": 8758000, "totalCurrentLiabilities": 164787000, "totalLiab": 243651000, "commonStock": 27643000, "treasuryStock": 237672000, "otherStockholderEquity": 237672000, "totalStockholderEquity": 265315000, "netTangibleAssets": 265315000}], "maxAge": 86400}, "earningsHistory": {"history": [{"maxAge": 1, "epsActual": {}, "epsEstimate": {}, "epsDifference": {}, "surprisePercent": {}, "quarter": {}, "period": "-4q"}, {"maxAge": 1, "epsActual": {}, "epsEstimate": {}, "epsDifference": {}, "surprisePercent": {}, "quarter": {}, "period": "-3q"}, {"maxAge": 1, "epsActual": 1.48, "epsEstimate": 2.84, "epsDifference": -1.36, "surprisePercent": -0.479, "quarter": "2015-09-30", "period": "-2q"}, {"maxAge": 1, "epsActual": 0.72, "epsEstimate": 2.9, "epsDifference": -2.18, "surprisePercent": -0.752, "quarter": "2016-12-31", "period": "-1q"}], "maxAge": 86400}, "indexTrend": {"maxAge": 1, "symbol": "SP5", "peRatio": 19.7411, "pegRatio": 1.34172, "estimates": [{"period": "0q", "growth": 0.549}, {"period": "+1q", "growth": 0.431}, {"period": "0y", "growth": 0.305}, {"period": "+1y", "growth": 0.109}, {"period": "+5y", "growth": 0.120859005}, {"period": "-5y"}]}, "industryTrend": {"maxAge": 1, "symbol": null, "estimates": []}, "insiderTransactions": {"transactions": [{"maxAge": 1, "shares": 5000, "filerUrl": "", "transactionText": "", "filerName": "Gadodia (Sanjay S)", "filerRelation": "Chairman of the Board", "moneyText": "", "startDate": "2015-09-14", "ownership": "D"}, {"maxAge": 1, "shares": 35138, "filerUrl": "", "transactionText": "", "filerName": "Gadodia (Sanjay S)", "filerRelation": "Chairman of the Board", "moneyText": "", "startDate": "2015-09-04", "ownership": "D"}, {"maxAge": 1, "shares": 25000, "filerUrl": "", "transactionText": "", "filerName": "Gadodia (Sanjay S)", "filerRelation": "Director", "moneyText": "", "startDate": "2015-09-01", "ownership": "D"}, {"maxAge": 1, "shares": 51226, "filerUrl": "", "transactionText": "", "filerName": "Gadodia (Sanjay S)", "filerRelation": "Director", "moneyText": "", "startDate": "2015-08-28", "ownership": "D"}, {"maxAge": 1, "shares": 40000, "filerUrl": "", "transactionText": "", "filerName": "Gadodia (Sanjay S)", "filerRelation": "Director", "moneyText": "", "startDate": "2015-05-12", "ownership": "D"}, {"maxAge": 1, "shares": 37861, "filerUrl": "", "transactionText": "", "filerName": "Hansotia (Danny F)", "filerRelation": "Managing Director", "moneyText": "", "startDate": "2015-05-12", "ownership": "D"}, {"maxAge": 1, "shares": 7707, "filerUrl": "", "transactionText": "", "filerName": "Agarwal (Manoj)", "filerRelation": "UNREPORTED", "moneyText": "", "startDate": "2014-11-12", "ownership": "D"}, {"maxAge": 1, "shares": 1987, "filerUrl": "", "transactionText": "", "filerName": "Hansotia (Danny F)", "filerRelation": "Managing Director", "moneyText": "", "startDate": "2010-06-04", "ownership": "D"}, {"maxAge": 1, "shares": 800, "filerUrl": "", "transactionText": "", "filerName": "Hansotia (Danny F)", "filerRelation": "Managing Director", "moneyText": "", "startDate": "2010-05-14", "ownership": "D"}, {"maxAge": 1, "shares": 1300, "filerUrl": "", "transactionText": "", "filerName": "Hansotia (Danny F)", "filerRelation": "Managing Director", "moneyText": "", "startDate": "2010-05-07", "ownership": "D"}, {"maxAge": 1, "shares": 552, "filerUrl": "", "transactionText": "", "filerName": "Hansotia (Danny F)", "filerRelation": "Managing Director", "moneyText": "", "startDate": "2010-03-26", "ownership": "D"}, {"maxAge": 1, "shares": 1595, "filerUrl": "", "transactionText": "", "filerName": "Hansotia (Danny F)", "filerRelation": "Managing Director", "moneyText": "", "startDate": "2010-03-19", "ownership": "D"}, {"maxAge": 1, "shares": 150, "filerUrl": "", "transactionText": "", "filerName": "Hansotia (Danny F)", "filerRelation": "Managing Director", "moneyText": "", "startDate": "2010-03-18", "ownership": "D"}], "maxAge": 1}, "quoteType": {"exchange": "BSE", "quoteType": "EQUITY", "symbol": "SPENTA.BO", "underlyingSymbol": "SPENTA.BO", "shortName": "SPENTA INTERNATIONAL LTD.", "longName": "Spenta International Limited", "firstTradeDateEpochUtc": "2000-11-16 09:15:00", "timeZoneFullName": "Asia/Kolkata", "timeZoneShortName": "IST", "uuid": "8771b650-14d4-3c55-a52d-ff433f95aad2", "gmtOffSetMilliseconds": 19800000, "maxAge": 1}, "incomeStatementHistory": {"incomeStatementHistory": [{"maxAge": 1, "endDate": "2020-03-31", "totalRevenue": 361210646, "costOfRevenue": 258436280, "grossProfit": 102774366, "researchDevelopment": {}, "sellingGeneralAdministrative": 35280571, "nonRecurring": {}, "otherOperatingExpenses": 26979369, "totalOperatingExpenses": 332136853, "operatingIncome": 29073793, "totalOtherIncomeExpenseNet": -12694702, "ebit": 29073793, "interestExpense": -16925895, "incomeBeforeTax": 16379091, "incomeTaxExpense": 4462231, "minorityInterest": {}, "netIncomeFromContinuingOps": 11916860, "discontinuedOperations": {}, "extraordinaryItems": {}, "effectOfAccountingCharges": {}, "otherItems": {}, "netIncome": 11916860, "netIncomeApplicableToCommonShares": 11916860}, {"maxAge": 1, "endDate": "2019-03-31", "totalRevenue": 442370826, "costOfRevenue": 315172919, "grossProfit": 127197907, "researchDevelopment": {}, "sellingGeneralAdministrative": 38999330, "nonRecurring": {}, "otherOperatingExpenses": 28163482, "totalOperatingExpenses": 393993385, "operatingIncome": 48377441, "totalOtherIncomeExpenseNet": -16284473, "ebit": 48377441, "interestExpense": -19980565, "incomeBeforeTax": 32092968, "incomeTaxExpense": 9535004, "minorityInterest": {}, "netIncomeFromContinuingOps": 22557964, "discontinuedOperations": {}, "extraordinaryItems": {}, "effectOfAccountingCharges": {}, "otherItems": {}, "netIncome": 22557964, "netIncomeApplicableToCommonShares": 22557964}, {"maxAge": 1, "endDate": "2018-03-31", "totalRevenue": 370090737, "costOfRevenue": 265014655, "grossProfit": 105076082, "researchDevelopment": {}, "sellingGeneralAdministrative": 28334916, "nonRecurring": {}, "otherOperatingExpenses": 26271635, "totalOperatingExpenses": 332803003, "operatingIncome": 37287734, "totalOtherIncomeExpenseNet": -11538160, "ebit": 37287734, "interestExpense": -15910570, "incomeBeforeTax": 25749574, "incomeTaxExpense": 7316551, "minorityInterest": {}, "netIncomeFromContinuingOps": 18433023, "discontinuedOperations": {}, "extraordinaryItems": {}, "effectOfAccountingCharges": {}, "otherItems": {}, "netIncome": 18433023, "netIncomeApplicableToCommonShares": 18433023}, {"maxAge": 1, "endDate": "2017-03-31", "totalRevenue": 357275361, "costOfRevenue": 262744333, "grossProfit": 94531028, "researchDevelopment": {}, "sellingGeneralAdministrative": 26182322, "nonRecurring": {}, "otherOperatingExpenses": 25791516, "totalOperatingExpenses": 324232787, "operatingIncome": 33042574, "totalOtherIncomeExpenseNet": -8109703, "ebit": 33042574, "interestExpense": -13967402, "incomeBeforeTax": 24932871, "incomeTaxExpense": 8028534, "minorityInterest": {}, "netIncomeFromContinuingOps": 16904337, "discontinuedOperations": {}, "extraordinaryItems": {}, "effectOfAccountingCharges": {}, "otherItems": {}, "netIncome": 16904337, "netIncomeApplicableToCommonShares": 16904337}], "maxAge": 86400}, "fundOwnership": {"ownershipList": [], "maxAge": 1}, "summaryDetail": {"maxAge": 1, "priceHint": 2, "previousClose": 41.7, "open": 44.95, "dayLow": 41.0, "dayHigh": 45.35, "regularMarketPreviousClose": 41.7, "regularMarketOpen": 44.95, "regularMarketDayLow": 41.0, "regularMarketDayHigh": 45.35, "forwardPE": 3.946102, "volume": 508, "regularMarketVolume": 508, "averageVolume": 209, "averageVolume10days": 37, "averageDailyVolume10Day": 37, "bid": 41.3, "ask": 44.0, "bidSize": 0, "askSize": 0, "marketCap": 127587904, "fiftyTwoWeekLow": 39.65, "fiftyTwoWeekHigh": 65.9, "fiftyDayAverage": 54.631817, "twoHundredDayAverage": 53.76825, "trailingAnnualDividendRate": 0.8, "trailingAnnualDividendYield": 0.019184653, "currency": "INR", "fromCurrency": null, "lastMarket": null, "algorithm": null, "tradeable": false}, "sectorTrend": {"maxAge": 1, "symbol": null, "estimates": []}, "incomeStatementHistoryQuarterly": {"incomeStatementHistory": [{"maxAge": 1, "endDate": "2020-06-30", "totalRevenue": 3490000, "costOfRevenue": 3802000, "grossProfit": -312000, "researchDevelopment": {}, "sellingGeneralAdministrative": 3522000, "nonRecurring": {}, "otherOperatingExpenses": 3586000, "totalOperatingExpenses": 13636000, "operatingIncome": -10146000, "totalOtherIncomeExpenseNet": -1981000, "ebit": -10146000, "interestExpense": -3406000, "incomeBeforeTax": -12127000, "incomeTaxExpense": 446000, "minorityInterest": {}, "netIncomeFromContinuingOps": -12573000, "discontinuedOperations": {}, "extraordinaryItems": {}, "effectOfAccountingCharges": {}, "otherItems": {}, "netIncome": -12573000, "netIncomeApplicableToCommonShares": -12573000}, {"maxAge": 1, "endDate": "2020-03-31", "totalRevenue": 71705646, "costOfRevenue": 50314280, "grossProfit": 21391366, "researchDevelopment": {}, "sellingGeneralAdministrative": 10205571, "nonRecurring": {}, "otherOperatingExpenses": 4575369, "totalOperatingExpenses": 67981853, "operatingIncome": 3723793, "totalOtherIncomeExpenseNet": -3572702, "ebit": 3723793, "interestExpense": -4170895, "incomeBeforeTax": 151091, "incomeTaxExpense": 850231, "minorityInterest": {}, "netIncomeFromContinuingOps": -699140, "discontinuedOperations": {}, "extraordinaryItems": {}, "effectOfAccountingCharges": {}, "otherItems": {}, "netIncome": -699140, "netIncomeApplicableToCommonShares": -699140}, {"maxAge": 1, "endDate": "2019-12-31", "totalRevenue": 80268000, "costOfRevenue": 56579000, "grossProfit": 23689000, "researchDevelopment": {}, "sellingGeneralAdministrative": 7783000, "nonRecurring": {}, "otherOperatingExpenses": 6268000, "totalOperatingExpenses": 73490000, "operatingIncome": 6778000, "totalOtherIncomeExpenseNet": -2978000, "ebit": 6778000, "interestExpense": -4205000, "incomeBeforeTax": 3800000, "incomeTaxExpense": 1554000, "minorityInterest": {}, "netIncomeFromContinuingOps": 2246000, "discontinuedOperations": {}, "extraordinaryItems": {}, "effectOfAccountingCharges": {}, "otherItems": {}, "netIncome": 2246000, "netIncomeApplicableToCommonShares": 2246000}, {"maxAge": 1, "endDate": "2019-09-30", "totalRevenue": 109045000, "costOfRevenue": 77958000, "grossProfit": 31087000, "researchDevelopment": {}, "sellingGeneralAdministrative": 8282000, "nonRecurring": {}, "otherOperatingExpenses": 9308000, "totalOperatingExpenses": 98236000, "operatingIncome": 10809000, "totalOtherIncomeExpenseNet": -3416000, "ebit": 10809000, "interestExpense": -4641000, "incomeBeforeTax": 7393000, "incomeTaxExpense": 1028000, "minorityInterest": {}, "netIncomeFromContinuingOps": 6365000, "discontinuedOperations": {}, "extraordinaryItems": {}, "effectOfAccountingCharges": {}, "otherItems": {}, "netIncome": 6365000, "netIncomeApplicableToCommonShares": 6365000}], "maxAge": 86400}, "cashflowStatementHistoryQuarterly": {"cashflowStatements": [{"maxAge": 1, "endDate": "2020-06-30", "netIncome": -12573000, "changeToLiabilities": 0}, {"maxAge": 1, "endDate": "2020-03-31", "netIncome": -699140, "changeToLiabilities": 0}, {"maxAge": 1, "endDate": "2019-12-31", "netIncome": 2246000, "changeToLiabilities": 0}, {"maxAge": 1, "endDate": "2019-09-30", "netIncome": 6365000, "changeToLiabilities": 0}], "maxAge": 86400}, "insiderHolders": {"holders": [{"maxAge": 1, "name": "Agarwal (Manoj)", "relation": "UNREPORTED", "url": "", "transactionDescription": "Sale", "latestTransDate": "2014-11-12", "positionDirect": 274683, "positionDirectDate": "2014-11-12"}, {"maxAge": 1, "name": "Gadodia (Sanjay S)", "relation": "Chairman of the Board", "url": "", "transactionDescription": "Acquisition", "latestTransDate": "2015-09-14", "positionDirect": 643133, "positionDirectDate": "2015-09-14"}, {"maxAge": 1, "name": "Hansotia (Danny F)", "relation": "Managing Director", "url": "", "transactionDescription": "Sale", "latestTransDate": "2015-05-12", "positionDirect": 690277, "positionDirectDate": "2015-05-12"}], "maxAge": 1}, "earnings": {"maxAge": 86400, "earningsChart": {"quarterly": [{"date": "3Q2015", "actual": 1.48, "estimate": 2.84}, {"date": "4Q2016", "actual": 0.72, "estimate": 2.9}], "currentQuarterEstimateDate": "1Q", "currentQuarterEstimateYear": 2017, "earningsDate": ["2020-06-30 05:30:S"]}, "financialsChart": {"yearly": [{"date": 2017, "revenue": 357275361, "earnings": 16904337}, {"date": 2018, "revenue": 370090737, "earnings": 18433023}, {"date": 2019, "revenue": 442370826, "earnings": 22557964}, {"date": 2020, "revenue": 361210646, "earnings": 11916860}], "quarterly": [{"date": "3Q2019", "revenue": 109045000, "earnings": 6365000}, {"date": "4Q2019", "revenue": 80268000, "earnings": 2246000}, {"date": "1Q2020", "revenue": 71705646, "earnings": -699140}, {"date": "2Q2020", "revenue": 3490000, "earnings": -12573000}]}, "financialCurrency": "INR"}, "calendarEvents": {"maxAge": 1, "earnings": {"earningsDate": ["2020-06-30 05:30:S"]}}, "upgradeDowngradeHistory": {"history": [], "maxAge": 86400}, "price": {"maxAge": 1, "regularMarketChangePercent": -0.016786588, "regularMarketChange": -0.70000076, "regularMarketTime": "2021-04-30 14:33:21", "priceHint": 2, "regularMarketPrice": 41.0, "regularMarketDayHigh": 45.35, "regularMarketDayLow": 41.0, "regularMarketVolume": 508, "averageDailyVolume10Day": 37, "averageDailyVolume3Month": 209, "regularMarketPreviousClose": 41.7, "regularMarketSource": "FREE_REALTIME", "regularMarketOpen": 44.95, "exchange": "BSE", "exchangeName": "BSE", "exchangeDataDelayedBy": 0, "marketState": "CLOSED", "quoteType": "EQUITY", "symbol": "SPENTA.BO", "underlyingSymbol": null, "shortName": "SPENTA INTERNATIONAL LTD.", "longName": "Spenta International Limited", "currency": "INR", "quoteSourceName": "Delayed Quote", "currencySymbol": "\u20b9", "fromCurrency": null, "lastMarket": null, "marketCap": 127587904}, "balanceSheetHistory": {"balanceSheetStatements": [{"maxAge": 1, "endDate": "2020-03-31", "cash": 3441720, "shortTermInvestments": 46488807, "netReceivables": 117892196, "inventory": 88293830, "otherCurrentAssets": 11588055, "totalCurrentAssets": 269633468, "propertyPlantEquipment": 183674698, "otherAssets": 22429400, "deferredLongTermAssetCharges": 710414, "totalAssets": 475737566, "accountsPayable": 29576158, "otherCurrentLiab": 13317893, "longTermDebt": 51684309, "otherLiab": 10151013, "totalCurrentLiabilities": 152295579, "totalLiab": 214130901, "commonStock": 27643260, "retainedEarnings": 235265960, "treasuryStock": -1302555, "otherStockholderEquity": -1302555, "totalStockholderEquity": 261606665, "netTangibleAssets": 261606665}, {"maxAge": 1, "endDate": "2019-03-31", "cash": 2829465, "shortTermInvestments": 45106514, "netReceivables": 149348287, "inventory": 85680556, "otherCurrentAssets": 6796437, "totalCurrentAssets": 291334059, "propertyPlantEquipment": 175718612, "otherAssets": 28798121, "deferredLongTermAssetCharges": 996172, "totalAssets": 495850792, "accountsPayable": 38605803, "otherCurrentLiab": 20087353, "longTermDebt": 62485552, "otherLiab": 8341863, "totalCurrentLiabilities": 169885088, "totalLiab": 240712503, "commonStock": 27643260, "retainedEarnings": 228339716, "treasuryStock": -844687, "otherStockholderEquity": -844687, "totalStockholderEquity": 255138289, "netTangibleAssets": 255138289}, {"maxAge": 1, "endDate": "2018-03-31", "cash": 1798296, "shortTermInvestments": 43755343, "netReceivables": 114975193, "inventory": 83097965, "otherCurrentAssets": 8086763, "totalCurrentAssets": 251713560, "propertyPlantEquipment": 175168701, "otherAssets": 40113361, "deferredLongTermAssetCharges": 2396377, "totalAssets": 466995622, "accountsPayable": 49145592, "otherCurrentLiab": 821811, "longTermDebt": 80405226, "otherLiab": 3835354, "totalCurrentLiabilities": 138459002, "totalLiab": 222699582, "commonStock": 27643260, "retainedEarnings": 217147725, "treasuryStock": -494945, "otherStockholderEquity": -494945, "totalStockholderEquity": 244296040, "netTangibleAssets": 244296040}, {"maxAge": 1, "endDate": "2017-03-31", "cash": 597995, "shortTermInvestments": 69423980, "netReceivables": 71182166, "inventory": 70533845, "otherCurrentAssets": 6536839, "totalCurrentAssets": 218274825, "propertyPlantEquipment": 88379570, "otherAssets": 42864046, "deferredLongTermAssetCharges": 4211890, "totalAssets": 349518441, "accountsPayable": 31213150, "otherCurrentLiab": 4197, "longTermDebt": 29613655, "otherLiab": 3582211, "totalCurrentLiabilities": 85929806, "totalLiab": 119125672, "commonStock": 27643260, "retainedEarnings": 203039902, "treasuryStock": -290393, "otherStockholderEquity": -290393, "totalStockholderEquity": 230392769, "netTangibleAssets": 230392769}], "maxAge": 86400}, "earningsTrend": {"trend": [{"maxAge": 1, "period": "0q", "endDate": "2017-03-31", "growth": {}, "earningsEstimate": {"avg": 0.0, "low": 0.0, "high": 0.0, "yearAgoEps": {}, "numberOfAnalysts": 0, "growth": {}}, "revenueEstimate": {"avg": 0, "low": 0, "high": 0, "numberOfAnalysts": 0, "yearAgoRevenue": {}, "growth": {}}, "epsTrend": {"current": 0.0, "7daysAgo": 0.0, "30daysAgo": 0.0, "60daysAgo": 0.0, "90daysAgo": 0.0}, "epsRevisions": {"upLast7days": 0, "upLast30days": 0, "downLast30days": 0, "downLast90days": {}}}, {"maxAge": 1, "period": "+1q", "endDate": "2017-06-30", "growth": {}, "earningsEstimate": {"avg": 0.0, "low": 0.0, "high": 0.0, "yearAgoEps": {}, "numberOfAnalysts": 0, "growth": {}}, "revenueEstimate": {"avg": 0, "low": 0, "high": 0, "numberOfAnalysts": 0, "yearAgoRevenue": {}, "growth": {}}, "epsTrend": {"current": 0.0, "7daysAgo": 0.0, "30daysAgo": 0.0, "60daysAgo": 0.0, "90daysAgo": 0.0}, "epsRevisions": {"upLast7days": 0, "upLast30days": 0, "downLast30days": 0, "downLast90days": {}}}, {"maxAge": 1, "period": "0y", "endDate": "2017-03-31", "growth": {}, "earningsEstimate": {"avg": 0.0, "low": 0.0, "high": 0.0, "yearAgoEps": {}, "numberOfAnalysts": 0, "growth": {}}, "revenueEstimate": {"avg": 357275000, "low": 411470000, "high": 411470000, "numberOfAnalysts": 1, "yearAgoRevenue": {}, "growth": {}}, "epsTrend": {"current": 0.0, "7daysAgo": 10.39, "30daysAgo": 10.39, "60daysAgo": 10.39, "90daysAgo": 10.39}, "epsRevisions": {"upLast7days": 0, "upLast30days": 0, "downLast30days": 0, "downLast90days": {}}}, {"maxAge": 1, "period": "+1y", "endDate": "2018-03-31", "growth": {}, "earningsEstimate": {"avg": 0.0, "low": 0.0, "high": 0.0, "yearAgoEps": {}, "numberOfAnalysts": 0, "growth": {}}, "revenueEstimate": {"avg": 456740000, "low": 456740000, "high": 456740000, "numberOfAnalysts": 1, "yearAgoRevenue": 357275000, "growth": 0.278}, "epsTrend": {"current": 0.0, "7daysAgo": 11.59, "30daysAgo": 11.59, "60daysAgo": 11.59, "90daysAgo": 11.59}, "epsRevisions": {"upLast7days": 0, "upLast30days": 0, "downLast30days": 0, "downLast90days": {}}}, {"maxAge": 1, "period": "+5y", "endDate": null, "growth": {}, "earningsEstimate": {"avg": {}, "low": {}, "high": {}, "yearAgoEps": {}, "numberOfAnalysts": {}, "growth": {}}, "revenueEstimate": {"avg": {}, "low": {}, "high": {}, "numberOfAnalysts": {}, "yearAgoRevenue": {}, "growth": {}}, "epsTrend": {"current": {}, "7daysAgo": {}, "30daysAgo": {}, "60daysAgo": {}, "90daysAgo": {}}, "epsRevisions": {"upLast7days": {}, "upLast30days": {}, "downLast30days": {}, "downLast90days": {}}}, {"maxAge": 1, "period": "-5y", "endDate": null, "growth": {}, "earningsEstimate": {"avg": {}, "low": {}, "high": {}, "yearAgoEps": {}, "numberOfAnalysts": {}, "growth": {}}, "revenueEstimate": {"avg": {}, "low": {}, "high": {}, "numberOfAnalysts": {}, "yearAgoRevenue": {}, "growth": {}}, "epsTrend": {"current": {}, "7daysAgo": {}, "30daysAgo": {}, "60daysAgo": {}, "90daysAgo": {}}, "epsRevisions": {"upLast7days": {}, "upLast30days": {}, "downLast30days": {}, "downLast90days": {}}}], "maxAge": 1}, "financialData": {"maxAge": 86400, "currentPrice": 41.0, "targetHighPrice": 116.0, "targetLowPrice": 116.0, "targetMeanPrice": 116.0, "targetMedianPrice": 116.0, "recommendationKey": "none", "numberOfAnalystOpinions": 1, "grossProfits": 102774366, "financialCurrency": "INR"}}}