{"SPICEJET.BO": {"recommendationTrend": {"trend": [{"period": "0m", "strongBuy": 0, "buy": 0, "hold": 0, "sell": 0, "strongSell": 0}, {"period": "-1m", "strongBuy": 0, "buy": 0, "hold": 0, "sell": 0, "strongSell": 0}, {"period": "-2m", "strongBuy": 0, "buy": 0, "hold": 0, "sell": 0, "strongSell": 0}, {"period": "-3m", "strongBuy": 0, "buy": 0, "hold": 0, "sell": 0, "strongSell": 0}], "maxAge": 86400}, "cashflowStatementHistory": {"cashflowStatements": [{"maxAge": 1, "endDate": "2020-03-31", "netIncome": -9365680000, "depreciation": 17353770000, "changeToNetincome": 17855910000, "changeToAccountReceivables": -7636830000, "changeToLiabilities": 909810000, "changeToInventory": -402630000, "changeToOperatingActivities": -236940000, "totalCashFromOperatingActivities": 18477410000, "capitalExpenditures": -2804360000, "investments": 8970000, "otherCashflowsFromInvestingActivities": 924110000, "totalCashflowsFromInvestingActivities": -1838880000, "netBorrowings": -16043470000, "otherCashflowsFromFinancingActivities": -1011810000, "totalCashFromFinancingActivities": -17051700000, "effectOfExchangeRate": 43650000, "changeInCash": -369530000, "issuanceOfStock": 3580000}, {"maxAge": 1, "endDate": "2019-03-31", "netIncome": -3024110000, "depreciation": 2506050000, "changeToNetincome": 7000600000, "changeToAccountReceivables": -5704080000, "changeToLiabilities": -1770900000, "changeToInventory": 5470000, "changeToOperatingActivities": 4306460000, "totalCashFromOperatingActivities": 3376980000, "capitalExpenditures": -2421300000, "investments": 1138100000, "otherCashflowsFromInvestingActivities": -579560000, "totalCashflowsFromInvestingActivities": -1854290000, "netBorrowings": -713130000, "otherCashflowsFromFinancingActivities": -1335960000, "totalCashFromFinancingActivities": -2046410000, "effectOfExchangeRate": -8180000, "changeInCash": -531900000, "issuanceOfStock": 2680000}, {"maxAge": 1, "endDate": "2018-03-31", "netIncome": 5572060000, "depreciation": 2303400000, "changeToNetincome": 4423020000, "changeToAccountReceivables": -914920000, "changeToLiabilities": -2722690000, "changeToInventory": -433200000, "changeToOperatingActivities": 2117650000, "totalCashFromOperatingActivities": 10355100000, "capitalExpenditures": -2741490000, "investments": 572780000, "otherCashflowsFromInvestingActivities": -6100970000, "totalCashflowsFromInvestingActivities": -8250930000, "netBorrowings": -198380000, "otherCashflowsFromFinancingActivities": -902490000, "totalCashFromFinancingActivities": -1100870000, "effectOfExchangeRate": -100000, "changeInCash": 1003200000, "issuanceOfStock": 2680000}, {"maxAge": 1, "endDate": "2017-03-31", "netIncome": 4272200000, "depreciation": 1972900000, "changeToNetincome": 2701960000, "changeToAccountReceivables": -184260000, "changeToLiabilities": -784520000, "changeToInventory": -320050000, "changeToOperatingActivities": -2879340000, "totalCashFromOperatingActivities": 4792130000, "capitalExpenditures": -2492170000, "investments": -1344020000, "otherCashflowsFromInvestingActivities": -1096160000, "totalCashflowsFromInvestingActivities": -4928090000, "netBorrowings": 216730000, "otherCashflowsFromFinancingActivities": -650240000, "totalCashFromFinancingActivities": -433510000, "effectOfExchangeRate": 6750000, "changeInCash": -562710000, "issuanceOfStock": 2680000}], "maxAge": 86400}, "institutionOwnership": {"ownershipList": [], "maxAge": 1}, "balanceSheetHistoryQuarterly": {"balanceSheetStatements": [{"maxAge": 1, "endDate": "2020-06-30", "totalStockholderEquity": -15803980000, "netTangibleAssets": -15983060000}, {"maxAge": 1, "endDate": "2020-03-31", "cash": 418300000, "shortTermInvestments": 2162850000, "netReceivables": 15479020000, "inventory": 1815870000, "otherCurrentAssets": 2261610000, "totalCurrentAssets": 22137650000, "longTermInvestments": 500000, "propertyPlantEquipment": 86958470000, "intangibleAssets": 179080000, "otherAssets": 20279510000, "totalAssets": 129555210000, "accountsPayable": 17197130000, "shortLongTermDebt": 2801830000, "otherCurrentLiab": 20595690000, "longTermDebt": 4593030000, "otherLiab": 6437520000, "totalCurrentLiabilities": 66351610000, "totalLiab": 145359190000, "commonStock": 6000760000, "treasuryStock": -21804740000, "otherStockholderEquity": -21804740000, "totalStockholderEquity": -15803980000, "netTangibleAssets": -15983060000}, {"maxAge": 1, "endDate": "2019-12-31", "totalStockholderEquity": -8474660000, "netTangibleAssets": -8637420000}, {"maxAge": 1, "endDate": "2019-09-30", "cash": 873030000, "shortTermInvestments": 1833990000, "netReceivables": 10378680000, "inventory": 1558730000, "otherCurrentAssets": 2388470000, "totalCurrentAssets": 17032900000, "longTermInvestments": 500000, "propertyPlantEquipment": 85147590000, "intangibleAssets": 162760000, "otherAssets": 20232670000, "totalAssets": 122576420000, "accountsPayable": 10591750000, "shortLongTermDebt": 1693870000, "otherCurrentLiab": 25200520000, "longTermDebt": 4997350000, "otherLiab": 5621630000, "totalCurrentLiabilities": 58907720000, "totalLiab": 131051080000, "commonStock": 5997230000, "treasuryStock": -14471890000, "otherStockholderEquity": -14471890000, "totalStockholderEquity": -8474660000, "netTangibleAssets": -8637420000}], "maxAge": 86400}, "earningsHistory": {"history": [{"maxAge": 1, "epsActual": {}, "epsEstimate": {}, "epsDifference": {}, "surprisePercent": {}, "quarter": {}, "period": "-4q"}, {"maxAge": 1, "epsActual": {}, "epsEstimate": {}, "epsDifference": {}, "surprisePercent": {}, "quarter": {}, "period": "-3q"}, {"maxAge": 1, "epsActual": {}, "epsEstimate": {}, "epsDifference": {}, "surprisePercent": {}, "quarter": {}, "period": "-2q"}, {"maxAge": 1, "epsActual": 0.68, "epsEstimate": 2.2, "epsDifference": -1.52, "surprisePercent": -0.691, "quarter": "2018-03-31", "period": "-1q"}], "maxAge": 86400}, "indexTrend": {"maxAge": 1, "symbol": "SP5", "peRatio": 19.7411, "pegRatio": 1.34172, "estimates": [{"period": "0q", "growth": 0.549}, {"period": "+1q", "growth": 0.431}, {"period": "0y", "growth": 0.305}, {"period": "+1y", "growth": 0.109}, {"period": "+5y", "growth": 0.120865}, {"period": "-5y"}]}, "industryTrend": {"maxAge": 1, "symbol": null, "estimates": []}, "insiderTransactions": {"transactions": [{"maxAge": 1, "shares": 175000, "value": 23502, "filerUrl": "", "transactionText": "Other at price 0.13 per share.", "filerName": "Gupta (GP)", "filerRelation": "UNREPORTED", "moneyText": "", "startDate": "2020-11-11", "ownership": "D"}, {"maxAge": 1, "shares": 57000, "value": 35910, "filerUrl": "", "transactionText": "Acquisition at price 0.63 per share.", "filerName": "Khurana (Arun)", "filerRelation": "UNREPORTED", "moneyText": "", "startDate": "2020-09-24", "ownership": "D"}, {"maxAge": 1, "shares": 125000, "value": 16975, "filerUrl": "", "transactionText": "Other at price 0.14 per share.", "filerName": "Gupta (GP)", "filerRelation": "UNREPORTED", "moneyText": "", "startDate": "2020-09-15", "ownership": "D"}, {"maxAge": 1, "shares": 25000, "filerUrl": "", "transactionText": "", "filerName": "Koteshwar (Kiran)", "filerRelation": "Chief Financial Officer", "moneyText": "", "startDate": "2020-03-09", "ownership": "D"}, {"maxAge": 1, "shares": 150635, "filerUrl": "", "transactionText": "", "filerName": "Sand (Chandan)", "filerRelation": "Company Secretary", "moneyText": "", "startDate": "2020-02-14", "ownership": "D"}, {"maxAge": 1, "shares": 154808, "filerUrl": "", "transactionText": "", "filerName": "Koteshwar (Kiran)", "filerRelation": "Chief Financial Officer", "moneyText": "", "startDate": "2020-02-14", "ownership": "D"}, {"maxAge": 1, "shares": 50000, "filerUrl": "", "transactionText": "", "filerName": "Sand (Chandan)", "filerRelation": "General Manager", "moneyText": "", "startDate": "2019-09-30", "ownership": "D"}, {"maxAge": 1, "shares": 10000, "filerUrl": "", "transactionText": "", "filerName": "Koteshwar (Kiran)", "filerRelation": "Chief Financial Officer", "moneyText": "", "startDate": "2019-09-26", "ownership": "D"}, {"maxAge": 1, "shares": 1000, "filerUrl": "", "transactionText": "", "filerName": "AC (Shreejesh)", "filerRelation": "UNREPORTED", "moneyText": "", "startDate": "2019-09-26", "ownership": "D"}, {"maxAge": 1, "shares": 2000, "filerUrl": "", "transactionText": "", "filerName": "AC (Shreejesh)", "filerRelation": "UNREPORTED", "moneyText": "", "startDate": "2019-09-25", "ownership": "D"}, {"maxAge": 1, "shares": 5000, "filerUrl": "", "transactionText": "", "filerName": "AC (Shreejesh)", "filerRelation": "UNREPORTED", "moneyText": "", "startDate": "2019-09-24", "ownership": "D"}, {"maxAge": 1, "shares": 3000, "filerUrl": "", "transactionText": "", "filerName": "AC (Shreejesh)", "filerRelation": "UNREPORTED", "moneyText": "", "startDate": "2019-09-23", "ownership": "D"}, {"maxAge": 1, "shares": 4000, "filerUrl": "", "transactionText": "", "filerName": "AC (Shreejesh)", "filerRelation": "UNREPORTED", "moneyText": "", "startDate": "2019-09-23", "ownership": "D"}, {"maxAge": 1, "shares": 70000, "filerUrl": "", "transactionText": "", "filerName": "Koteshwar (Kiran)", "filerRelation": "Chief Financial Officer", "moneyText": "", "startDate": "2019-08-28", "ownership": "D"}, {"maxAge": 1, "shares": 110577, "filerUrl": "", "transactionText": "", "filerName": "Koteshwar (Kiran)", "filerRelation": "Chief Financial Officer", "moneyText": "", "startDate": "2019-02-11", "ownership": "D"}, {"maxAge": 1, "shares": 107596, "filerUrl": "", "transactionText": "", "filerName": "Sand (Chandan)", "filerRelation": "Compliance Officer", "moneyText": "", "startDate": "2019-02-11", "ownership": "D"}, {"maxAge": 1, "shares": 8100, "filerUrl": "", "transactionText": "", "filerName": "AC (Shreejesh)", "filerRelation": "UNREPORTED", "moneyText": "", "startDate": "2016-01-27", "ownership": "D"}, {"maxAge": 1, "shares": 4750, "filerUrl": "", "transactionText": "", "filerName": "AC (Shreejesh)", "filerRelation": "UNREPORTED", "moneyText": "", "startDate": "2016-01-14", "ownership": "D"}, {"maxAge": 1, "shares": 361535624, "filerUrl": "", "transactionText": "", "filerName": "Singh (Ajay)", "filerRelation": "Promoter", "moneyText": "", "startDate": "2015-02-23", "ownership": "D"}, {"maxAge": 1, "shares": 148910753, "filerUrl": "", "transactionText": "", "filerName": "Maran (Kalanithi)", "filerRelation": "Promoter", "moneyText": "", "startDate": "2015-02-23", "ownership": "D"}, {"maxAge": 1, "shares": 201518005, "filerUrl": "", "transactionText": "", "filerName": "Kal Airways Pvt Ltd", "filerRelation": "Promoter", "moneyText": "", "startDate": "2015-02-23", "ownership": "D"}, {"maxAge": 1, "shares": 45000000, "filerUrl": "", "transactionText": "", "filerName": "Kal Airways Pvt Ltd", "filerRelation": "Promoter", "moneyText": "", "startDate": "2014-11-14", "ownership": "D"}, {"maxAge": 1, "shares": 19169000, "filerUrl": "", "transactionText": "", "filerName": "Maran (Kalanithi)", "filerRelation": "Non Executive Chairman", "moneyText": "", "startDate": "2014-11-14", "ownership": "D"}, {"maxAge": 1, "shares": 15000000, "filerUrl": "", "transactionText": "", "filerName": "Maran (Kalanithi)", "filerRelation": "Non Executive Chairman", "moneyText": "", "startDate": "2013-11-30", "ownership": "D"}, {"maxAge": 1, "shares": 1237889, "filerUrl": "", "transactionText": "", "filerName": "SBI Emerging Businesses Fund", "filerRelation": "Management Subsidary of bank", "moneyText": "", "startDate": "2013-10-21", "ownership": "D"}, {"maxAge": 1, "shares": 35931453, "filerUrl": "", "transactionText": "", "filerName": "Maran (Kalanithi)", "filerRelation": "Non Executive Chairman", "moneyText": "", "startDate": "2013-04-22", "ownership": "D"}, {"maxAge": 1, "shares": 42900000, "filerUrl": "", "transactionText": "", "filerName": "Maran (Kalanithi)", "filerRelation": "Non Executive Chairman", "moneyText": "", "startDate": "2012-04-10", "ownership": "D"}, {"maxAge": 1, "shares": 2984000, "filerUrl": "", "transactionText": "", "filerName": "Reliance Capital Trustee Company, Ltd. A/c Reliance Tax Save", "filerRelation": "UNREPORTED", "moneyText": "", "startDate": "2011-02-07", "ownership": "D"}, {"maxAge": 1, "shares": 382664, "filerUrl": "", "transactionText": "", "filerName": "BNP Paribas Arbitrage", "filerRelation": "UNREPORTED", "moneyText": "", "startDate": "2009-11-13", "ownership": "D"}, {"maxAge": 1, "shares": 2000000, "filerUrl": "", "transactionText": "", "filerName": "BNP Paribas Arbitrage", "filerRelation": "UNREPORTED", "moneyText": "", "startDate": "2009-09-17", "ownership": "D"}], "maxAge": 1}, "quoteType": {"exchange": "BSE", "quoteType": "EQUITY", "symbol": "SPICEJET.BO", "underlyingSymbol": "SPICEJET.BO", "shortName": "SPICEJET LTD.", "longName": "SpiceJet Limited", "firstTradeDateEpochUtc": "1995-05-02 09:15:00", "timeZoneFullName": "Asia/Kolkata", "timeZoneShortName": "IST", "uuid": "ce0b3a6e-a608-3d9e-a555-99c04d59ad75", "gmtOffSetMilliseconds": 19800000, "maxAge": 1}, "incomeStatementHistory": {"incomeStatementHistory": [{"maxAge": 1, "endDate": "2020-03-31", "totalRevenue": 123745690000, "costOfRevenue": 98157940000, "grossProfit": 25587750000, "researchDevelopment": {}, "sellingGeneralAdministrative": {}, "nonRecurring": {}, "otherOperatingExpenses": 13154810000, "totalOperatingExpenses": 128666530000, "operatingIncome": -4920840000, "totalOtherIncomeExpenseNet": -4444840000, "ebit": -4920840000, "interestExpense": -5455290000, "incomeBeforeTax": -9365680000, "incomeTaxExpense": 0, "minorityInterest": {}, "netIncomeFromContinuingOps": -9365680000, "discontinuedOperations": {}, "extraordinaryItems": {}, "effectOfAccountingCharges": {}, "otherItems": {}, "netIncome": -9365680000, "netIncomeApplicableToCommonShares": -9365680000}, {"maxAge": 1, "endDate": "2019-03-31", "totalRevenue": 91214750000, "costOfRevenue": 84061940000, "grossProfit": 7152810000, "researchDevelopment": {}, "sellingGeneralAdministrative": 2664290000, "nonRecurring": {}, "otherOperatingExpenses": 3673160000, "totalOperatingExpenses": 92962930000, "operatingIncome": -1748180000, "totalOtherIncomeExpenseNet": -1275670000, "ebit": -1748180000, "interestExpense": -1228090000, "incomeBeforeTax": -3023850000, "incomeTaxExpense": 260000, "minorityInterest": {}, "netIncomeFromContinuingOps": -3024110000, "discontinuedOperations": {}, "extraordinaryItems": {}, "effectOfAccountingCharges": {}, "otherItems": {}, "netIncome": -3024110000, "netIncomeApplicableToCommonShares": -3024110000}, {"maxAge": 1, "endDate": "2018-03-31", "totalRevenue": 77601340000, "costOfRevenue": 64413320000, "grossProfit": 13188020000, "researchDevelopment": {}, "sellingGeneralAdministrative": 2362290000, "nonRecurring": {}, "otherOperatingExpenses": 3043540000, "totalOperatingExpenses": 72132330000, "operatingIncome": 5469010000, "totalOtherIncomeExpenseNet": 103050000, "ebit": 5469010000, "interestExpense": -840490000, "incomeBeforeTax": 5572060000, "incomeTaxExpense": 0, "minorityInterest": {}, "netIncomeFromContinuingOps": 5572060000, "discontinuedOperations": {}, "extraordinaryItems": {}, "effectOfAccountingCharges": {}, "otherItems": {}, "netIncome": 5572060000, "netIncomeApplicableToCommonShares": 5572060000}, {"maxAge": 1, "endDate": "2017-03-31", "totalRevenue": 61913620000, "costOfRevenue": 51358170000, "grossProfit": 10555450000, "researchDevelopment": {}, "sellingGeneralAdministrative": 2474850000, "nonRecurring": {}, "otherOperatingExpenses": 2577040000, "totalOperatingExpenses": 58396200000, "operatingIncome": 3517420000, "totalOtherIncomeExpenseNet": 754780000, "ebit": 3517420000, "interestExpense": -614210000, "incomeBeforeTax": 4272200000, "incomeTaxExpense": 0, "minorityInterest": {}, "netIncomeFromContinuingOps": 4272200000, "discontinuedOperations": {}, "extraordinaryItems": {}, "effectOfAccountingCharges": {}, "otherItems": {}, "netIncome": 4272200000, "netIncomeApplicableToCommonShares": 4272200000}], "maxAge": 86400}, "fundOwnership": {"ownershipList": [], "maxAge": 1}, "summaryDetail": {"maxAge": 1, "priceHint": 2, "previousClose": 63.95, "open": 63.7, "dayLow": 62.6, "dayHigh": 64.0, "regularMarketPreviousClose": 63.95, "regularMarketOpen": 63.7, "regularMarketDayLow": 62.6, "regularMarketDayHigh": 64.0, "forwardPE": 5.829472, "volume": 343731, "regularMarketVolume": 343731, "averageVolume": 1250347, "averageVolume10days": 501083, "averageDailyVolume10Day": 501083, "bid": 62.7, "ask": 63.0, "bidSize": 0, "askSize": 0, "marketCap": 37722263552, "fiftyTwoWeekLow": 30.8, "fiftyTwoWeekHigh": 107.95, "fiftyDayAverage": 92.56061, "twoHundredDayAverage": 64.578674, "currency": "INR", "fromCurrency": null, "lastMarket": null, "algorithm": null, "tradeable": false}, "sectorTrend": {"maxAge": 1, "symbol": null, "estimates": []}, "incomeStatementHistoryQuarterly": {"incomeStatementHistory": [{"maxAge": 1, "endDate": "2020-06-30", "totalRevenue": 5210440000, "costOfRevenue": 5365480000, "grossProfit": -155040000, "researchDevelopment": {}, "sellingGeneralAdministrative": {}, "nonRecurring": {}, "otherOperatingExpenses": 1489390000, "totalOperatingExpenses": 11337390000, "operatingIncome": -6126950000, "totalOtherIncomeExpenseNet": 121790000, "ebit": -6126950000, "interestExpense": -1492540000, "incomeBeforeTax": -6005160000, "incomeTaxExpense": 0, "minorityInterest": {}, "netIncomeFromContinuingOps": -6005160000, "discontinuedOperations": {}, "extraordinaryItems": {}, "effectOfAccountingCharges": {}, "otherItems": {}, "netIncome": -6005160000, "netIncomeApplicableToCommonShares": -6005160000}, {"maxAge": 1, "endDate": "2020-03-31", "totalRevenue": 28670200000, "costOfRevenue": 24429480000, "grossProfit": 4240720000, "researchDevelopment": {}, "sellingGeneralAdministrative": {}, "nonRecurring": {}, "otherOperatingExpenses": 3424570000, "totalOperatingExpenses": 32422530000, "operatingIncome": -3752330000, "totalOtherIncomeExpenseNet": -4410130000, "ebit": -3752330000, "interestExpense": -1425180000, "incomeBeforeTax": -8162460000, "incomeTaxExpense": 0, "minorityInterest": {}, "netIncomeFromContinuingOps": -8162460000, "discontinuedOperations": {}, "extraordinaryItems": {}, "effectOfAccountingCharges": {}, "otherItems": {}, "netIncome": -8162460000, "netIncomeApplicableToCommonShares": -8162460000}, {"maxAge": 1, "endDate": "2019-12-31", "totalRevenue": 36563630000, "costOfRevenue": 27983290000, "grossProfit": 8580340000, "researchDevelopment": {}, "sellingGeneralAdministrative": {}, "nonRecurring": {}, "otherOperatingExpenses": 3663080000, "totalOperatingExpenses": 36295060000, "operatingIncome": 268570000, "totalOtherIncomeExpenseNet": 511110000, "ebit": 268570000, "interestExpense": -1387460000, "incomeBeforeTax": 779680000, "incomeTaxExpense": 0, "minorityInterest": {}, "netIncomeFromContinuingOps": 779680000, "discontinuedOperations": {}, "extraordinaryItems": {}, "effectOfAccountingCharges": {}, "otherItems": {}, "netIncome": 779680000, "netIncomeApplicableToCommonShares": 779680000}, {"maxAge": 1, "endDate": "2019-09-30", "totalRevenue": 28480110000, "costOfRevenue": 24315890000, "grossProfit": 4164220000, "researchDevelopment": {}, "sellingGeneralAdministrative": {}, "nonRecurring": {}, "otherOperatingExpenses": 3397450000, "totalOperatingExpenses": 32076820000, "operatingIncome": -3596710000, "totalOtherIncomeExpenseNet": -1015450000, "ebit": -3596710000, "interestExpense": -1368320000, "incomeBeforeTax": -4612160000, "incomeTaxExpense": 0, "minorityInterest": {}, "netIncomeFromContinuingOps": -4612160000, "discontinuedOperations": {}, "extraordinaryItems": {}, "effectOfAccountingCharges": {}, "otherItems": {}, "netIncome": -4612160000, "netIncomeApplicableToCommonShares": -4612160000}], "maxAge": 86400}, "cashflowStatementHistoryQuarterly": {"cashflowStatements": [{"maxAge": 1, "endDate": "2020-06-30", "netIncome": -6005160000, "changeToLiabilities": 0}, {"maxAge": 1, "endDate": "2020-03-31", "netIncome": -8162460000, "changeToLiabilities": 0}, {"maxAge": 1, "endDate": "2019-12-31", "netIncome": 779680000, "changeToLiabilities": 0}, {"maxAge": 1, "endDate": "2019-09-30", "netIncome": -4612160000, "changeToLiabilities": 0}], "maxAge": 86400}, "insiderHolders": {"holders": [{"maxAge": 1, "name": "AC (Shreejesh)", "relation": "UNREPORTED", "url": "", "transactionDescription": "Sale", "latestTransDate": "2019-09-26", "positionDirect": 0, "positionDirectDate": "2019-09-26"}, {"maxAge": 1, "name": "Gupta (GP)", "relation": "UNREPORTED", "url": "", "transactionDescription": "Other", "latestTransDate": "2020-11-11", "positionDirect": 300000, "positionDirectDate": "2020-11-11"}, {"maxAge": 1, "name": "Kal Airways Pvt Ltd", "relation": "Promoter", "url": "", "transactionDescription": "Sale", "latestTransDate": "2015-02-23", "positionDirect": 0, "positionDirectDate": "2015-02-23"}, {"maxAge": 1, "name": "Khurana (Arun)", "relation": "UNREPORTED", "url": "", "transactionDescription": "Acquisition", "latestTransDate": "2020-09-24", "positionDirect": 75000, "positionDirectDate": "2020-09-24"}, {"maxAge": 1, "name": "Koteshwar (Kiran)", "relation": "Chief Financial Officer", "url": "", "transactionDescription": "Sale", "latestTransDate": "2020-03-09", "positionDirect": 161685, "positionDirectDate": "2020-03-09"}, {"maxAge": 1, "name": "Maran (Kalanithi)", "relation": "Promoter", "url": "", "transactionDescription": "Sale", "latestTransDate": "2015-02-23", "positionDirect": 0, "positionDirectDate": "2015-02-23"}, {"maxAge": 1, "name": "Reliance Capital Trustee Company, Ltd. A/c Reliance Tax Save", "relation": "UNREPORTED", "url": "", "transactionDescription": "Acquisition", "latestTransDate": "2011-02-07", "positionDirect": 21026900, "positionDirectDate": "2011-02-07"}, {"maxAge": 1, "name": "SBI Emerging Businesses Fund", "relation": "Management Subsidary of bank", "url": "", "transactionDescription": "Sale", "latestTransDate": "2013-10-21", "positionDirect": 15600102, "positionDirectDate": "2013-10-21"}, {"maxAge": 1, "name": "Sand (Chandan)", "relation": "Company Secretary", "url": "", "transactionDescription": "Other", "latestTransDate": "2020-02-14", "positionDirect": 208431, "positionDirectDate": "2020-02-14"}, {"maxAge": 1, "name": "Singh (Ajay)", "relation": "Promoter", "url": "", "transactionDescription": "Purchase", "latestTransDate": "2015-02-23", "positionDirect": 361535624, "positionDirectDate": "2015-02-23"}], "maxAge": 1}, "earnings": {"maxAge": 86400, "earningsChart": {"quarterly": [{"date": "1Q2018", "actual": 0.68, "estimate": 2.2}], "currentQuarterEstimateDate": "2Q", "currentQuarterEstimateYear": 2018, "earningsDate": []}, "financialsChart": {"yearly": [{"date": 2017, "revenue": 61913620000, "earnings": 4272200000}, {"date": 2018, "revenue": 77601340000, "earnings": 5572060000}, {"date": 2019, "revenue": 91214750000, "earnings": -3024110000}, {"date": 2020, "revenue": 123745690000, "earnings": -9365680000}], "quarterly": [{"date": "3Q2019", "revenue": 28480110000, "earnings": -4612160000}, {"date": "4Q2019", "revenue": 36563630000, "earnings": 779680000}, {"date": "1Q2020", "revenue": 28670200000, "earnings": -8162460000}, {"date": "2Q2020", "revenue": 5210440000, "earnings": -6005160000}]}, "financialCurrency": "INR"}, "calendarEvents": {"maxAge": 1, "earnings": {"earningsDate": [], "revenueLow": 22376000000, "revenueHigh": 24194000000}}, "upgradeDowngradeHistory": {"history": [], "maxAge": 86400}, "price": {"maxAge": 1, "regularMarketChangePercent": -0.016419066, "regularMarketChange": -1.0499992, "regularMarketTime": "2021-04-30 15:29:55", "priceHint": 2, "regularMarketPrice": 62.9, "regularMarketDayHigh": 64.0, "regularMarketDayLow": 62.6, "regularMarketVolume": 343731, "averageDailyVolume10Day": 501083, "averageDailyVolume3Month": 1250347, "regularMarketPreviousClose": 63.95, "regularMarketSource": "FREE_REALTIME", "regularMarketOpen": 63.7, "exchange": "BSE", "exchangeName": "BSE", "exchangeDataDelayedBy": 0, "marketState": "CLOSED", "quoteType": "EQUITY", "symbol": "SPICEJET.BO", "underlyingSymbol": null, "shortName": "SPICEJET LTD.", "longName": "SpiceJet Limited", "currency": "INR", "quoteSourceName": "Delayed Quote", "currencySymbol": "\u20b9", "fromCurrency": null, "lastMarket": null, "marketCap": 37722263552}, "balanceSheetHistory": {"balanceSheetStatements": [{"maxAge": 1, "endDate": "2020-03-31", "cash": 418300000, "shortTermInvestments": 2162850000, "netReceivables": 15479020000, "inventory": 1815870000, "otherCurrentAssets": 2261610000, "totalCurrentAssets": 22137650000, "longTermInvestments": 500000, "propertyPlantEquipment": 86958470000, "intangibleAssets": 179080000, "otherAssets": 20279510000, "totalAssets": 129555210000, "accountsPayable": 17197130000, "shortLongTermDebt": 2801830000, "otherCurrentLiab": 20595690000, "longTermDebt": 4593030000, "otherLiab": 6437520000, "totalCurrentLiabilities": 66351610000, "totalLiab": 145359190000, "commonStock": 6000760000, "treasuryStock": -21804740000, "otherStockholderEquity": -21804740000, "totalStockholderEquity": -15803980000, "netTangibleAssets": -15983060000}, {"maxAge": 1, "endDate": "2019-03-31", "cash": 667610000, "shortTermInvestments": 129500000, "netReceivables": 7739250000, "inventory": 1413240000, "otherCurrentAssets": 1134190000, "totalCurrentAssets": 13695570000, "longTermInvestments": 240000, "propertyPlantEquipment": 16128850000, "intangibleAssets": 128740000, "otherAssets": 17974500000, "totalAssets": 47927900000, "accountsPayable": 10481780000, "shortLongTermDebt": 1351880000, "otherCurrentLiab": 15992750000, "longTermDebt": 5566280000, "otherLiab": 9665760000, "totalCurrentLiabilities": 36195500000, "totalLiab": 51427540000, "commonStock": 5997180000, "retainedEarnings": -19481660000, "treasuryStock": 83720000, "capitalSurplus": 9901120000, "otherStockholderEquity": 83720000, "totalStockholderEquity": -3499640000, "netTangibleAssets": -3628380000}, {"maxAge": 1, "endDate": "2018-03-31", "cash": 1199510000, "shortTermInvestments": 271000000, "netReceivables": 2066640000, "inventory": 1418710000, "otherCurrentAssets": 1703030000, "totalCurrentAssets": 9406750000, "longTermInvestments": 240000, "propertyPlantEquipment": 15943240000, "intangibleAssets": 40400000, "otherAssets": 14801900000, "totalAssets": 40192530000, "accountsPayable": 6885270000, "shortLongTermDebt": 2943010000, "otherCurrentLiab": 14041470000, "longTermDebt": 6509530000, "otherLiab": 3267050000, "totalCurrentLiabilities": 30975150000, "totalLiab": 40751730000, "commonStock": 5994500000, "retainedEarnings": -16443100000, "treasuryStock": 24480000, "capitalSurplus": 9864920000, "otherStockholderEquity": 24480000, "totalStockholderEquity": -559200000, "netTangibleAssets": -599600000}, {"maxAge": 1, "endDate": "2017-03-31", "cash": 196310000, "shortTermInvestments": 485740000, "netReceivables": 1139350000, "inventory": 985510000, "otherCurrentAssets": 2149000000, "totalCurrentAssets": 7112460000, "longTermInvestments": 230000, "propertyPlantEquipment": 16191340000, "intangibleAssets": 9020000, "otherAssets": 6593100000, "totalAssets": 29906150000, "accountsPayable": 5873410000, "shortLongTermDebt": 1272260000, "otherCurrentLiab": 12590440000, "longTermDebt": 7759840000, "otherLiab": 3567980000, "totalCurrentLiabilities": 24704340000, "totalLiab": 36032160000, "commonStock": 5994500000, "retainedEarnings": -22017500000, "treasuryStock": 32060000, "capitalSurplus": 9864930000, "otherStockholderEquity": 32060000, "totalStockholderEquity": -6126010000, "netTangibleAssets": -6135030000}], "maxAge": 86400}, "earningsTrend": {"trend": [{"maxAge": 1, "period": "0q", "endDate": "2018-06-30", "growth": {}, "earningsEstimate": {"avg": 0.0, "low": 0.0, "high": 0.0, "yearAgoEps": {}, "numberOfAnalysts": 0, "growth": {}}, "revenueEstimate": {"avg": 0, "low": 22376000000, "high": 24194000000, "numberOfAnalysts": 4, "yearAgoRevenue": 18570600000, "growth": {}}, "epsTrend": {"current": 0.0, "7daysAgo": 0.0, "30daysAgo": 0.0, "60daysAgo": 0.0, "90daysAgo": 0.0}, "epsRevisions": {"upLast7days": 0, "upLast30days": 0, "downLast30days": 0, "downLast90days": {}}}, {"maxAge": 1, "period": "+1q", "endDate": "2018-09-30", "growth": {}, "earningsEstimate": {"avg": 0.0, "low": 0.0, "high": 0.0, "yearAgoEps": {}, "numberOfAnalysts": 0, "growth": {}}, "revenueEstimate": {"avg": 18482800000, "low": 19679000000, "high": 20652000000, "numberOfAnalysts": 2, "yearAgoRevenue": 17984400000, "growth": 0.027999999}, "epsTrend": {"current": 0.0, "7daysAgo": 0.0, "30daysAgo": 0.0, "60daysAgo": 0.0, "90daysAgo": 0.0}, "epsRevisions": {"upLast7days": 0, "upLast30days": 0, "downLast30days": 0, "downLast90days": {}}}, {"maxAge": 1, "period": "0y", "endDate": "2019-03-31", "growth": {}, "earningsEstimate": {"avg": 0.0, "low": 0.0, "high": 0.0, "yearAgoEps": {}, "numberOfAnalysts": 0, "growth": {}}, "revenueEstimate": {"avg": 95796400000, "low": 91091000000, "high": 105716000000, "numberOfAnalysts": 5, "yearAgoRevenue": {}, "growth": {}}, "epsTrend": {"current": 0.0, "7daysAgo": -5.08, "30daysAgo": -5.08, "60daysAgo": -5.08, "90daysAgo": -5.08}, "epsRevisions": {"upLast7days": 0, "upLast30days": 0, "downLast30days": 0, "downLast90days": {}}}, {"maxAge": 1, "period": "+1y", "endDate": "2020-03-31", "growth": {}, "earningsEstimate": {"avg": 0.0, "low": 0.0, "high": 0.0, "yearAgoEps": {}, "numberOfAnalysts": 0, "growth": {}}, "revenueEstimate": {"avg": 135987000000, "low": 120425000000, "high": 147560000000, "numberOfAnalysts": 5, "yearAgoRevenue": 95796400000, "growth": 0.42}, "epsTrend": {"current": 0.0, "7daysAgo": 8.44, "30daysAgo": 8.44, "60daysAgo": 8.44, "90daysAgo": 8.44}, "epsRevisions": {"upLast7days": 0, "upLast30days": 0, "downLast30days": 0, "downLast90days": {}}}, {"maxAge": 1, "period": "+5y", "endDate": null, "growth": 0.116000004, "earningsEstimate": {"avg": {}, "low": {}, "high": {}, "yearAgoEps": {}, "numberOfAnalysts": {}, "growth": {}}, "revenueEstimate": {"avg": {}, "low": {}, "high": {}, "numberOfAnalysts": {}, "yearAgoRevenue": {}, "growth": {}}, "epsTrend": {"current": {}, "7daysAgo": {}, "30daysAgo": {}, "60daysAgo": {}, "90daysAgo": {}}, "epsRevisions": {"upLast7days": {}, "upLast30days": {}, "downLast30days": {}, "downLast90days": {}}}, {"maxAge": 1, "period": "-5y", "endDate": null, "growth": {}, "earningsEstimate": {"avg": {}, "low": {}, "high": {}, "yearAgoEps": {}, "numberOfAnalysts": {}, "growth": {}}, "revenueEstimate": {"avg": {}, "low": {}, "high": {}, "numberOfAnalysts": {}, "yearAgoRevenue": {}, "growth": {}}, "epsTrend": {"current": {}, "7daysAgo": {}, "30daysAgo": {}, "60daysAgo": {}, "90daysAgo": {}}, "epsRevisions": {"upLast7days": {}, "upLast30days": {}, "downLast30days": {}, "downLast90days": {}}}], "maxAge": 1}, "financialData": {"maxAge": 86400, "currentPrice": 62.9, "targetHighPrice": 158.0, "targetLowPrice": 70.0, "targetMeanPrice": 104.83, "targetMedianPrice": 102.5, "recommendationKey": "none", "numberOfAnalystOpinions": 6, "grossProfits": 25587750000, "financialCurrency": "INR"}}}