{"SPICEISL.BO": {"cashflowStatementHistory": {"cashflowStatements": [{"maxAge": 1, "endDate": "2020-03-31", "netIncome": -29353000, "depreciation": 3918506, "changeToNetincome": 1147353, "changeToAccountReceivables": 11268491, "changeToLiabilities": -2932864, "changeToInventory": 3230040, "changeToOperatingActivities": 10366465, "totalCashFromOperatingActivities": -2355009, "capitalExpenditures": -981730, "investments": 15471528, "otherCashflowsFromInvestingActivities": 5688593, "totalCashflowsFromInvestingActivities": 21155304, "dividendsPaid": -69618, "netBorrowings": -15292999, "otherCashflowsFromFinancingActivities": -1840346, "totalCashFromFinancingActivities": -17202963, "changeInCash": 1597332}, {"maxAge": 1, "endDate": "2019-03-31", "netIncome": -39100702, "depreciation": 4746316, "changeToNetincome": 891179, "changeToAccountReceivables": 35411568, "changeToLiabilities": -3255492, "changeToInventory": -1964189, "changeToOperatingActivities": 11479156, "totalCashFromOperatingActivities": 8212759, "capitalExpenditures": -538729, "investments": 2635893, "otherCashflowsFromInvestingActivities": 2097480, "totalCashflowsFromInvestingActivities": 5402838, "dividendsPaid": -72657, "netBorrowings": -13494310, "otherCashflowsFromFinancingActivities": -3594802, "totalCashFromFinancingActivities": -17161769, "changeInCash": -3546172}, {"maxAge": 1, "endDate": "2018-03-31", "netIncome": -13175746, "depreciation": 4900735, "changeToNetincome": -4878444, "changeToAccountReceivables": -32601662, "changeToLiabilities": 7815076, "changeToInventory": 1526642, "changeToOperatingActivities": 2094585, "totalCashFromOperatingActivities": -34298121, "capitalExpenditures": -5471993, "investments": 9007340, "otherCashflowsFromInvestingActivities": -112950, "totalCashflowsFromInvestingActivities": 3752568, "dividendsPaid": -192321, "netBorrowings": 22863158, "otherCashflowsFromFinancingActivities": -3432464, "totalCashFromFinancingActivities": 19238373, "changeInCash": -11307180}, {"maxAge": 1, "endDate": "2017-03-31", "netIncome": -15439293, "depreciation": 4632545, "changeToNetincome": -7916002, "changeToAccountReceivables": -10887940, "changeToLiabilities": 1915172, "changeToInventory": 5720310, "changeToOperatingActivities": 4120773, "totalCashFromOperatingActivities": -17788036, "capitalExpenditures": -6663235, "investments": 4219040, "otherCashflowsFromInvestingActivities": 10899663, "totalCashflowsFromInvestingActivities": 8542468, "dividendsPaid": -3184252, "netBorrowings": 14185384, "otherCashflowsFromFinancingActivities": -3055479, "totalCashFromFinancingActivities": 7945653, "changeInCash": -1299915}], "maxAge": 86400}, "institutionOwnership": {"ownershipList": [], "maxAge": 1}, "balanceSheetHistoryQuarterly": {"balanceSheetStatements": [{"maxAge": 1, "endDate": "2020-06-30", "totalStockholderEquity": 29543000, "netTangibleAssets": 29542000}, {"maxAge": 1, "endDate": "2020-03-31", "cash": 9176000, "shortTermInvestments": 206000, "netReceivables": 17283000, "inventory": 7312000, "otherCurrentAssets": 17333000, "totalCurrentAssets": 51310000, "longTermInvestments": 1697000, "propertyPlantEquipment": 20776000, "intangibleAssets": 1000, "otherAssets": 10024000, "deferredLongTermAssetCharges": 6742000, "totalAssets": 83808000, "accountsPayable": 10407000, "otherCurrentLiab": 23455000, "longTermDebt": 204000, "otherLiab": 2185000, "totalCurrentLiabilities": 51876000, "totalLiab": 54265000, "commonStock": 43000000, "treasuryStock": -13457000, "otherStockholderEquity": -13457000, "totalStockholderEquity": 29543000, "netTangibleAssets": 29542000}, {"maxAge": 1, "endDate": "2019-12-31", "totalStockholderEquity": 38805000, "netTangibleAssets": 38800000}, {"maxAge": 1, "endDate": "2019-09-30", "cash": 2523000, "shortTermInvestments": 7071000, "netReceivables": 44555000, "inventory": 15480000, "otherCurrentAssets": 20546000, "totalCurrentAssets": 90175000, "longTermInvestments": 2775000, "propertyPlantEquipment": 20895000, "intangibleAssets": 5000, "otherAssets": 9811000, "deferredLongTermAssetCharges": 5394000, "totalAssets": 123661000, "accountsPayable": 28887000, "otherCurrentLiab": 15513000, "longTermDebt": 499000, "totalCurrentLiabilities": 84357000, "totalLiab": 84856000, "commonStock": 43000000, "treasuryStock": -4195000, "otherStockholderEquity": -4195000, "totalStockholderEquity": 38805000, "netTangibleAssets": 38800000}], "maxAge": 86400}, "indexTrend": {"maxAge": 1, "symbol": "SP5", "peRatio": 19.7411, "pegRatio": 1.34172, "estimates": [{"period": "0q", "growth": 0.549}, {"period": "+1q", "growth": 0.431}, {"period": "0y", "growth": 0.305}, {"period": "+1y", "growth": 0.109}, {"period": "+5y", "growth": 0.120859005}, {"period": "-5y"}]}, "insiderTransactions": {"transactions": [{"maxAge": 1, "shares": 239250, "filerUrl": "", "transactionText": "", "filerName": "Katre (Rohan Umesh)", "filerRelation": "Promoter", "moneyText": "", "startDate": "2019-11-30", "ownership": "D"}, {"maxAge": 1, "shares": 478500, "filerUrl": "", "transactionText": "", "filerName": "Katre (Seema Umesh)", "filerRelation": "Promoter", "moneyText": "", "startDate": "2019-11-30", "ownership": "D"}, {"maxAge": 1, "shares": 239250, "filerUrl": "", "transactionText": "", "filerName": "Katre (Shweta Umesh)", "filerRelation": "Promoter", "moneyText": "", "startDate": "2019-11-30", "ownership": "D"}, {"maxAge": 1, "shares": 7881, "filerUrl": "", "transactionText": "", "filerName": "Daryanani (Ashok Gulabari)", "filerRelation": "Director (Non-Executive)", "moneyText": "", "startDate": "2016-01-08", "ownership": "D"}, {"maxAge": 1, "shares": 1875, "filerUrl": "", "transactionText": "", "filerName": "Katre (Mohan Ganesh) HUF", "filerRelation": "UNREPORTED", "moneyText": "", "startDate": "2010-11-04", "ownership": "D"}], "maxAge": 1}, "quoteType": {"exchange": "BSE", "quoteType": "EQUITY", "symbol": "SPICEISL.BO", "underlyingSymbol": "SPICEISL.BO", "shortName": "SPICE ISLANDS APPARELS LTD.", "longName": "Spice Islands Apparels Limited", "firstTradeDateEpochUtc": "2002-01-01 09:15:00", "timeZoneFullName": "Asia/Kolkata", "timeZoneShortName": "IST", "uuid": "a01c4254-fe85-3c54-9ab7-bf4d1dcf24fc", "gmtOffSetMilliseconds": 19800000, "maxAge": 1}, "incomeStatementHistory": {"incomeStatementHistory": [{"maxAge": 1, "endDate": "2020-03-31", "totalRevenue": 156370000, "costOfRevenue": 86900000, "grossProfit": 69470000, "researchDevelopment": {}, "sellingGeneralAdministrative": 25834000, "nonRecurring": {}, "otherOperatingExpenses": 71653000, "totalOperatingExpenses": 188306000, "operatingIncome": -31936000, "totalOtherIncomeExpenseNet": 2294000, "ebit": -31936000, "interestExpense": -1806000, "incomeBeforeTax": -29642000, "incomeTaxExpense": -289000, "minorityInterest": {}, "netIncomeFromContinuingOps": -29353000, "discontinuedOperations": {}, "extraordinaryItems": {}, "effectOfAccountingCharges": {}, "otherItems": {}, "netIncome": -29353000, "netIncomeApplicableToCommonShares": -29353000}, {"maxAge": 1, "endDate": "2019-03-31", "totalRevenue": 172560866, "costOfRevenue": 96485849, "grossProfit": 76075017, "researchDevelopment": {}, "sellingGeneralAdministrative": 51741642, "nonRecurring": {}, "otherOperatingExpenses": 57977376, "totalOperatingExpenses": 210956106, "operatingIncome": -38395240, "totalOtherIncomeExpenseNet": -7435597, "ebit": -38395240, "interestExpense": -2623380, "incomeBeforeTax": -45830837, "incomeTaxExpense": -6730135, "minorityInterest": {}, "netIncomeFromContinuingOps": -39100702, "discontinuedOperations": {}, "extraordinaryItems": {}, "effectOfAccountingCharges": {}, "otherItems": {}, "netIncome": -39100702, "netIncomeApplicableToCommonShares": -39100702}, {"maxAge": 1, "endDate": "2018-03-31", "totalRevenue": 300409695, "costOfRevenue": 143901917, "grossProfit": 156507778, "researchDevelopment": {}, "sellingGeneralAdministrative": 49152451, "nonRecurring": {}, "otherOperatingExpenses": 110496420, "totalOperatingExpenses": 308472216, "operatingIncome": -8062521, "totalOtherIncomeExpenseNet": -4615639, "ebit": -8062521, "interestExpense": -3212461, "incomeBeforeTax": -12678160, "incomeTaxExpense": 497586, "minorityInterest": {}, "netIncomeFromContinuingOps": -13175746, "discontinuedOperations": {}, "extraordinaryItems": {}, "effectOfAccountingCharges": {}, "otherItems": {}, "netIncome": -13175746, "netIncomeApplicableToCommonShares": -13175746}, {"maxAge": 1, "endDate": "2017-03-31", "totalRevenue": 187412597, "costOfRevenue": 74735887, "grossProfit": 112676710, "researchDevelopment": {}, "sellingGeneralAdministrative": 34444472, "nonRecurring": {}, "otherOperatingExpenses": 85913478, "totalOperatingExpenses": 199792781, "operatingIncome": -12380184, "totalOtherIncomeExpenseNet": -2315442, "ebit": -12380184, "interestExpense": -1619979, "incomeBeforeTax": -14695626, "incomeTaxExpense": 743667, "minorityInterest": {}, "netIncomeFromContinuingOps": -15439293, "discontinuedOperations": {}, "extraordinaryItems": {}, "effectOfAccountingCharges": {}, "otherItems": {}, "netIncome": -15439293, "netIncomeApplicableToCommonShares": -15439293}], "maxAge": 86400}, "fundOwnership": {"ownershipList": [], "maxAge": 1}, "summaryDetail": {"maxAge": 1, "priceHint": 4, "previousClose": 3.39, "open": 3.55, "dayLow": 3.55, "dayHigh": 3.55, "regularMarketPreviousClose": 3.39, "regularMarketOpen": 3.55, "regularMarketDayLow": 3.55, "regularMarketDayHigh": 3.55, "volume": 1660, "regularMarketVolume": 1660, "averageVolume": 938, "averageVolume10days": 1323, "averageDailyVolume10Day": 1323, "bid": 3.23, "ask": 0.0, "bidSize": 0, "askSize": 0, "marketCap": 15265000, "fiftyTwoWeekLow": 3.55, "fiftyTwoWeekHigh": 17.12, "fiftyDayAverage": 5.2372727, "twoHundredDayAverage": 5.4991913, "trailingAnnualDividendRate": 0.75, "trailingAnnualDividendYield": 0.22123893, "currency": "INR", "fromCurrency": null, "lastMarket": null, "algorithm": null, "tradeable": false}, "incomeStatementHistoryQuarterly": {"incomeStatementHistory": [{"maxAge": 1, "endDate": "2020-06-30", "totalRevenue": 2436000, "costOfRevenue": 1767000, "grossProfit": 669000, "researchDevelopment": {}, "sellingGeneralAdministrative": 464000, "nonRecurring": {}, "otherOperatingExpenses": 4296000, "totalOperatingExpenses": 7505000, "operatingIncome": -5069000, "totalOtherIncomeExpenseNet": 1111000, "ebit": -5069000, "interestExpense": -179000, "incomeBeforeTax": -3958000, "incomeTaxExpense": -215000, "minorityInterest": {}, "netIncomeFromContinuingOps": -3743000, "discontinuedOperations": {}, "extraordinaryItems": {}, "effectOfAccountingCharges": {}, "otherItems": {}, "netIncome": -3743000, "netIncomeApplicableToCommonShares": -3743000}, {"maxAge": 1, "endDate": "2020-03-31", "totalRevenue": 44548000, "costOfRevenue": 19090000, "grossProfit": 25458000, "researchDevelopment": {}, "sellingGeneralAdministrative": 5171000, "nonRecurring": {}, "otherOperatingExpenses": 20723000, "totalOperatingExpenses": 46301000, "operatingIncome": -1753000, "totalOtherIncomeExpenseNet": 357000, "ebit": -1753000, "interestExpense": -652000, "incomeBeforeTax": -1396000, "incomeTaxExpense": -1099000, "minorityInterest": {}, "netIncomeFromContinuingOps": -297000, "discontinuedOperations": {}, "extraordinaryItems": {}, "effectOfAccountingCharges": {}, "otherItems": {}, "netIncome": -297000, "netIncomeApplicableToCommonShares": -297000}, {"maxAge": 1, "endDate": "2019-12-31", "totalRevenue": 31480000, "costOfRevenue": 21490000, "grossProfit": 9990000, "researchDevelopment": {}, "sellingGeneralAdministrative": 5190000, "nonRecurring": {}, "otherOperatingExpenses": 14980000, "totalOperatingExpenses": 42360000, "operatingIncome": -10880000, "totalOtherIncomeExpenseNet": 1610000, "ebit": -10880000, "interestExpense": -360000, "incomeBeforeTax": -9270000, "incomeTaxExpense": -250000, "minorityInterest": {}, "netIncomeFromContinuingOps": -9020000, "discontinuedOperations": {}, "extraordinaryItems": {}, "effectOfAccountingCharges": {}, "otherItems": {}, "netIncome": -9020000, "netIncomeApplicableToCommonShares": -9020000}, {"maxAge": 1, "endDate": "2019-09-30", "totalRevenue": 62947000, "costOfRevenue": 36604000, "grossProfit": 26343000, "researchDevelopment": {}, "sellingGeneralAdministrative": 8772000, "nonRecurring": {}, "otherOperatingExpenses": 21853000, "totalOperatingExpenses": 67965000, "operatingIncome": -5018000, "totalOtherIncomeExpenseNet": -218000, "ebit": -5018000, "interestExpense": -479000, "incomeBeforeTax": -5236000, "incomeTaxExpense": 558000, "minorityInterest": {}, "netIncomeFromContinuingOps": -5794000, "discontinuedOperations": {}, "extraordinaryItems": {}, "effectOfAccountingCharges": {}, "otherItems": {}, "netIncome": -5794000, "netIncomeApplicableToCommonShares": -5794000}], "maxAge": 86400}, "cashflowStatementHistoryQuarterly": {"cashflowStatements": [{"maxAge": 1, "endDate": "2020-06-30", "netIncome": -3743000, "changeToLiabilities": 0}, {"maxAge": 1, "endDate": "2020-03-31", "netIncome": -297000, "changeToLiabilities": 0}, {"maxAge": 1, "endDate": "2019-12-31", "netIncome": -9020000, "changeToLiabilities": 0}, {"maxAge": 1, "endDate": "2019-09-30", "netIncome": -5794000, "changeToLiabilities": 0}], "maxAge": 86400}, "insiderHolders": {"holders": [{"maxAge": 1, "name": "Daryanani (Ashok Gulabari)", "relation": "Director (Non-Executive)", "url": "", "transactionDescription": "Sale", "latestTransDate": "2016-01-08", "positionDirect": 26505, "positionDirectDate": "2016-01-08"}, {"maxAge": 1, "name": "Katre (Mohan Ganesh) HUF", "relation": "UNREPORTED", "url": "", "transactionDescription": "Sale", "latestTransDate": "2010-11-04", "positionDirect": 0, "positionDirectDate": "2010-11-04"}, {"maxAge": 1, "name": "Katre (Rohan Umesh)", "relation": "Promoter", "url": "", "transactionDescription": "Other", "latestTransDate": "2019-11-30", "positionDirect": 0, "positionDirectDate": "2019-11-30"}, {"maxAge": 1, "name": "Katre (Seema Umesh)", "relation": "Promoter", "url": "", "transactionDescription": "Other", "latestTransDate": "2019-11-30", "positionDirect": 886278, "positionDirectDate": "2019-11-30"}, {"maxAge": 1, "name": "Katre (Shweta Umesh)", "relation": "Promoter", "url": "", "transactionDescription": "Other", "latestTransDate": "2019-11-30", "positionDirect": 0, "positionDirectDate": "2019-11-30"}], "maxAge": 1}, "calendarEvents": {"maxAge": 1, "earnings": {"earningsDate": []}}, "upgradeDowngradeHistory": {"history": [], "maxAge": 86400}, "price": {"maxAge": 1, "regularMarketChangePercent": 0.047197595, "regularMarketChange": 0.15999985, "regularMarketTime": "2021-04-30 14:17:42", "priceHint": 4, "regularMarketPrice": 3.55, "regularMarketDayHigh": 3.55, "regularMarketDayLow": 3.55, "regularMarketVolume": 1660, "averageDailyVolume10Day": 1323, "averageDailyVolume3Month": 938, "regularMarketPreviousClose": 3.39, "regularMarketSource": "FREE_REALTIME", "regularMarketOpen": 3.55, "exchange": "BSE", "exchangeName": "BSE", "exchangeDataDelayedBy": 0, "marketState": "CLOSED", "quoteType": "EQUITY", "symbol": "SPICEISL.BO", "underlyingSymbol": null, "shortName": "SPICE ISLANDS APPARELS LTD.", "longName": "Spice Islands Apparels Limited", "currency": "INR", "quoteSourceName": "Delayed Quote", "currencySymbol": "\u20b9", "fromCurrency": null, "lastMarket": null, "marketCap": 15265000}, "balanceSheetHistory": {"balanceSheetStatements": [{"maxAge": 1, "endDate": "2020-03-31", "cash": 9176000, "shortTermInvestments": 206000, "netReceivables": 17283000, "inventory": 7312000, "otherCurrentAssets": 17333000, "totalCurrentAssets": 51310000, "longTermInvestments": 1697000, "propertyPlantEquipment": 20776000, "intangibleAssets": 1000, "otherAssets": 10024000, "deferredLongTermAssetCharges": 6742000, "totalAssets": 83808000, "accountsPayable": 10407000, "otherCurrentLiab": 23455000, "longTermDebt": 204000, "otherLiab": 2185000, "totalCurrentLiabilities": 51876000, "totalLiab": 54265000, "commonStock": 43000000, "treasuryStock": -13457000, "otherStockholderEquity": -13457000, "totalStockholderEquity": 29543000, "netTangibleAssets": 29542000}, {"maxAge": 1, "endDate": "2019-03-31", "cash": 7578566, "netReceivables": 35098473, "inventory": 11745289, "otherCurrentAssets": 12869609, "totalCurrentAssets": 83158824, "longTermInvestments": 2850889, "propertyPlantEquipment": 22326998, "intangibleAssets": 6064, "otherAssets": 10721105, "deferredLongTermAssetCharges": 6453554, "totalAssets": 119063880, "accountsPayable": 13340196, "shortLongTermDebt": 2526200, "otherCurrentLiab": 2201267, "longTermDebt": 1397091, "otherLiab": -1, "totalCurrentLiabilities": 58749081, "totalLiab": 60146171, "commonStock": 43000000, "retainedEarnings": -13146083, "treasuryStock": -5850448, "capitalSurplus": 34914240, "otherStockholderEquity": -5850448, "totalStockholderEquity": 58917709, "netTangibleAssets": 58911645}, {"maxAge": 1, "endDate": "2018-03-31", "cash": 11124738, "netReceivables": 74967250, "inventory": 10339901, "otherCurrentAssets": 18366384, "totalCurrentAssets": 138324326, "longTermInvestments": 4058457, "propertyPlantEquipment": 31209401, "intangibleAssets": 10986, "otherAssets": 6676856, "totalAssets": 180280026, "accountsPayable": 16595686, "shortLongTermDebt": 3024876, "otherCurrentLiab": 1036547, "longTermDebt": 3923621, "otherLiab": 361741, "totalCurrentLiabilities": 77776303, "totalLiab": 82061665, "commonStock": 43000000, "retainedEarnings": 25954619, "treasuryStock": -5650498, "capitalSurplus": 34914240, "otherStockholderEquity": -5650498, "totalStockholderEquity": 98218361, "netTangibleAssets": 98207375}, {"maxAge": 1, "endDate": "2017-03-31", "cash": 22431918, "netReceivables": 45062448, "inventory": 11886837, "otherCurrentAssets": 8755918, "totalCurrentAssets": 113284987, "longTermInvestments": 5263548, "propertyPlantEquipment": 30813358, "intangibleAssets": 18935, "otherAssets": 5862008, "deferredLongTermAssetCharges": 135845, "totalAssets": 155242836, "accountsPayable": 8780610, "shortLongTermDebt": 2328090, "otherCurrentLiab": 1223960, "longTermDebt": 6948486, "totalCurrentLiabilities": 37005923, "totalLiab": 43954409, "commonStock": 43000000, "retainedEarnings": 39130366, "treasuryStock": -5756179, "capitalSurplus": 34914240, "otherStockholderEquity": -5756179, "totalStockholderEquity": 111288427, "netTangibleAssets": 111269492}], "maxAge": 86400}, "financialData": {"maxAge": 86400, "currentPrice": 3.55, "recommendationKey": "none", "grossProfits": 69470000, "financialCurrency": "INR"}}}