{"SPIC.BO": {"recommendationTrend": {"trend": [{"period": "0m", "strongBuy": 0, "buy": 0, "hold": 0, "sell": 0, "strongSell": 0}, {"period": "-1m", "strongBuy": 0, "buy": 0, "hold": 0, "sell": 0, "strongSell": 0}, {"period": "-2m", "strongBuy": 0, "buy": 0, "hold": 0, "sell": 0, "strongSell": 0}, {"period": "-3m", "strongBuy": 0, "buy": 0, "hold": 0, "sell": 0, "strongSell": 0}], "maxAge": 86400}, "cashflowStatementHistory": {"cashflowStatements": [{"maxAge": 1, "endDate": "2020-03-31", "netIncome": 674835000, "depreciation": 317819000, "changeToNetincome": 206915000, "changeToAccountReceivables": 89869000, "changeToLiabilities": -299286000, "changeToInventory": 526673000, "changeToOperatingActivities": -156525000, "totalCashFromOperatingActivities": 1363908000, "capitalExpenditures": -1516334000, "investments": -19342000, "otherCashflowsFromInvestingActivities": 23083000, "totalCashflowsFromInvestingActivities": -1511196000, "netBorrowings": 396711000, "otherCashflowsFromFinancingActivities": -332542000, "totalCashFromFinancingActivities": 64169000, "changeInCash": -83119000}, {"maxAge": 1, "endDate": "2019-03-31", "netIncome": 629935000, "depreciation": 317698000, "changeToNetincome": 187463000, "changeToAccountReceivables": 298051000, "changeToLiabilities": 4696662000, "changeToInventory": 6485000, "changeToOperatingActivities": -5465527000, "totalCashFromOperatingActivities": 673641000, "capitalExpenditures": -668752000, "investments": -408345000, "otherCashflowsFromInvestingActivities": 70237000, "totalCashflowsFromInvestingActivities": -1005994000, "netBorrowings": 1357483000, "otherCashflowsFromFinancingActivities": -334479000, "totalCashFromFinancingActivities": 1023004000, "changeInCash": 690651000}, {"maxAge": 1, "endDate": "2018-03-31", "netIncome": 454059000, "depreciation": 398802000, "changeToNetincome": 219649000, "changeToAccountReceivables": 441068000, "changeToLiabilities": 3095596000, "changeToInventory": 417622000, "changeToOperatingActivities": -1733638000, "totalCashFromOperatingActivities": 3295485000, "capitalExpenditures": -421321000, "investments": -2140000, "otherCashflowsFromInvestingActivities": 15620000, "totalCashflowsFromInvestingActivities": -397545000, "netBorrowings": -2748119000, "otherCashflowsFromFinancingActivities": -152265000, "totalCashFromFinancingActivities": -2900384000, "changeInCash": -2444000}, {"maxAge": 1, "endDate": "2017-03-31", "netIncome": 263533000, "depreciation": 308316000, "changeToNetincome": 94747000, "changeToAccountReceivables": -287350000, "changeToLiabilities": -7812244000, "changeToInventory": -1368773000, "changeToOperatingActivities": 5294836000, "totalCashFromOperatingActivities": -3506935000, "capitalExpenditures": -190416000, "investments": -755000, "otherCashflowsFromInvestingActivities": 17323000, "totalCashflowsFromInvestingActivities": -173724000, "netBorrowings": 3732898000, "otherCashflowsFromFinancingActivities": -129740000, "totalCashFromFinancingActivities": 3603158000, "changeInCash": -77501000}], "maxAge": 86400}, "institutionOwnership": {"ownershipList": [], "maxAge": 1}, "balanceSheetHistoryQuarterly": {"balanceSheetStatements": [{"maxAge": 1, "endDate": "2020-06-30", "totalStockholderEquity": 4347223000, "netTangibleAssets": 4337043000}, {"maxAge": 1, "endDate": "2020-03-31", "cash": 640933000, "netReceivables": 10984172000, "inventory": 1350579000, "otherCurrentAssets": 1267684000, "totalCurrentAssets": 14276945000, "longTermInvestments": 981534000, "propertyPlantEquipment": 3770395000, "intangibleAssets": 10180000, "otherAssets": 1893357000, "deferredLongTermAssetCharges": 1044147000, "totalAssets": 20932411000, "accountsPayable": 11817364000, "shortLongTermDebt": 1286550000, "otherCurrentLiab": 132062000, "otherLiab": 301331000, "totalCurrentLiabilities": 16283857000, "totalLiab": 16585188000, "commonStock": 2036403000, "retainedEarnings": -331157000, "treasuryStock": 537206000, "capitalSurplus": 2104771000, "otherStockholderEquity": 537206000, "totalStockholderEquity": 4347223000, "netTangibleAssets": 4337043000}, {"maxAge": 1, "endDate": "2019-12-31", "totalStockholderEquity": 4026642000, "netTangibleAssets": 4014658000}, {"maxAge": 1, "endDate": "2019-09-30", "cash": 1009606000, "shortTermInvestments": 7507561000, "netReceivables": 130616000, "inventory": 2633519000, "otherCurrentAssets": 2067799000, "totalCurrentAssets": 13349101000, "longTermInvestments": 979901000, "propertyPlantEquipment": 3214343000, "intangibleAssets": 11984000, "otherAssets": 1699974000, "deferredLongTermAssetCharges": 1038267000, "totalAssets": 19255303000, "accountsPayable": 12028936000, "shortLongTermDebt": 650054000, "otherCurrentLiab": 174781000, "longTermDebt": 1286550000, "otherLiab": 289201000, "totalCurrentLiabilities": 13652910000, "totalLiab": 15228661000, "commonStock": 2036403000, "treasuryStock": 1990239000, "otherStockholderEquity": 1990239000, "totalStockholderEquity": 4026642000, "netTangibleAssets": 4014658000}], "maxAge": 86400}, "earningsHistory": {"history": [{"maxAge": 1, "epsActual": {}, "epsEstimate": {}, "epsDifference": {}, "surprisePercent": {}, "quarter": {}, "period": "-4q"}, {"maxAge": 1, "epsActual": {}, "epsEstimate": {}, "epsDifference": {}, "surprisePercent": {}, "quarter": {}, "period": "-3q"}, {"maxAge": 1, "epsActual": {}, "epsEstimate": {}, "epsDifference": {}, "surprisePercent": {}, "quarter": {}, "period": "-2q"}, {"maxAge": 1, "epsActual": {}, "epsEstimate": {}, "epsDifference": {}, "surprisePercent": {}, "quarter": {}, "period": "-1q"}], "maxAge": 86400}, "indexTrend": {"maxAge": 1, "symbol": "SP5", "peRatio": 19.7411, "pegRatio": 1.34172, "estimates": [{"period": "0q", "growth": 0.549}, {"period": "+1q", "growth": 0.431}, {"period": "0y", "growth": 0.305}, {"period": "+1y", "growth": 0.109}, {"period": "+5y", "growth": 0.120865}, {"period": "-5y"}]}, "industryTrend": {"maxAge": 1, "symbol": null, "estimates": []}, "quoteType": {"exchange": "BSE", "quoteType": "EQUITY", "symbol": "SPIC.BO", "underlyingSymbol": "SPIC.BO", "shortName": "SOUTHERN PETROCHEMICALS LTD.", "longName": "Southern Petrochemical Industries Corporation Limited", "firstTradeDateEpochUtc": "2000-01-03 09:15:00", "timeZoneFullName": "Asia/Kolkata", "timeZoneShortName": "IST", "uuid": "fa46d977-4171-3dbe-85e1-c6f96a05052d", "gmtOffSetMilliseconds": 19800000, "maxAge": 1}, "incomeStatementHistory": {"incomeStatementHistory": [{"maxAge": 1, "endDate": "2020-03-31", "totalRevenue": 20859264000, "costOfRevenue": 12144576000, "grossProfit": 8714688000, "researchDevelopment": {}, "sellingGeneralAdministrative": 633415000, "nonRecurring": {}, "otherOperatingExpenses": 6877380000, "totalOperatingExpenses": 19976798000, "operatingIncome": 882466000, "totalOtherIncomeExpenseNet": -180940000, "ebit": 882466000, "interestExpense": -323303000, "incomeBeforeTax": 701526000, "incomeTaxExpense": 26691000, "minorityInterest": {}, "netIncomeFromContinuingOps": 674835000, "discontinuedOperations": {}, "extraordinaryItems": {}, "effectOfAccountingCharges": {}, "otherItems": {}, "netIncome": 674835000, "netIncomeApplicableToCommonShares": 674835000}, {"maxAge": 1, "endDate": "2019-03-31", "totalRevenue": 26009820000, "costOfRevenue": 16234562000, "grossProfit": 9775258000, "researchDevelopment": {}, "sellingGeneralAdministrative": 675550000, "nonRecurring": {}, "otherOperatingExpenses": 8008958000, "totalOperatingExpenses": 25239642000, "operatingIncome": 770178000, "totalOtherIncomeExpenseNet": -110661000, "ebit": 770178000, "interestExpense": -338531000, "incomeBeforeTax": 659517000, "incomeTaxExpense": 29582000, "minorityInterest": {}, "netIncomeFromContinuingOps": 629935000, "discontinuedOperations": {}, "extraordinaryItems": {}, "effectOfAccountingCharges": {}, "otherItems": {}, "netIncome": 629935000, "netIncomeApplicableToCommonShares": 629935000}, {"maxAge": 1, "endDate": "2018-03-31", "totalRevenue": 19936079000, "costOfRevenue": 10911174000, "grossProfit": 9024905000, "researchDevelopment": {}, "sellingGeneralAdministrative": 587939000, "nonRecurring": {}, "otherOperatingExpenses": 7252534000, "totalOperatingExpenses": 19152776000, "operatingIncome": 783303000, "totalOtherIncomeExpenseNet": -286432000, "ebit": 783303000, "interestExpense": -390585000, "incomeBeforeTax": 496871000, "incomeTaxExpense": 42812000, "minorityInterest": {}, "netIncomeFromContinuingOps": 454059000, "discontinuedOperations": {}, "extraordinaryItems": {}, "effectOfAccountingCharges": {}, "otherItems": {}, "netIncome": 454059000, "netIncomeApplicableToCommonShares": 454059000}, {"maxAge": 1, "endDate": "2017-03-31", "totalRevenue": 14990225000, "costOfRevenue": 8214438000, "grossProfit": 6775787000, "researchDevelopment": {}, "sellingGeneralAdministrative": 598447000, "nonRecurring": {}, "otherOperatingExpenses": 5582947000, "totalOperatingExpenses": 14704148000, "operatingIncome": 286077000, "totalOtherIncomeExpenseNet": -22544000, "ebit": 286077000, "interestExpense": -87450000, "incomeBeforeTax": 263533000, "incomeTaxExpense": 0, "minorityInterest": {}, "netIncomeFromContinuingOps": 263533000, "discontinuedOperations": {}, "extraordinaryItems": {}, "effectOfAccountingCharges": {}, "otherItems": {}, "netIncome": 263533000, "netIncomeApplicableToCommonShares": 263533000}], "maxAge": 86400}, "fundOwnership": {"ownershipList": [], "maxAge": 1}, "summaryDetail": {"maxAge": 1, "priceHint": 2, "previousClose": 30.3, "open": 29.75, "dayLow": 29.75, "dayHigh": 31.35, "regularMarketPreviousClose": 30.3, "regularMarketOpen": 29.75, "regularMarketDayLow": 29.75, "regularMarketDayHigh": 31.35, "trailingPE": 9.634499, "volume": 81408, "regularMarketVolume": 81408, "averageVolume": 115160, "averageVolume10days": 50665, "averageDailyVolume10Day": 50665, "bid": 30.0, "ask": 30.6, "bidSize": 0, "askSize": 0, "marketCap": 6119382016, "fiftyTwoWeekLow": 9.5, "fiftyTwoWeekHigh": 31.35, "fiftyDayAverage": 24.50909, "twoHundredDayAverage": 21.159191, "currency": "INR", "fromCurrency": null, "lastMarket": null, "algorithm": null, "tradeable": false}, "sectorTrend": {"maxAge": 1, "symbol": null, "estimates": []}, "incomeStatementHistoryQuarterly": {"incomeStatementHistory": [{"maxAge": 1, "endDate": "2020-06-30", "totalRevenue": 3202051000, "costOfRevenue": 2377270000, "grossProfit": 824781000, "researchDevelopment": {}, "sellingGeneralAdministrative": 140062000, "nonRecurring": {}, "otherOperatingExpenses": 533744000, "totalOperatingExpenses": 3145662000, "operatingIncome": 56389000, "totalOtherIncomeExpenseNet": 1278000, "ebit": 56389000, "interestExpense": -32808000, "incomeBeforeTax": 57667000, "incomeTaxExpense": 7128000, "minorityInterest": {}, "netIncomeFromContinuingOps": 50539000, "discontinuedOperations": {}, "extraordinaryItems": {}, "effectOfAccountingCharges": {}, "otherItems": {}, "netIncome": 50539000, "netIncomeApplicableToCommonShares": 50539000}, {"maxAge": 1, "endDate": "2020-03-31", "totalRevenue": 5218539000, "costOfRevenue": -706622000, "grossProfit": 5925161000, "researchDevelopment": {}, "sellingGeneralAdministrative": 212827000, "nonRecurring": {}, "otherOperatingExpenses": 5273193000, "totalOperatingExpenses": 4865012000, "operatingIncome": 353527000, "totalOtherIncomeExpenseNet": -55248000, "ebit": 353527000, "interestExpense": -38203000, "incomeBeforeTax": 298279000, "incomeTaxExpense": 2515000, "minorityInterest": {}, "netIncomeFromContinuingOps": 295764000, "discontinuedOperations": {}, "extraordinaryItems": {}, "effectOfAccountingCharges": {}, "otherItems": {}, "netIncome": 295764000, "netIncomeApplicableToCommonShares": 295764000}, {"maxAge": 1, "endDate": "2019-12-31", "totalRevenue": 3822150000, "costOfRevenue": 3084999000, "grossProfit": 737151000, "researchDevelopment": {}, "sellingGeneralAdministrative": 143912000, "nonRecurring": {}, "otherOperatingExpenses": 430885000, "totalOperatingExpenses": 3743999000, "operatingIncome": 78151000, "totalOtherIncomeExpenseNet": 3277000, "ebit": 78151000, "interestExpense": -44504000, "incomeBeforeTax": 81428000, "incomeTaxExpense": 8821000, "minorityInterest": {}, "netIncomeFromContinuingOps": 72607000, "discontinuedOperations": {}, "extraordinaryItems": {}, "effectOfAccountingCharges": {}, "otherItems": {}, "netIncome": 72607000, "netIncomeApplicableToCommonShares": 72607000}, {"maxAge": 1, "endDate": "2019-09-30", "totalRevenue": 6276347000, "costOfRevenue": 5253500000, "grossProfit": 1022847000, "researchDevelopment": {}, "sellingGeneralAdministrative": 138722000, "nonRecurring": {}, "otherOperatingExpenses": 613531000, "totalOperatingExpenses": 6081712000, "operatingIncome": 194635000, "totalOtherIncomeExpenseNet": -61762000, "ebit": 194635000, "interestExpense": -123774000, "incomeBeforeTax": 132873000, "incomeTaxExpense": 6179000, "minorityInterest": {}, "netIncomeFromContinuingOps": 126694000, "discontinuedOperations": {}, "extraordinaryItems": {}, "effectOfAccountingCharges": {}, "otherItems": {}, "netIncome": 126694000, "netIncomeApplicableToCommonShares": 126694000}], "maxAge": 86400}, "cashflowStatementHistoryQuarterly": {"cashflowStatements": [{"maxAge": 1, "endDate": "2020-06-30", "netIncome": 50539000, "changeToLiabilities": 0}, {"maxAge": 1, "endDate": "2020-03-31", "netIncome": 295764000, "changeToLiabilities": 0}, {"maxAge": 1, "endDate": "2019-12-31", "netIncome": 72607000, "changeToLiabilities": 0}, {"maxAge": 1, "endDate": "2019-09-30", "netIncome": 126694000, "changeToLiabilities": 0}], "maxAge": 86400}, "insiderHolders": {"holders": [], "maxAge": 1}, "earnings": {"maxAge": 86400, "earningsChart": {"quarterly": [], "earningsDate": ["2020-06-18 05:30:S"]}, "financialsChart": {"yearly": [{"date": 2017, "revenue": 14990225000, "earnings": 263533000}, {"date": 2018, "revenue": 19936079000, "earnings": 454059000}, {"date": 2019, "revenue": 26009820000, "earnings": 629935000}, {"date": 2020, "revenue": 20859264000, "earnings": 674835000}], "quarterly": [{"date": "3Q2019", "revenue": 6276347000, "earnings": 126694000}, {"date": "4Q2019", "revenue": 3822150000, "earnings": 72607000}, {"date": "1Q2020", "revenue": 5218539000, "earnings": 295764000}, {"date": "2Q2020", "revenue": 3202051000, "earnings": 50539000}]}, "financialCurrency": "INR"}, "calendarEvents": {"maxAge": 1, "earnings": {"earningsDate": ["2020-06-18 05:30:S"]}}, "upgradeDowngradeHistory": {"history": [], "maxAge": 86400}, "price": {"maxAge": 1, "regularMarketChangePercent": -0.008250825, "regularMarketChange": -0.25, "regularMarketTime": "2021-04-30 15:29:52", "priceHint": 2, "regularMarketPrice": 30.05, "regularMarketDayHigh": 31.35, "regularMarketDayLow": 29.75, "regularMarketVolume": 81408, "averageDailyVolume10Day": 50665, "averageDailyVolume3Month": 115160, "regularMarketPreviousClose": 30.3, "regularMarketSource": "FREE_REALTIME", "regularMarketOpen": 29.75, "exchange": "BSE", "exchangeName": "BSE", "exchangeDataDelayedBy": 0, "marketState": "CLOSED", "quoteType": "EQUITY", "symbol": "SPIC.BO", "underlyingSymbol": null, "shortName": "SOUTHERN PETROCHEMICALS LTD.", "longName": "Southern Petrochemical Industries Corporation Limited", "currency": "INR", "quoteSourceName": "Delayed Quote", "currencySymbol": "\u20b9", "fromCurrency": null, "lastMarket": null, "marketCap": 6119382016}, "balanceSheetHistory": {"balanceSheetStatements": [{"maxAge": 1, "endDate": "2020-03-31", "cash": 640933000, "netReceivables": 10984172000, "inventory": 1350579000, "otherCurrentAssets": 1267684000, "totalCurrentAssets": 14276945000, "longTermInvestments": 981534000, "propertyPlantEquipment": 3770395000, "intangibleAssets": 10180000, "otherAssets": 1893357000, "deferredLongTermAssetCharges": 1044147000, "totalAssets": 20932411000, "accountsPayable": 11817364000, "shortLongTermDebt": 1286550000, "otherCurrentLiab": 132062000, "otherLiab": 301331000, "totalCurrentLiabilities": 16283857000, "totalLiab": 16585188000, "commonStock": 2036403000, "retainedEarnings": -331157000, "treasuryStock": 537206000, "capitalSurplus": 2104771000, "otherStockholderEquity": 537206000, "totalStockholderEquity": 4347223000, "netTangibleAssets": 4337043000}, {"maxAge": 1, "endDate": "2019-03-31", "cash": 724052000, "netReceivables": 10520752000, "inventory": 1878536000, "otherCurrentAssets": 1777485000, "totalCurrentAssets": 14917907000, "longTermInvestments": 882840000, "propertyPlantEquipment": 2989658000, "intangibleAssets": 13788000, "otherAssets": 1544998000, "deferredLongTermAssetCharges": 1040860000, "totalAssets": 20349191000, "accountsPayable": 12087295000, "shortLongTermDebt": 340950000, "otherCurrentLiab": 67784000, "longTermDebt": 1286550000, "otherLiab": 288869000, "totalCurrentLiabilities": 15065689000, "totalLiab": 16641108000, "commonStock": 2036403000, "retainedEarnings": -1005992000, "treasuryStock": 572901000, "capitalSurplus": 2104771000, "otherStockholderEquity": 572901000, "totalStockholderEquity": 3708083000, "netTangibleAssets": 3694295000}, {"maxAge": 1, "endDate": "2018-03-31", "cash": 33401000, "netReceivables": 5741587000, "inventory": 1887462000, "otherCurrentAssets": 1944062000, "totalCurrentAssets": 9628135000, "longTermInvestments": 738433000, "propertyPlantEquipment": 2798374000, "intangibleAssets": 10671000, "otherAssets": 1571695000, "deferredLongTermAssetCharges": 1020478000, "totalAssets": 14747308000, "accountsPayable": 7390637000, "otherCurrentLiab": 844976000, "longTermDebt": 1627500000, "otherLiab": 293108000, "totalCurrentLiabilities": 9382154000, "totalLiab": 11302762000, "commonStock": 2036403000, "retainedEarnings": -1369955000, "treasuryStock": 673327000, "capitalSurplus": 2104771000, "otherStockholderEquity": 673327000, "totalStockholderEquity": 3444546000, "netTangibleAssets": 3433875000}, {"maxAge": 1, "endDate": "2017-03-31", "cash": 35845000, "netReceivables": 4395480000, "inventory": 2293994000, "otherCurrentAssets": 161815000, "totalCurrentAssets": 6907099000, "longTermInvestments": 355372000, "propertyPlantEquipment": 2834505000, "intangibleAssets": 5313000, "otherAssets": 2090103000, "deferredLongTermAssetCharges": 358652000, "totalAssets": 12192392000, "accountsPayable": 3703184000, "otherCurrentLiab": 80390000, "longTermDebt": 340950000, "otherLiab": 264100000, "totalCurrentLiabilities": 8900438000, "totalLiab": 9505488000, "commonStock": 2036403000, "retainedEarnings": -2134006000, "treasuryStock": 679736000, "capitalSurplus": 2104771000, "otherStockholderEquity": 679736000, "totalStockholderEquity": 2686904000, "netTangibleAssets": 2681591000}], "maxAge": 86400}, "earningsTrend": {"trend": [{"maxAge": 1, "period": "0q", "endDate": null, "growth": {}, "earningsEstimate": {"avg": 0.0, "low": 0.0, "high": 0.0, "yearAgoEps": {}, "numberOfAnalysts": 0, "growth": {}}, "revenueEstimate": {"avg": 0, "low": 0, "high": 0, "numberOfAnalysts": 0, "yearAgoRevenue": {}, "growth": {}}, "epsTrend": {"current": 0.0, "7daysAgo": 0.0, "30daysAgo": 0.0, "60daysAgo": 0.0, "90daysAgo": 0.0}, "epsRevisions": {"upLast7days": 0, "upLast30days": 0, "downLast30days": 0, "downLast90days": {}}}, {"maxAge": 1, "period": "+1q", "endDate": null, "growth": {}, "earningsEstimate": {"avg": 0.0, "low": 0.0, "high": 0.0, "yearAgoEps": {}, "numberOfAnalysts": 0, "growth": {}}, "revenueEstimate": {"avg": 0, "low": 0, "high": 0, "numberOfAnalysts": 0, "yearAgoRevenue": {}, "growth": {}}, "epsTrend": {"current": 0.0, "7daysAgo": 0.0, "30daysAgo": 0.0, "60daysAgo": 0.0, "90daysAgo": 0.0}, "epsRevisions": {"upLast7days": 0, "upLast30days": 0, "downLast30days": 0, "downLast90days": {}}}, {"maxAge": 1, "period": "0y", "endDate": null, "growth": {}, "earningsEstimate": {"avg": 0.0, "low": 0.0, "high": 0.0, "yearAgoEps": {}, "numberOfAnalysts": 0, "growth": {}}, "revenueEstimate": {"avg": 0, "low": 0, "high": 0, "numberOfAnalysts": 0, "yearAgoRevenue": {}, "growth": {}}, "epsTrend": {"current": 0.0, "7daysAgo": 0.0, "30daysAgo": 0.0, "60daysAgo": 0.0, "90daysAgo": 0.0}, "epsRevisions": {"upLast7days": 0, "upLast30days": 0, "downLast30days": 0, "downLast90days": {}}}, {"maxAge": 1, "period": "+1y", "endDate": null, "growth": {}, "earningsEstimate": {"avg": 0.0, "low": 0.0, "high": 0.0, "yearAgoEps": {}, "numberOfAnalysts": 0, "growth": {}}, "revenueEstimate": {"avg": 0, "low": 0, "high": 0, "numberOfAnalysts": 0, "yearAgoRevenue": {}, "growth": {}}, "epsTrend": {"current": 0.0, "7daysAgo": 0.0, "30daysAgo": 0.0, "60daysAgo": 0.0, "90daysAgo": 0.0}, "epsRevisions": {"upLast7days": 0, "upLast30days": 0, "downLast30days": 0, "downLast90days": {}}}, {"maxAge": 1, "period": "+5y", "endDate": null, "growth": {}, "earningsEstimate": {"avg": {}, "low": {}, "high": {}, "yearAgoEps": {}, "numberOfAnalysts": {}, "growth": {}}, "revenueEstimate": {"avg": {}, "low": {}, "high": {}, "numberOfAnalysts": {}, "yearAgoRevenue": {}, "growth": {}}, "epsTrend": {"current": {}, "7daysAgo": {}, "30daysAgo": {}, "60daysAgo": {}, "90daysAgo": {}}, "epsRevisions": {"upLast7days": {}, "upLast30days": {}, "downLast30days": {}, "downLast90days": {}}}, {"maxAge": 1, "period": "-5y", "endDate": null, "growth": 0.06219, "earningsEstimate": {"avg": {}, "low": {}, "high": {}, "yearAgoEps": {}, "numberOfAnalysts": {}, "growth": {}}, "revenueEstimate": {"avg": {}, "low": {}, "high": {}, "numberOfAnalysts": {}, "yearAgoRevenue": {}, "growth": {}}, "epsTrend": {"current": {}, "7daysAgo": {}, "30daysAgo": {}, "60daysAgo": {}, "90daysAgo": {}}, "epsRevisions": {"upLast7days": {}, "upLast30days": {}, "downLast30days": {}, "downLast90days": {}}}], "maxAge": 1}, "financialData": {"maxAge": 86400, "currentPrice": 30.05, "recommendationKey": "none", "grossProfits": 8714688000, "financialCurrency": "INR"}}}