{"SPLIL.NS": {"assetProfile": {"address1": "Plot No. 21", "address2": "Sector - 6", "city": "Faridabad", "zip": "121006", "country": "India", "phone": "91 12 9224 0411", "fax": "91 12 9224 3340", "website": "http://www.spllimited.com", "industry": "Apparel Manufacturing", "sector": "Consumer Cyclical", "longBusinessSummary": "SPL Industries Limited designs, manufactures, and sells cotton knitted garments and made ups in India. The company operates through two segments, Manufacturing and Trading. It offers single jersey, jacquard, interlocks, flat backs, auto stripes fleece, double jersey jacquard, and waffles and various texture fabrics; and range of outer wear, such as T shirts, sweat shirts, polo shirts, etc. The company also trades in garments; and exports its products. The company was formerly known as Shivalik Prints Private Limited and changed its name to SPL Industries Limited in 1994. SPL Industries Limited was incorporated in 1991 and is based in Faridabad, India.", "fullTimeEmployees": 458, "companyOfficers": [{"maxAge": 1, "name": "Mr. Mukesh Kumar Aggarwal", "age": 55, "title": "MD, CEO & Chairman", "yearBorn": 1965, "fiscalYear": 2020, "totalPay": 6288462, "exercisedValue": 0, "unexercisedValue": 0}, {"maxAge": 1, "name": "Mr. Sanjay  Gupta", "title": "Chief Financial Officer", "fiscalYear": 2020, "totalPay": 892045, "exercisedValue": 0, "unexercisedValue": 0}, {"maxAge": 1, "name": "Mr. Ashish  Yadav", "title": "Compliance Officer & Company Sec.", "fiscalYear": 2020, "totalPay": 752308, "exercisedValue": 0, "unexercisedValue": 0}, {"maxAge": 1, "name": "Mr. Vijay Kumar Jindal", "age": 63, "title": "Whole-Time Director", "yearBorn": 1957, "fiscalYear": 2020, "totalPay": 0, "exercisedValue": 0, "unexercisedValue": 0}], "compensationAsOfEpochDate": "2020-12-31 05:30:00", "maxAge": 86400}, "cashflowStatementHistory": {"cashflowStatements": [{"maxAge": 1, "endDate": "2020-03-31", "netIncome": 312724000, "depreciation": 31491000, "changeToNetincome": -28891000, "changeToAccountReceivables": 71444000, "changeToLiabilities": -115768000, "changeToInventory": 9842000, "changeToOperatingActivities": 1847000, "totalCashFromOperatingActivities": 281841000, "capitalExpenditures": -9377000, "otherCashflowsFromInvestingActivities": -270094000, "totalCashflowsFromInvestingActivities": -279326000, "netBorrowings": 15372000, "otherCashflowsFromFinancingActivities": -13163000, "totalCashFromFinancingActivities": 2209000, "changeInCash": 4724000}, {"maxAge": 1, "endDate": "2019-03-31", "netIncome": 271681000, "depreciation": 38393000, "changeToNetincome": 9044000, "changeToAccountReceivables": -89218000, "changeToLiabilities": -39318000, "changeToInventory": -10335000, "changeToOperatingActivities": -25764000, "totalCashFromOperatingActivities": 158731000, "capitalExpenditures": -28559000, "otherCashflowsFromInvestingActivities": -119153000, "totalCashflowsFromInvestingActivities": -141169000, "netBorrowings": 185000, "otherCashflowsFromFinancingActivities": -9432000, "totalCashFromFinancingActivities": -9247000, "changeInCash": 8315000}, {"maxAge": 1, "endDate": "2018-03-31", "netIncome": 53872000, "depreciation": 39022000, "changeToNetincome": -3761000, "changeToAccountReceivables": 31650000, "changeToLiabilities": -119626000, "changeToInventory": 177630000, "changeToOperatingActivities": -8826000, "totalCashFromOperatingActivities": 158310000, "capitalExpenditures": -47346000, "otherCashflowsFromInvestingActivities": 43117000, "totalCashflowsFromInvestingActivities": -3351000, "netBorrowings": -124876000, "otherCashflowsFromFinancingActivities": -16402000, "totalCashFromFinancingActivities": -141278000, "changeInCash": 13681000}, {"maxAge": 1, "endDate": "2017-03-31", "netIncome": 14514000, "depreciation": 29080000, "changeToNetincome": 16343000, "changeToAccountReceivables": -17648000, "changeToLiabilities": 282021000, "changeToInventory": -100755000, "changeToOperatingActivities": -34631000, "totalCashFromOperatingActivities": 191976000, "capitalExpenditures": -106970000, "otherCashflowsFromInvestingActivities": -33213000, "totalCashflowsFromInvestingActivities": -140183000, "netBorrowings": -33861000, "otherCashflowsFromFinancingActivities": -27250000, "totalCashFromFinancingActivities": -61111000, "changeInCash": -9318000}], "maxAge": 86400}, "institutionOwnership": {"ownershipList": [], "maxAge": 1}, "majorHoldersBreakdown": {"maxAge": 1, "insidersPercentHeld": 0.75598997, "institutionsPercentHeld": 0.0, "institutionsFloatPercentHeld": 0.0, "institutionsCount": 0}, "balanceSheetHistoryQuarterly": {"balanceSheetStatements": [{"maxAge": 1, "endDate": "2020-12-31", "totalStockholderEquity": 1363535000, "netTangibleAssets": 1363535000}, {"maxAge": 1, "endDate": "2020-09-30", "cash": 589936000, "netReceivables": 346449000, "inventory": 11720000, "otherCurrentAssets": 32770000, "totalCurrentAssets": 980875000, "longTermInvestments": 28929000, "propertyPlantEquipment": 320401000, "otherAssets": 213127000, "deferredLongTermAssetCharges": 10828000, "totalAssets": 1543332000, "accountsPayable": 80944000, "otherCurrentLiab": 34483000, "otherLiab": 7438000, "totalCurrentLiabilities": 172359000, "totalLiab": 179797000, "commonStock": 290000000, "treasuryStock": 1073535000, "otherStockholderEquity": 1073535000, "totalStockholderEquity": 1363535000, "netTangibleAssets": 1363535000}, {"maxAge": 1, "endDate": "2020-06-30", "totalStockholderEquity": 1289132000, "netTangibleAssets": 1289132000}, {"maxAge": 1, "endDate": "2020-03-31", "cash": 39323000, "netReceivables": 340158000, "inventory": 23215000, "otherCurrentAssets": 443650000, "totalCurrentAssets": 848184000, "propertyPlantEquipment": 490895000, "otherAssets": 85779000, "deferredLongTermAssetCharges": 10828000, "totalAssets": 1424858000, "accountsPayable": 79175000, "otherCurrentLiab": 97000, "otherLiab": 5459000, "totalCurrentLiabilities": 130267000, "totalLiab": 135726000, "commonStock": 290000000, "retainedEarnings": 243306000, "treasuryStock": 259081000, "capitalSurplus": 496745000, "otherStockholderEquity": 259081000, "totalStockholderEquity": 1289132000, "netTangibleAssets": 1289132000}], "maxAge": 86400}, "indexTrend": {"maxAge": 1, "symbol": "SP5", "peRatio": 19.7411, "pegRatio": 1.34172, "estimates": [{"period": "0q", "growth": 0.549}, {"period": "+1q", "growth": 0.431}, {"period": "0y", "growth": 0.305}, {"period": "+1y", "growth": 0.109}, {"period": "+5y", "growth": 0.120865}, {"period": "-5y"}]}, "defaultKeyStatistics": {"maxAge": 1, "priceHint": 2, "enterpriseValue": 913196224, "profitMargins": 0.15578, "floatShares": 8575763, "sharesOutstanding": 29000000, "heldPercentInsiders": 0.75598997, "heldPercentInstitutions": 0.0, "beta": 0.465509, "category": null, "bookValue": 46.955, "priceToBook": 0.7666915, "fundFamily": null, "legalType": null, "lastFiscalYearEnd": "2020-03-31 05:30:00", "nextFiscalYearEnd": "2022-03-31 05:30:00", "mostRecentQuarter": "2020-12-31 05:30:00", "earningsQuarterlyGrowth": -0.429, "netIncomeToCommon": 181880992, "trailingEps": 6.273, "lastSplitFactor": null, "enterpriseToRevenue": 0.782, "enterpriseToEbitda": 5.561}, "summaryProfile": {"address1": "Plot No. 21", "address2": "Sector - 6", "city": "Faridabad", "zip": "121006", "country": "India", "phone": "91 12 9224 0411", "fax": "91 12 9224 3340", "website": "http://www.spllimited.com", "industry": "Apparel Manufacturing", "sector": "Consumer Cyclical", "longBusinessSummary": "SPL Industries Limited designs, manufactures, and sells cotton knitted garments and made ups in India. The company operates through two segments, Manufacturing and Trading. It offers single jersey, jacquard, interlocks, flat backs, auto stripes fleece, double jersey jacquard, and waffles and various texture fabrics; and range of outer wear, such as T shirts, sweat shirts, polo shirts, etc. The company also trades in garments; and exports its products. The company was formerly known as Shivalik Prints Private Limited and changed its name to SPL Industries Limited in 1994. SPL Industries Limited was incorporated in 1991 and is based in Faridabad, India.", "fullTimeEmployees": 458, "companyOfficers": [], "maxAge": 86400}, "netSharePurchaseActivity": {"maxAge": 1, "period": "6m", "buyInfoCount": 0, "buyInfoShares": 0, "sellInfoCount": 0, "netInfoCount": 0, "netInfoShares": 0, "netPercentInsiderShares": 0.0, "totalInsiderShares": 30175428}, "insiderTransactions": {"transactions": [{"maxAge": 1, "shares": 33378, "filerUrl": "", "transactionText": "", "filerName": "Aggarwal (Kushal)", "filerRelation": "Promoter", "moneyText": "", "startDate": "2020-03-30", "ownership": "D"}, {"maxAge": 1, "shares": 19053, "filerUrl": "", "transactionText": "", "filerName": "Aggarwal (Kushal)", "filerRelation": "Promoter", "moneyText": "", "startDate": "2020-03-30", "ownership": "D"}, {"maxAge": 1, "shares": 24874, "filerUrl": "", "transactionText": "", "filerName": "Aggarwal (Kushal)", "filerRelation": "Promoter", "moneyText": "", "startDate": "2020-03-18", "ownership": "D"}, {"maxAge": 1, "shares": 26744, "filerUrl": "", "transactionText": "", "filerName": "Aggarwal (Vipul)", "filerRelation": "Promoter", "moneyText": "", "startDate": "2018-07-12", "ownership": "D"}, {"maxAge": 1, "shares": 23165, "filerUrl": "", "transactionText": "", "filerName": "Aggarwal (Kushal)", "filerRelation": "Promoter", "moneyText": "", "startDate": "2018-06-28", "ownership": "D"}, {"maxAge": 1, "shares": 3407, "filerUrl": "", "transactionText": "", "filerName": "Aggarwal (Vipul)", "filerRelation": "Promoter", "moneyText": "", "startDate": "2018-05-22", "ownership": "D"}, {"maxAge": 1, "shares": 48721, "filerUrl": "", "transactionText": "", "filerName": "Aggarwal (Vipul)", "filerRelation": "Promoter", "moneyText": "", "startDate": "2018-05-21", "ownership": "D"}, {"maxAge": 1, "shares": 42591, "filerUrl": "", "transactionText": "", "filerName": "Aggarwal (Nishant)", "filerRelation": "Promoter", "moneyText": "", "startDate": "2018-03-31", "ownership": "D"}, {"maxAge": 1, "shares": 59500, "filerUrl": "", "transactionText": "", "filerName": "Aggarwal (Kiran)", "filerRelation": "Promoter", "moneyText": "", "startDate": "2018-03-31", "ownership": "D"}], "maxAge": 1}, "quoteType": {"exchange": "NSI", "quoteType": "EQUITY", "symbol": "SPLIL.NS", "underlyingSymbol": "SPLIL.NS", "shortName": "SPL INDUSTRIES LTD", "longName": "SPL Industries Limited", "firstTradeDateEpochUtc": "2005-07-26 09:15:00", "timeZoneFullName": "Asia/Kolkata", "timeZoneShortName": "IST", "uuid": "7b811669-a3d2-38bd-b59d-05d9f7d94a85", "gmtOffSetMilliseconds": 19800000, "maxAge": 1}, "incomeStatementHistory": {"incomeStatementHistory": [{"maxAge": 1, "endDate": "2020-03-31", "totalRevenue": 1788518000, "costOfRevenue": 1361763000, "grossProfit": 426755000, "researchDevelopment": {}, "sellingGeneralAdministrative": 85546000, "nonRecurring": {}, "otherOperatingExpenses": 62205000, "totalOperatingExpenses": 1541005000, "operatingIncome": 247513000, "totalOtherIncomeExpenseNet": 55183000, "ebit": 247513000, "interestExpense": -9624000, "incomeBeforeTax": 302696000, "incomeTaxExpense": -10028000, "minorityInterest": {}, "netIncomeFromContinuingOps": 312724000, "discontinuedOperations": {}, "extraordinaryItems": {}, "effectOfAccountingCharges": {}, "otherItems": {}, "netIncome": 312724000, "netIncomeApplicableToCommonShares": 312724000}, {"maxAge": 1, "endDate": "2019-03-31", "totalRevenue": 1567466000, "costOfRevenue": 1142102000, "grossProfit": 425364000, "researchDevelopment": {}, "sellingGeneralAdministrative": 88987000, "nonRecurring": {}, "otherOperatingExpenses": 28995000, "totalOperatingExpenses": 1298477000, "operatingIncome": 268989000, "totalOtherIncomeExpenseNet": 2692000, "ebit": 268989000, "interestExpense": -6376000, "incomeBeforeTax": 271681000, "incomeTaxExpense": 0, "minorityInterest": {}, "netIncomeFromContinuingOps": 271681000, "discontinuedOperations": {}, "extraordinaryItems": {}, "effectOfAccountingCharges": {}, "otherItems": {}, "netIncome": 271681000, "netIncomeApplicableToCommonShares": 271681000}, {"maxAge": 1, "endDate": "2018-03-31", "totalRevenue": 1727488000, "costOfRevenue": 1336420000, "grossProfit": 391068000, "researchDevelopment": {}, "sellingGeneralAdministrative": 184761000, "nonRecurring": {}, "otherOperatingExpenses": 135381000, "totalOperatingExpenses": 1695584000, "operatingIncome": 31904000, "totalOtherIncomeExpenseNet": 21968000, "ebit": 31904000, "interestExpense": -8866000, "incomeBeforeTax": 53872000, "incomeTaxExpense": 0, "minorityInterest": {}, "netIncomeFromContinuingOps": 53872000, "discontinuedOperations": {}, "extraordinaryItems": {}, "effectOfAccountingCharges": {}, "otherItems": {}, "netIncome": 53872000, "netIncomeApplicableToCommonShares": 53872000}, {"maxAge": 1, "endDate": "2017-03-31", "totalRevenue": 1506338000, "costOfRevenue": 1109205000, "grossProfit": 397133000, "researchDevelopment": {}, "sellingGeneralAdministrative": 287649000, "nonRecurring": {}, "otherOperatingExpenses": 86827000, "totalOperatingExpenses": 1513577000, "operatingIncome": -7239000, "totalOtherIncomeExpenseNet": 21753000, "ebit": -7239000, "interestExpense": -13633000, "incomeBeforeTax": 14514000, "incomeTaxExpense": 0, "minorityInterest": {}, "netIncomeFromContinuingOps": 14514000, "discontinuedOperations": {}, "extraordinaryItems": {}, "effectOfAccountingCharges": {}, "otherItems": {}, "netIncome": 14514000, "netIncomeApplicableToCommonShares": 14514000}], "maxAge": 86400}, "fundOwnership": {"ownershipList": [], "maxAge": 1}, "summaryDetail": {"maxAge": 1, "priceHint": 2, "previousClose": 36.6, "open": 36.0, "dayLow": 34.75, "dayHigh": 36.95, "regularMarketPreviousClose": 36.6, "regularMarketOpen": 36.0, "regularMarketDayLow": 34.75, "regularMarketDayHigh": 36.95, "exDividendDate": "2007-09-14 05:30:00", "payoutRatio": 0.0, "beta": 0.465509, "trailingPE": 5.738881, "volume": 29347, "regularMarketVolume": 29347, "averageVolume": 123997, "averageVolume10days": 43408, "averageDailyVolume10Day": 43408, "bid": 0.0, "ask": 0.0, "bidSize": 0, "askSize": 0, "marketCap": 1031162368, "fiftyTwoWeekLow": 18.8, "fiftyTwoWeekHigh": 57.7, "priceToSalesTrailing12Months": 0.8831772, "fiftyDayAverage": 35.77941, "twoHundredDayAverage": 34.09929, "currency": "INR", "fromCurrency": null, "lastMarket": null, "algorithm": null, "tradeable": false}, "incomeStatementHistoryQuarterly": {"incomeStatementHistory": [{"maxAge": 1, "endDate": "2020-12-31", "totalRevenue": 258932000, "costOfRevenue": 193715000, "grossProfit": 65217000, "researchDevelopment": {}, "sellingGeneralAdministrative": 24266000, "nonRecurring": {}, "otherOperatingExpenses": 4974000, "totalOperatingExpenses": 229967000, "operatingIncome": 28965000, "totalOtherIncomeExpenseNet": 16202000, "ebit": 28965000, "interestExpense": -2183000, "incomeBeforeTax": 45167000, "incomeTaxExpense": 10840000, "minorityInterest": {}, "netIncomeFromContinuingOps": 34327000, "discontinuedOperations": {}, "extraordinaryItems": {}, "effectOfAccountingCharges": {}, "otherItems": {}, "netIncome": 34327000, "netIncomeApplicableToCommonShares": 34327000}, {"maxAge": 1, "endDate": "2020-09-30", "totalRevenue": 347890000, "costOfRevenue": 258373000, "grossProfit": 89517000, "researchDevelopment": {}, "sellingGeneralAdministrative": 18688000, "nonRecurring": {}, "otherOperatingExpenses": 10871000, "totalOperatingExpenses": 295016000, "operatingIncome": 52874000, "totalOtherIncomeExpenseNet": 12284000, "ebit": 52874000, "interestExpense": -1651000, "incomeBeforeTax": 65158000, "incomeTaxExpense": 17243000, "minorityInterest": {}, "netIncomeFromContinuingOps": 47915000, "discontinuedOperations": {}, "extraordinaryItems": {}, "effectOfAccountingCharges": {}, "otherItems": {}, "netIncome": 47915000, "netIncomeApplicableToCommonShares": 47915000}, {"maxAge": 1, "endDate": "2020-06-30", "totalRevenue": 227843000, "costOfRevenue": 155256000, "grossProfit": 72587000, "researchDevelopment": {}, "sellingGeneralAdministrative": 10670000, "nonRecurring": {}, "otherOperatingExpenses": 28285000, "totalOperatingExpenses": 201264000, "operatingIncome": 26579000, "totalOtherIncomeExpenseNet": 9405000, "ebit": 26579000, "interestExpense": -1265000, "incomeBeforeTax": 35984000, "incomeTaxExpense": 9497000, "minorityInterest": {}, "netIncomeFromContinuingOps": 26487000, "discontinuedOperations": {}, "extraordinaryItems": {}, "effectOfAccountingCharges": {}, "otherItems": {}, "netIncome": 26487000, "netIncomeApplicableToCommonShares": 26487000}, {"maxAge": 1, "endDate": "2020-03-31", "totalRevenue": 332895000, "costOfRevenue": 260727000, "grossProfit": 72168000, "researchDevelopment": {}, "sellingGeneralAdministrative": 20584000, "nonRecurring": {}, "otherOperatingExpenses": 11558000, "totalOperatingExpenses": 300948000, "operatingIncome": 31947000, "totalOtherIncomeExpenseNet": 31176000, "ebit": 31947000, "interestExpense": -1265000, "incomeBeforeTax": 63123000, "incomeTaxExpense": -10028000, "minorityInterest": {}, "netIncomeFromContinuingOps": 73151000, "discontinuedOperations": {}, "extraordinaryItems": {}, "effectOfAccountingCharges": {}, "otherItems": {}, "netIncome": 73151000, "netIncomeApplicableToCommonShares": 73151000}], "maxAge": 86400}, "cashflowStatementHistoryQuarterly": {"cashflowStatements": [{"maxAge": 1, "endDate": "2020-12-31", "netIncome": 34327000, "depreciation": 7012000, "changeToNetincome": 11693000, "changeToAccountReceivables": 58572000, "changeToLiabilities": 5178000, "changeToInventory": -1579000, "changeToOperatingActivities": 8364000, "totalCashFromOperatingActivities": 92829000, "capitalExpenditures": -2482000, "otherCashflowsFromInvestingActivities": -185042000, "totalCashflowsFromInvestingActivities": -187524000, "netBorrowings": 36793000, "otherCashflowsFromFinancingActivities": -2184000, "totalCashFromFinancingActivities": 34609000, "changeInCash": -60086000}, {"maxAge": 1, "endDate": "2020-09-30", "netIncome": 47915000, "depreciation": 7012000, "changeToNetincome": 11693000, "changeToAccountReceivables": 58572000, "changeToLiabilities": 0, "changeToInventory": -1579000, "changeToOperatingActivities": 8364000, "totalCashFromOperatingActivities": 92829000, "capitalExpenditures": -2482000, "otherCashflowsFromInvestingActivities": -185042000, "totalCashflowsFromInvestingActivities": -187524000, "netBorrowings": 36793000, "otherCashflowsFromFinancingActivities": -2184000, "totalCashFromFinancingActivities": 34609000, "changeInCash": -60086000}, {"maxAge": 1, "endDate": "2020-06-30", "netIncome": 26487000, "depreciation": 7012000, "changeToNetincome": 11693000, "changeToAccountReceivables": 58572000, "changeToLiabilities": 0, "changeToInventory": -1579000, "changeToOperatingActivities": 8364000, "totalCashFromOperatingActivities": 92829000, "capitalExpenditures": -2482000, "otherCashflowsFromInvestingActivities": -185042000, "totalCashflowsFromInvestingActivities": -187524000, "netBorrowings": 36793000, "otherCashflowsFromFinancingActivities": -2184000, "totalCashFromFinancingActivities": 34609000, "changeInCash": -60086000}, {"maxAge": 1, "endDate": "2020-03-31", "netIncome": 73151000, "depreciation": 7012000, "changeToNetincome": 11693000, "changeToAccountReceivables": 58572000, "changeToLiabilities": 0, "changeToInventory": -1579000, "changeToOperatingActivities": 8364000, "totalCashFromOperatingActivities": 92829000, "capitalExpenditures": -2482000, "otherCashflowsFromInvestingActivities": -185042000, "totalCashflowsFromInvestingActivities": -187524000, "netBorrowings": 36793000, "otherCashflowsFromFinancingActivities": -2184000, "totalCashFromFinancingActivities": 34609000, "changeInCash": -60086000}], "maxAge": 86400}, "insiderHolders": {"holders": [{"maxAge": 1, "name": "Aggarwal (Kiran)", "relation": "Promoter", "url": "", "transactionDescription": "Acquisition", "latestTransDate": "2018-03-31", "positionDirect": 872221, "positionDirectDate": "2018-03-31"}, {"maxAge": 1, "name": "Aggarwal (Kushal)", "relation": "Promoter", "url": "", "transactionDescription": "Acquisition", "latestTransDate": "2020-03-30", "positionDirect": 681035, "positionDirectDate": "2020-03-30"}, {"maxAge": 1, "name": "Aggarwal (Nishant)", "relation": "Promoter", "url": "", "transactionDescription": "Acquisition", "latestTransDate": "2018-03-31", "positionDirect": 1741851, "positionDirectDate": "2018-03-31"}, {"maxAge": 1, "name": "Aggarwal (Vipul)", "relation": "Promoter", "url": "", "transactionDescription": "Acquisition", "latestTransDate": "2018-07-12", "positionDirect": 598105, "positionDirectDate": "2018-07-12"}], "maxAge": 1}, "calendarEvents": {"maxAge": 1, "earnings": {"earningsDate": []}, "exDividendDate": "2007-09-14 05:30:00"}, "upgradeDowngradeHistory": {"history": [], "maxAge": 86400}, "price": {"maxAge": 1, "regularMarketChangePercent": -0.0163934, "regularMarketChange": -0.5999985, "regularMarketTime": "2021-04-30 15:29:08", "priceHint": 2, "regularMarketPrice": 36.0, "regularMarketDayHigh": 36.95, "regularMarketDayLow": 34.75, "regularMarketVolume": 29347, "averageDailyVolume10Day": 43408, "averageDailyVolume3Month": 123997, "regularMarketPreviousClose": 36.6, "regularMarketSource": "FREE_REALTIME", "regularMarketOpen": 36.0, "exchange": "NSI", "exchangeName": "NSE", "exchangeDataDelayedBy": 15, "marketState": "CLOSED", "quoteType": "EQUITY", "symbol": "SPLIL.NS", "underlyingSymbol": null, "shortName": "SPL INDUSTRIES LTD", "longName": "SPL Industries Limited", "currency": "INR", "quoteSourceName": "Delayed Quote", "currencySymbol": "\u20b9", "fromCurrency": null, "lastMarket": null, "marketCap": 1031162368}, "balanceSheetHistory": {"balanceSheetStatements": [{"maxAge": 1, "endDate": "2020-03-31", "cash": 39323000, "netReceivables": 340158000, "inventory": 23215000, "otherCurrentAssets": 443650000, "totalCurrentAssets": 848184000, "propertyPlantEquipment": 490895000, "otherAssets": 85779000, "deferredLongTermAssetCharges": 10828000, "totalAssets": 1424858000, "accountsPayable": 79175000, "otherCurrentLiab": 97000, "otherLiab": 5459000, "totalCurrentLiabilities": 130267000, "totalLiab": 135726000, "commonStock": 290000000, "retainedEarnings": 243306000, "treasuryStock": 259081000, "capitalSurplus": 496745000, "otherStockholderEquity": 259081000, "totalStockholderEquity": 1289132000, "netTangibleAssets": 1289132000}, {"maxAge": 1, "endDate": "2019-03-31", "cash": 34599000, "netReceivables": 407520000, "inventory": 33056000, "otherCurrentAssets": 166834000, "totalCurrentAssets": 643684000, "propertyPlantEquipment": 524499000, "otherAssets": 55150000, "totalAssets": 1223333000, "accountsPayable": 196343000, "otherCurrentLiab": 4002000, "otherLiab": 4686000, "totalCurrentLiabilities": 242469000, "totalLiab": 247155000, "commonStock": 290000000, "retainedEarnings": -70709000, "treasuryStock": 260142000, "capitalSurplus": 496745000, "otherStockholderEquity": 260142000, "totalStockholderEquity": 976178000, "netTangibleAssets": 976178000}, {"maxAge": 1, "endDate": "2018-03-31", "cash": 26284000, "netReceivables": 318211000, "inventory": 20945000, "otherCurrentAssets": 26454000, "totalCurrentAssets": 393345000, "propertyPlantEquipment": 553661000, "intangibleAssets": 398000, "otherAssets": 52550000, "totalAssets": 999954000, "accountsPayable": 239410000, "otherCurrentLiab": 291000, "longTermDebt": 18196000, "otherLiab": 3853000, "totalCurrentLiabilities": 273265000, "totalLiab": 295314000, "commonStock": 290000000, "retainedEarnings": -343681000, "treasuryStock": 261576000, "capitalSurplus": 496745000, "otherStockholderEquity": 261576000, "totalStockholderEquity": 704640000, "netTangibleAssets": 704242000}, {"maxAge": 1, "endDate": "2017-03-31", "cash": 12603000, "netReceivables": 367300000, "inventory": 198575000, "otherCurrentAssets": 67235000, "totalCurrentAssets": 646931000, "propertyPlantEquipment": 545594000, "intangibleAssets": 1020000, "otherAssets": 40703000, "totalAssets": 1234248000, "accountsPayable": 365897000, "otherCurrentLiab": 231000, "longTermDebt": 30203000, "otherLiab": 4845000, "totalCurrentLiabilities": 549763000, "totalLiab": 584811000, "commonStock": 290000000, "retainedEarnings": -398844000, "treasuryStock": 261536000, "capitalSurplus": 496745000, "otherStockholderEquity": 261536000, "totalStockholderEquity": 649437000, "netTangibleAssets": 648417000}], "maxAge": 86400}, "financialData": {"maxAge": 86400, "currentPrice": 36.0, "recommendationKey": "none", "totalCash": 589936000, "totalCashPerShare": 14.78, "ebitda": 164210256, "totalDebt": 42239000, "totalRevenue": 1167559936, "debtToEquity": 3.098, "revenuePerShare": 40.27, "grossProfits": 426755000, "earningsGrowth": -0.585, "revenueGrowth": -0.177, "grossMargins": 0.25651, "ebitdaMargins": 0.14064, "operatingMargins": 0.120220006, "profitMargins": 0.15578, "financialCurrency": "INR"}}}