{"SPMLINFRA.BO": {"recommendationTrend": {"trend": [{"period": "0m", "strongBuy": 0, "buy": 0, "hold": 0, "sell": 0, "strongSell": 0}, {"period": "-1m", "strongBuy": 0, "buy": 0, "hold": 0, "sell": 0, "strongSell": 0}, {"period": "-2m", "strongBuy": 0, "buy": 0, "hold": 0, "sell": 0, "strongSell": 0}, {"period": "-3m", "strongBuy": 0, "buy": 0, "hold": 0, "sell": 0, "strongSell": 0}], "maxAge": 86400}, "cashflowStatementHistory": {"cashflowStatements": [{"maxAge": 1, "endDate": "2020-03-31", "netIncome": 65913000, "depreciation": 111807000, "changeToNetincome": 1305140000, "changeToAccountReceivables": 1431349000, "changeToLiabilities": -2833066000, "changeToInventory": 38841000, "changeToOperatingActivities": -146320000, "totalCashFromOperatingActivities": -26336000, "capitalExpenditures": -47674000, "investments": 1424511000, "otherCashflowsFromInvestingActivities": 172914000, "totalCashflowsFromInvestingActivities": 2817400000, "netBorrowings": 820210000, "otherCashflowsFromFinancingActivities": -3551251000, "totalCashFromFinancingActivities": -2731041000, "effectOfExchangeRate": -225766000, "changeInCash": -165743000}, {"maxAge": 1, "endDate": "2019-03-31", "netIncome": 397334000, "depreciation": 108750000, "changeToNetincome": 989918000, "changeToAccountReceivables": -343378000, "changeToLiabilities": 458590000, "changeToInventory": 107365000, "changeToOperatingActivities": 57924000, "totalCashFromOperatingActivities": 1776529000, "capitalExpenditures": -433404000, "investments": -195327000, "otherCashflowsFromInvestingActivities": 200164000, "totalCashflowsFromInvestingActivities": -290363000, "netBorrowings": 402383000, "otherCashflowsFromFinancingActivities": -2083759000, "totalCashFromFinancingActivities": -1681376000, "effectOfExchangeRate": 315689000, "changeInCash": 120479000}, {"maxAge": 1, "endDate": "2018-03-31", "netIncome": 504031000, "depreciation": 168088000, "changeToNetincome": 2374689000, "changeToAccountReceivables": -2332119000, "changeToLiabilities": 3797490000, "changeToInventory": -50551000, "changeToOperatingActivities": -2118715000, "totalCashFromOperatingActivities": 2343166000, "capitalExpenditures": -128500000, "investments": 414067000, "otherCashflowsFromInvestingActivities": 317005000, "totalCashflowsFromInvestingActivities": 676114000, "netBorrowings": -1597339000, "otherCashflowsFromFinancingActivities": -1705777000, "totalCashFromFinancingActivities": -3303116000, "effectOfExchangeRate": 102455000, "changeInCash": -181381000}, {"maxAge": 1, "endDate": "2017-03-31", "netIncome": -85397000, "depreciation": 210891000, "changeToNetincome": 1975480000, "changeToAccountReceivables": -562715000, "changeToLiabilities": -2021850000, "changeToInventory": 25323000, "changeToOperatingActivities": -1150753000, "totalCashFromOperatingActivities": -1608537000, "capitalExpenditures": -69995000, "investments": -79692000, "otherCashflowsFromInvestingActivities": 1158835000, "totalCashflowsFromInvestingActivities": 1082690000, "netBorrowings": 3004697000, "otherCashflowsFromFinancingActivities": -2316515000, "totalCashFromFinancingActivities": 688182000, "effectOfExchangeRate": -192377000, "changeInCash": -30042000}], "maxAge": 86400}, "institutionOwnership": {"ownershipList": [], "maxAge": 1}, "balanceSheetHistoryQuarterly": {"balanceSheetStatements": [{"maxAge": 1, "endDate": "2020-06-30", "totalStockholderEquity": 3843160000, "netTangibleAssets": 3686368000}, {"maxAge": 1, "endDate": "2020-03-31", "cash": 338695000, "shortTermInvestments": 10813659000, "netReceivables": 4728877000, "inventory": 627373000, "otherCurrentAssets": 1943986000, "totalCurrentAssets": 18452590000, "longTermInvestments": 1429273000, "propertyPlantEquipment": 1628674000, "intangibleAssets": 156792000, "otherAssets": 8317458000, "deferredLongTermAssetCharges": 928467000, "totalAssets": 29984787000, "accountsPayable": 6306132000, "otherCurrentLiab": 3120480000, "longTermDebt": 6734931000, "otherLiab": 1592087000, "minorityInterest": 158358000, "totalCurrentLiabilities": 17656251000, "totalLiab": 25983269000, "commonStock": 81945000, "treasuryStock": 3761215000, "otherStockholderEquity": 3761215000, "totalStockholderEquity": 3843160000, "netTangibleAssets": 3686368000}, {"maxAge": 1, "endDate": "2019-12-31", "totalStockholderEquity": 4400326000, "netTangibleAssets": 3926140000}, {"maxAge": 1, "endDate": "2019-09-30", "cash": 1242024000, "shortTermInvestments": 10721368000, "netReceivables": 5518606000, "inventory": 727312000, "otherCurrentAssets": 2622252000, "totalCurrentAssets": 20831562000, "longTermInvestments": 2251999000, "propertyPlantEquipment": 2766720000, "intangibleAssets": 474186000, "otherAssets": 8407415000, "deferredLongTermAssetCharges": 1101877000, "totalAssets": 34731882000, "accountsPayable": 9754753000, "otherCurrentLiab": 3192551000, "longTermDebt": 6375310000, "otherLiab": 1871829000, "minorityInterest": 1883581000, "totalCurrentLiabilities": 20200836000, "totalLiab": 28447975000, "commonStock": 81945000, "treasuryStock": 4318381000, "otherStockholderEquity": 4318381000, "totalStockholderEquity": 4400326000, "netTangibleAssets": 3926140000}], "maxAge": 86400}, "earningsHistory": {"history": [{"maxAge": 1, "epsActual": {}, "epsEstimate": {}, "epsDifference": {}, "surprisePercent": {}, "quarter": {}, "period": "-4q"}, {"maxAge": 1, "epsActual": {}, "epsEstimate": {}, "epsDifference": {}, "surprisePercent": {}, "quarter": {}, "period": "-3q"}, {"maxAge": 1, "epsActual": {}, "epsEstimate": {}, "epsDifference": {}, "surprisePercent": {}, "quarter": {}, "period": "-2q"}, {"maxAge": 1, "epsActual": {}, "epsEstimate": {}, "epsDifference": {}, "surprisePercent": {}, "quarter": {}, "period": "-1q"}], "maxAge": 86400}, "indexTrend": {"maxAge": 1, "symbol": "SP5", "peRatio": 19.7411, "pegRatio": 1.34172, "estimates": [{"period": "0q", "growth": 0.549}, {"period": "+1q", "growth": 0.431}, {"period": "0y", "growth": 0.305}, {"period": "+1y", "growth": 0.109}, {"period": "+5y", "growth": 0.120865}, {"period": "-5y"}]}, "industryTrend": {"maxAge": 1, "symbol": null, "estimates": []}, "insiderTransactions": {"transactions": [{"maxAge": 1, "shares": 555797, "filerUrl": "", "transactionText": "", "filerName": "Canara Bank", "filerRelation": "Promoter", "moneyText": "", "startDate": "2020-04-01", "ownership": "D"}, {"maxAge": 1, "shares": 351485, "filerUrl": "", "transactionText": "", "filerName": "Sethi (Maina Devi)", "filerRelation": "Promoter", "moneyText": "", "startDate": "2017-12-29", "ownership": "D"}, {"maxAge": 1, "shares": 2000, "filerUrl": "", "transactionText": "", "filerName": "Abhinandan Enterprises Pvt Ltd", "filerRelation": "Promoter", "moneyText": "", "startDate": "2017-12-05", "ownership": "D"}, {"maxAge": 1, "shares": 6500, "filerUrl": "", "transactionText": "", "filerName": "Sanghvi Erectors Pvt Ltd", "filerRelation": "Promoter", "moneyText": "", "startDate": "2017-12-05", "ownership": "D"}, {"maxAge": 1, "shares": 2000, "filerUrl": "", "transactionText": "", "filerName": "Rishab Commercial Pvt Ltd", "filerRelation": "Promoter", "moneyText": "", "startDate": "2017-12-05", "ownership": "D"}, {"maxAge": 1, "shares": 4600, "filerUrl": "", "transactionText": "", "filerName": "Sethi (Vineeta)", "filerRelation": "UNREPORTED", "moneyText": "", "startDate": "2013-07-29", "ownership": "D"}, {"maxAge": 1, "shares": 22459, "filerUrl": "", "transactionText": "", "filerName": "Sethi (Vineeta)", "filerRelation": "UNREPORTED", "moneyText": "", "startDate": "2013-07-27", "ownership": "D"}, {"maxAge": 1, "shares": 26608, "filerUrl": "", "transactionText": "", "filerName": "Sethi (Vineeta)", "filerRelation": "UNREPORTED", "moneyText": "", "startDate": "2013-07-25", "ownership": "D"}, {"maxAge": 1, "shares": 1900, "filerUrl": "", "transactionText": "", "filerName": "Sethi (Vineeta)", "filerRelation": "UNREPORTED", "moneyText": "", "startDate": "2013-07-24", "ownership": "D"}, {"maxAge": 1, "shares": 2824, "filerUrl": "", "transactionText": "", "filerName": "Sethi (Vineeta)", "filerRelation": "UNREPORTED", "moneyText": "", "startDate": "2013-07-23", "ownership": "D"}, {"maxAge": 1, "shares": 1209, "filerUrl": "", "transactionText": "", "filerName": "Sethi (Vineeta)", "filerRelation": "UNREPORTED", "moneyText": "", "startDate": "2013-07-22", "ownership": "D"}, {"maxAge": 1, "shares": 91114, "filerUrl": "", "transactionText": "", "filerName": "Sethi (Shilpa)", "filerRelation": "UNREPORTED", "moneyText": "", "startDate": "2013-03-19", "ownership": "D"}, {"maxAge": 1, "shares": 713, "filerUrl": "", "transactionText": "", "filerName": "Sethi (Shilpa)", "filerRelation": "UNREPORTED", "moneyText": "", "startDate": "2013-03-19", "ownership": "D"}, {"maxAge": 1, "shares": 174510, "filerUrl": "", "transactionText": "", "filerName": "Sethi (Subhash Chand)", "filerRelation": "Executive Chairman", "moneyText": "", "startDate": "2013-03-07", "ownership": "D"}], "maxAge": 1}, "quoteType": {"exchange": "BSE", "quoteType": "EQUITY", "symbol": "SPMLINFRA.BO", "underlyingSymbol": "SPMLINFRA.BO", "shortName": "SPML INFRA LIMITED", "longName": "SPML Infra Limited", "firstTradeDateEpochUtc": "2002-07-01 09:15:00", "timeZoneFullName": "Asia/Kolkata", "timeZoneShortName": "IST", "uuid": "f45cc9bd-dd68-35bd-a236-ccee80dd98e4", "gmtOffSetMilliseconds": 19800000, "maxAge": 1}, "incomeStatementHistory": {"incomeStatementHistory": [{"maxAge": 1, "endDate": "2020-03-31", "totalRevenue": 17064773000, "costOfRevenue": 14676719000, "grossProfit": 2388054000, "researchDevelopment": {}, "sellingGeneralAdministrative": 535627000, "nonRecurring": {}, "otherOperatingExpenses": 1013221000, "totalOperatingExpenses": 16337374000, "operatingIncome": 727399000, "totalOtherIncomeExpenseNet": -521497000, "ebit": 727399000, "interestExpense": -1569241000, "incomeBeforeTax": 205902000, "incomeTaxExpense": 145323000, "minorityInterest": 158358000, "netIncomeFromContinuingOps": 60579000, "discontinuedOperations": {}, "extraordinaryItems": {}, "effectOfAccountingCharges": {}, "otherItems": {}, "netIncome": 65913000, "netIncomeApplicableToCommonShares": 65913000}, {"maxAge": 1, "endDate": "2019-03-31", "totalRevenue": 20115208000, "costOfRevenue": 16962111000, "grossProfit": 3153097000, "researchDevelopment": {}, "sellingGeneralAdministrative": 676759000, "nonRecurring": {}, "otherOperatingExpenses": 656944000, "totalOperatingExpenses": 18538012000, "operatingIncome": 1577196000, "totalOtherIncomeExpenseNet": -925036000, "ebit": 1577196000, "interestExpense": -1603417000, "incomeBeforeTax": 652160000, "incomeTaxExpense": 248460000, "minorityInterest": 1848445000, "netIncomeFromContinuingOps": 403700000, "discontinuedOperations": {}, "extraordinaryItems": {}, "effectOfAccountingCharges": {}, "otherItems": {}, "netIncome": 397334000, "netIncomeApplicableToCommonShares": 397334000}, {"maxAge": 1, "endDate": "2018-03-31", "totalRevenue": 20494799000, "costOfRevenue": 16370583000, "grossProfit": 4124216000, "researchDevelopment": {}, "sellingGeneralAdministrative": 822259000, "nonRecurring": {}, "otherOperatingExpenses": 971561000, "totalOperatingExpenses": 18497619000, "operatingIncome": 1997180000, "totalOtherIncomeExpenseNet": -1400950000, "ebit": 1997180000, "interestExpense": -2125447000, "incomeBeforeTax": 596230000, "incomeTaxExpense": 113510000, "minorityInterest": 1106353000, "netIncomeFromContinuingOps": 482720000, "discontinuedOperations": {}, "extraordinaryItems": {}, "effectOfAccountingCharges": {}, "otherItems": {}, "netIncome": 504031000, "netIncomeApplicableToCommonShares": 504031000}, {"maxAge": 1, "endDate": "2017-03-31", "totalRevenue": 22758141000, "costOfRevenue": 18606444000, "grossProfit": 4151697000, "researchDevelopment": {}, "sellingGeneralAdministrative": 927017000, "nonRecurring": {}, "otherOperatingExpenses": 1049857000, "totalOperatingExpenses": 21252951000, "operatingIncome": 1505190000, "totalOtherIncomeExpenseNet": -1612793000, "ebit": 1505190000, "interestExpense": -2594803000, "incomeBeforeTax": -107603000, "incomeTaxExpense": -64792000, "minorityInterest": 944918000, "netIncomeFromContinuingOps": -42811000, "discontinuedOperations": {}, "extraordinaryItems": {}, "effectOfAccountingCharges": {}, "otherItems": {}, "netIncome": -85397000, "netIncomeApplicableToCommonShares": -85397000}], "maxAge": 86400}, "fundOwnership": {"ownershipList": [], "maxAge": 1}, "summaryDetail": {"maxAge": 1, "priceHint": 2, "previousClose": 10.17, "open": 9.52, "dayLow": 9.52, "dayHigh": 10.24, "regularMarketPreviousClose": 10.17, "regularMarketOpen": 9.52, "regularMarketDayLow": 9.52, "regularMarketDayHigh": 10.24, "volume": 3306, "regularMarketVolume": 3306, "averageVolume": 19331, "averageVolume10days": 1591, "averageDailyVolume10Day": 1591, "bid": 9.52, "ask": 9.84, "bidSize": 0, "askSize": 0, "marketCap": 355507904, "fiftyTwoWeekLow": 5.0, "fiftyTwoWeekHigh": 18.09, "fiftyDayAverage": 14.599697, "twoHundredDayAverage": 10.320735, "currency": "INR", "fromCurrency": null, "lastMarket": null, "algorithm": null, "tradeable": false}, "sectorTrend": {"maxAge": 1, "symbol": null, "estimates": []}, "incomeStatementHistoryQuarterly": {"incomeStatementHistory": [{"maxAge": 1, "endDate": "2020-06-30", "totalRevenue": 892603000, "costOfRevenue": 589578000, "grossProfit": 303025000, "researchDevelopment": {}, "sellingGeneralAdministrative": 62954000, "nonRecurring": {}, "otherOperatingExpenses": 176618000, "totalOperatingExpenses": 844329000, "operatingIncome": 48274000, "totalOtherIncomeExpenseNet": -404480000, "ebit": 48274000, "interestExpense": -458391000, "incomeBeforeTax": -356206000, "incomeTaxExpense": -37073000, "minorityInterest": {}, "netIncomeFromContinuingOps": -319133000, "discontinuedOperations": {}, "extraordinaryItems": {}, "effectOfAccountingCharges": {}, "otherItems": {}, "netIncome": -318375000, "netIncomeApplicableToCommonShares": -318375000}, {"maxAge": 1, "endDate": "2020-03-31", "totalRevenue": 3558603000, "costOfRevenue": 2781171000, "grossProfit": 777432000, "researchDevelopment": {}, "sellingGeneralAdministrative": 136039000, "nonRecurring": {}, "otherOperatingExpenses": 515474000, "totalOperatingExpenses": 3464858000, "operatingIncome": 93745000, "totalOtherIncomeExpenseNet": -62099000, "ebit": 93745000, "interestExpense": -421350000, "incomeBeforeTax": 31646000, "incomeTaxExpense": 19585000, "minorityInterest": 158358000, "netIncomeFromContinuingOps": 12061000, "discontinuedOperations": {}, "extraordinaryItems": {}, "effectOfAccountingCharges": {}, "otherItems": {}, "netIncome": 49061000, "netIncomeApplicableToCommonShares": 49061000}, {"maxAge": 1, "endDate": "2019-12-31", "totalRevenue": 4065812000, "costOfRevenue": 3763258000, "grossProfit": 302554000, "researchDevelopment": {}, "sellingGeneralAdministrative": 113075000, "nonRecurring": {}, "otherOperatingExpenses": 165292000, "totalOperatingExpenses": 4071111000, "operatingIncome": -5299000, "totalOtherIncomeExpenseNet": -80401000, "ebit": -5299000, "interestExpense": -410005000, "incomeBeforeTax": -85700000, "incomeTaxExpense": 58377000, "minorityInterest": 158358000, "netIncomeFromContinuingOps": -144077000, "discontinuedOperations": {}, "extraordinaryItems": {}, "effectOfAccountingCharges": {}, "otherItems": {}, "netIncome": -137381000, "netIncomeApplicableToCommonShares": -137381000}, {"maxAge": 1, "endDate": "2019-09-30", "totalRevenue": 5538781000, "costOfRevenue": 4763219000, "grossProfit": 775562000, "researchDevelopment": {}, "sellingGeneralAdministrative": 147834000, "nonRecurring": {}, "otherOperatingExpenses": 132595000, "totalOperatingExpenses": 5068555000, "operatingIncome": 470226000, "totalOtherIncomeExpenseNet": -332050000, "ebit": 470226000, "interestExpense": -409658000, "incomeBeforeTax": 138176000, "incomeTaxExpense": 63640000, "minorityInterest": 1883581000, "netIncomeFromContinuingOps": 74536000, "discontinuedOperations": {}, "extraordinaryItems": {}, "effectOfAccountingCharges": {}, "otherItems": {}, "netIncome": 35528000, "netIncomeApplicableToCommonShares": 35528000}], "maxAge": 86400}, "cashflowStatementHistoryQuarterly": {"cashflowStatements": [{"maxAge": 1, "endDate": "2020-06-30", "netIncome": -318375000, "changeToLiabilities": 0}, {"maxAge": 1, "endDate": "2020-03-31", "netIncome": 49061000, "changeToLiabilities": 0}, {"maxAge": 1, "endDate": "2019-12-31", "netIncome": -137381000, "changeToLiabilities": 0}, {"maxAge": 1, "endDate": "2019-09-30", "netIncome": 35528000, "changeToLiabilities": 0}], "maxAge": 86400}, "insiderHolders": {"holders": [{"maxAge": 1, "name": "Abhinandan Enterprises Pvt Ltd", "relation": "Promoter", "url": "", "transactionDescription": "Sale", "latestTransDate": "2017-12-05", "positionDirect": 0, "positionDirectDate": "2017-12-05"}, {"maxAge": 1, "name": "Canara Bank", "relation": "Promoter", "url": "", "transactionDescription": "Acquisition", "latestTransDate": "2020-04-01", "positionDirect": 2307133, "positionDirectDate": "2020-04-01"}, {"maxAge": 1, "name": "Rishab Commercial Pvt Ltd", "relation": "Promoter", "url": "", "transactionDescription": "Sale", "latestTransDate": "2017-12-05", "positionDirect": 0, "positionDirectDate": "2017-12-05"}, {"maxAge": 1, "name": "Sanghvi Erectors Pvt Ltd", "relation": "Promoter", "url": "", "transactionDescription": "Sale", "latestTransDate": "2017-12-05", "positionDirect": 0, "positionDirectDate": "2017-12-05"}, {"maxAge": 1, "name": "Sethi (Maina Devi)", "relation": "Promoter", "url": "", "transactionDescription": "Sale", "latestTransDate": "2017-12-29", "positionDirect": 0, "positionDirectDate": "2017-12-29"}, {"maxAge": 1, "name": "Sethi (Shilpa)", "relation": "UNREPORTED", "url": "", "transactionDescription": "Acquisition", "latestTransDate": "2013-03-19", "positionDirect": 91114, "positionDirectDate": "2013-03-19"}, {"maxAge": 1, "name": "Sethi (Subhash Chand)", "relation": "Executive Chairman", "url": "", "transactionDescription": "Acquisition", "latestTransDate": "2013-03-07", "positionDirect": 1697790, "positionDirectDate": "2013-03-07"}, {"maxAge": 1, "name": "Sethi (Vineeta)", "relation": "UNREPORTED", "url": "", "transactionDescription": "Acquisition", "latestTransDate": "2013-07-29", "positionDirect": 59600, "positionDirectDate": "2013-07-29"}], "maxAge": 1}, "earnings": {"maxAge": 86400, "earningsChart": {"quarterly": [], "earningsDate": []}, "financialsChart": {"yearly": [{"date": 2017, "revenue": 22758141000, "earnings": -85397000}, {"date": 2018, "revenue": 20494799000, "earnings": 504031000}, {"date": 2019, "revenue": 20115208000, "earnings": 397334000}, {"date": 2020, "revenue": 17064773000, "earnings": 65913000}], "quarterly": [{"date": "3Q2019", "revenue": 5538781000, "earnings": 35528000}, {"date": "4Q2019", "revenue": 4065812000, "earnings": -137381000}, {"date": "1Q2020", "revenue": 3558603000, "earnings": 49061000}, {"date": "2Q2020", "revenue": 892603000, "earnings": -318375000}]}, "financialCurrency": "INR"}, "calendarEvents": {"maxAge": 1, "earnings": {"earningsDate": []}}, "upgradeDowngradeHistory": {"history": [], "maxAge": 86400}, "price": {"maxAge": 1, "regularMarketChangePercent": -0.046214387, "regularMarketChange": -0.47000027, "regularMarketTime": "2021-04-30 15:21:16", "priceHint": 2, "regularMarketPrice": 9.7, "regularMarketDayHigh": 10.24, "regularMarketDayLow": 9.52, "regularMarketVolume": 3306, "averageDailyVolume10Day": 1591, "averageDailyVolume3Month": 19331, "regularMarketPreviousClose": 10.17, "regularMarketSource": "FREE_REALTIME", "regularMarketOpen": 9.52, "exchange": "BSE", "exchangeName": "BSE", "exchangeDataDelayedBy": 0, "marketState": "CLOSED", "quoteType": "EQUITY", "symbol": "SPMLINFRA.BO", "underlyingSymbol": null, "shortName": "SPML INFRA LIMITED", "longName": "SPML Infra Limited", "currency": "INR", "quoteSourceName": "Delayed Quote", "currencySymbol": "\u20b9", "fromCurrency": null, "lastMarket": null, "marketCap": 355507904}, "balanceSheetHistory": {"balanceSheetStatements": [{"maxAge": 1, "endDate": "2020-03-31", "cash": 338695000, "shortTermInvestments": 10813659000, "netReceivables": 4728877000, "inventory": 627373000, "otherCurrentAssets": 1943986000, "totalCurrentAssets": 18452590000, "longTermInvestments": 1429273000, "propertyPlantEquipment": 1628674000, "intangibleAssets": 156792000, "otherAssets": 8317458000, "deferredLongTermAssetCharges": 928467000, "totalAssets": 29984787000, "accountsPayable": 6306132000, "otherCurrentLiab": 3120480000, "longTermDebt": 6734931000, "otherLiab": 1592087000, "minorityInterest": 158358000, "totalCurrentLiabilities": 17656251000, "totalLiab": 25983269000, "commonStock": 81945000, "treasuryStock": 3761215000, "otherStockholderEquity": 3761215000, "totalStockholderEquity": 3843160000, "netTangibleAssets": 3686368000}, {"maxAge": 1, "endDate": "2019-03-31", "cash": 368541000, "shortTermInvestments": 10713768000, "netReceivables": 17366434000, "inventory": 666214000, "otherCurrentAssets": 2355562000, "totalCurrentAssets": 21030534000, "longTermInvestments": 1473532000, "propertyPlantEquipment": 2800097000, "goodWill": 477910000, "intangibleAssets": 2069000, "otherAssets": 9172220000, "deferredLongTermAssetCharges": 1125990000, "totalAssets": 34956362000, "accountsPayable": 9405836000, "shortLongTermDebt": 511241000, "otherCurrentLiab": 2677729000, "longTermDebt": 6761953000, "otherLiab": 1793249000, "minorityInterest": 1848445000, "totalCurrentLiabilities": 20351397000, "totalLiab": 28906599000, "commonStock": 73301000, "retainedEarnings": 1922951000, "treasuryStock": 587923000, "capitalSurplus": 1617143000, "otherStockholderEquity": 587923000, "totalStockholderEquity": 4201318000, "netTangibleAssets": 3721339000}, {"maxAge": 1, "endDate": "2018-03-31", "cash": 248062000, "netReceivables": 16939846000, "inventory": 773579000, "otherCurrentAssets": 2425248000, "totalCurrentAssets": 20742439000, "longTermInvestments": 1278205000, "propertyPlantEquipment": 3055549000, "goodWill": 367920000, "intangibleAssets": 2057000, "otherAssets": 8225473000, "deferredLongTermAssetCharges": 575209000, "totalAssets": 33671643000, "accountsPayable": 9635608000, "shortLongTermDebt": 946870000, "otherCurrentLiab": 2458913000, "longTermDebt": 7347957000, "otherLiab": 1140321000, "minorityInterest": 1106353000, "totalCurrentLiabilities": 19427796000, "totalLiab": 27916074000, "commonStock": 73301000, "retainedEarnings": 2709352000, "treasuryStock": 249419000, "capitalSurplus": 1617144000, "otherStockholderEquity": 249419000, "totalStockholderEquity": 4649216000, "netTangibleAssets": 4279239000}, {"maxAge": 1, "endDate": "2017-03-31", "cash": 429443000, "netReceivables": 13763595000, "inventory": 723028000, "otherCurrentAssets": 1946399000, "totalCurrentAssets": 16992972000, "longTermInvestments": 1692272000, "propertyPlantEquipment": 3346453000, "goodWill": 273456000, "intangibleAssets": 2309000, "otherAssets": 7678990000, "deferredLongTermAssetCharges": 533996000, "totalAssets": 29986452000, "accountsPayable": 9028926000, "shortLongTermDebt": 764181000, "otherCurrentLiab": 1569077000, "longTermDebt": 2881330000, "otherLiab": 1651987000, "minorityInterest": 944918000, "totalCurrentLiabilities": 20704103000, "totalLiab": 25237420000, "commonStock": 73301000, "retainedEarnings": 2032617000, "treasuryStock": 81052000, "capitalSurplus": 1617144000, "otherStockholderEquity": 81052000, "totalStockholderEquity": 3804114000, "netTangibleAssets": 3528349000}], "maxAge": 86400}, "earningsTrend": {"trend": [{"maxAge": 1, "period": "0q", "endDate": null, "growth": {}, "earningsEstimate": {"avg": 0.0, "low": 0.0, "high": 0.0, "yearAgoEps": {}, "numberOfAnalysts": 0, "growth": {}}, "revenueEstimate": {"avg": 0, "low": 0, "high": 0, "numberOfAnalysts": 0, "yearAgoRevenue": {}, "growth": {}}, "epsTrend": {"current": 0.0, "7daysAgo": 0.0, "30daysAgo": 0.0, "60daysAgo": 0.0, "90daysAgo": 0.0}, "epsRevisions": {"upLast7days": 0, "upLast30days": 0, "downLast30days": 0, "downLast90days": {}}}, {"maxAge": 1, "period": "+1q", "endDate": null, "growth": {}, "earningsEstimate": {"avg": 0.0, "low": 0.0, "high": 0.0, "yearAgoEps": {}, "numberOfAnalysts": 0, "growth": {}}, "revenueEstimate": {"avg": 0, "low": 0, "high": 0, "numberOfAnalysts": 0, "yearAgoRevenue": {}, "growth": {}}, "epsTrend": {"current": 0.0, "7daysAgo": 0.0, "30daysAgo": 0.0, "60daysAgo": 0.0, "90daysAgo": 0.0}, "epsRevisions": {"upLast7days": 0, "upLast30days": 0, "downLast30days": 0, "downLast90days": {}}}, {"maxAge": 1, "period": "0y", "endDate": null, "growth": {}, "earningsEstimate": {"avg": 0.0, "low": 0.0, "high": 0.0, "yearAgoEps": {}, "numberOfAnalysts": 0, "growth": {}}, "revenueEstimate": {"avg": 0, "low": 0, "high": 0, "numberOfAnalysts": 0, "yearAgoRevenue": {}, "growth": {}}, "epsTrend": {"current": 0.0, "7daysAgo": 0.0, "30daysAgo": 0.0, "60daysAgo": 0.0, "90daysAgo": 0.0}, "epsRevisions": {"upLast7days": 0, "upLast30days": 0, "downLast30days": 0, "downLast90days": {}}}, {"maxAge": 1, "period": "+1y", "endDate": null, "growth": {}, "earningsEstimate": {"avg": 0.0, "low": 0.0, "high": 0.0, "yearAgoEps": {}, "numberOfAnalysts": 0, "growth": {}}, "revenueEstimate": {"avg": 0, "low": 0, "high": 0, "numberOfAnalysts": 0, "yearAgoRevenue": {}, "growth": {}}, "epsTrend": {"current": 0.0, "7daysAgo": 0.0, "30daysAgo": 0.0, "60daysAgo": 0.0, "90daysAgo": 0.0}, "epsRevisions": {"upLast7days": 0, "upLast30days": 0, "downLast30days": 0, "downLast90days": {}}}, {"maxAge": 1, "period": "+5y", "endDate": null, "growth": {}, "earningsEstimate": {"avg": {}, "low": {}, "high": {}, "yearAgoEps": {}, "numberOfAnalysts": {}, "growth": {}}, "revenueEstimate": {"avg": {}, "low": {}, "high": {}, "numberOfAnalysts": {}, "yearAgoRevenue": {}, "growth": {}}, "epsTrend": {"current": {}, "7daysAgo": {}, "30daysAgo": {}, "60daysAgo": {}, "90daysAgo": {}}, "epsRevisions": {"upLast7days": {}, "upLast30days": {}, "downLast30days": {}, "downLast90days": {}}}, {"maxAge": 1, "period": "-5y", "endDate": null, "growth": {}, "earningsEstimate": {"avg": {}, "low": {}, "high": {}, "yearAgoEps": {}, "numberOfAnalysts": {}, "growth": {}}, "revenueEstimate": {"avg": {}, "low": {}, "high": {}, "numberOfAnalysts": {}, "yearAgoRevenue": {}, "growth": {}}, "epsTrend": {"current": {}, "7daysAgo": {}, "30daysAgo": {}, "60daysAgo": {}, "90daysAgo": {}}, "epsRevisions": {"upLast7days": {}, "upLast30days": {}, "downLast30days": {}, "downLast90days": {}}}], "maxAge": 1}, "financialData": {"maxAge": 86400, "currentPrice": 9.7, "targetHighPrice": 105.0, "targetLowPrice": 105.0, "targetMeanPrice": 105.0, "targetMedianPrice": 105.0, "recommendationKey": "none", "numberOfAnalystOpinions": 1, "grossProfits": 2388054000, "financialCurrency": "INR"}}}