{"SPMLINFRA.NS": {"assetProfile": {"address1": "22, Camac Street", "address2": "3rd Floor Block-A", "city": "Kolkata", "zip": "700016", "country": "India", "phone": "91 33 4009 1200", "fax": "91 33 4009 1303", "website": "http://www.spml.co.in", "industry": "Engineering & Construction", "sector": "Industrials", "longBusinessSummary": "SPML Infra Limited operates as an infrastructure development company in India. It operates in two segments, Construction and Trading. The company undertakes urban water supply and distribution, and water treatment projects; constructs pumping stations for water supply, irrigation, wastewater, and storm water drainage; and designs and supplies bulk and distribution pipeline networks, as well as provides services in various areas, including construction of dams, canals, lift irrigation, micro irrigation, and tunneling. It also undertakes power generation, transmission, and distribution projects, including the construction of hydro, solar, wind, gas turbine, and thermal power plants, as well as sub-transmission/distribution lines and substations; and provides rural electrification, and integrated and smart energy management solutions. In addition, the company develops bridges, flyovers, industrial infrastructure, tunnels, special economic zones, industrial/business/technology parks, airports, seaports, bus terminals, automated car parking facilities, and toll express roads/highways. Further, it provides integrated end-to-end waste management solutions, such as collection, segregation, transportation, treatment, reusability, processing, and scientific disposal of waste water and solid waste, as well as sewer rehabilitation solutions. Additionally, SPML Infra Limited develops an integrated management information system, a software solution for metering, billing, CRM, network analysis, demand forecasting and management, asset and inventory management, business intelligence, and operation and maintenance of the entire network. The company was formerly known as Subhash Projects and Marketing Limited and changed its name to SPML Infra Limited in April 2010. SPML Infra Limited was founded in 1981 and is headquartered in Kolkata, India.", "fullTimeEmployees": 411, "companyOfficers": [{"maxAge": 1, "name": "Mr. Subhash Chand Sethi", "age": 66, "title": "Exec. Chairman", "yearBorn": 1954, "fiscalYear": 2020, "totalPay": 12160000, "exercisedValue": 0, "unexercisedValue": 0}, {"maxAge": 1, "name": "Mr. Abhinandan  Sethi", "age": 32, "title": "COO & Additional Exec. Director", "yearBorn": 1988, "exercisedValue": 0, "unexercisedValue": 0}, {"maxAge": 1, "name": "Malay Kanti Chakraborti", "age": 51, "title": "Exec. VP", "yearBorn": 1969, "exercisedValue": 0, "unexercisedValue": 0}, {"maxAge": 1, "name": "Amitava  Basu", "age": 54, "title": "Exec. VP of Projects", "yearBorn": 1966, "exercisedValue": 0, "unexercisedValue": 0}, {"maxAge": 1, "name": "Gaddam  Govardhan", "age": 56, "title": "VP of Corp.", "yearBorn": 1964, "exercisedValue": 0, "unexercisedValue": 0}, {"maxAge": 1, "name": "Mr. Manoj  Digga", "title": "Chief Financial Officer", "exercisedValue": 0, "unexercisedValue": 0}, {"maxAge": 1, "name": "Sanjay  Jain", "age": 56, "title": "VP of Corp. HR", "yearBorn": 1964, "fiscalYear": 2017, "exercisedValue": 0, "unexercisedValue": 0}, {"maxAge": 1, "name": "Mr. Subhan Kishen Mujoo", "age": 61, "title": "Exec. VP", "yearBorn": 1959, "fiscalYear": 2017, "exercisedValue": 0, "unexercisedValue": 0}, {"maxAge": 1, "name": "Ms. Swati  Agarwal", "title": "Company Sec.", "exercisedValue": 0, "unexercisedValue": 0}, {"maxAge": 1, "name": "Dadasaheb Dnyaneshwar Chandane", "age": 62, "title": "VP", "yearBorn": 1958, "fiscalYear": 2017, "exercisedValue": 0, "unexercisedValue": 0}], "compensationAsOfEpochDate": "2020-12-31 05:30:00", "maxAge": 86400}, "recommendationTrend": {"trend": [{"period": "0m", "strongBuy": 0, "buy": 0, "hold": 0, "sell": 0, "strongSell": 0}, {"period": "-1m", "strongBuy": 0, "buy": 0, "hold": 0, "sell": 0, "strongSell": 0}, {"period": "-2m", "strongBuy": 0, "buy": 0, "hold": 0, "sell": 0, "strongSell": 0}, {"period": "-3m", "strongBuy": 0, "buy": 0, "hold": 0, "sell": 0, "strongSell": 0}], "maxAge": 86400}, "cashflowStatementHistory": {"cashflowStatements": [{"maxAge": 1, "endDate": "2020-03-31", "netIncome": 65913000, "depreciation": 110813000, "changeToNetincome": 1305140000, "changeToAccountReceivables": 1431349000, "changeToLiabilities": -2833066000, "changeToInventory": 38841000, "changeToOperatingActivities": -135651000, "totalCashFromOperatingActivities": -15667000, "capitalExpenditures": -47674000, "investments": 526093000, "otherCashflowsFromInvestingActivities": 1071332000, "totalCashflowsFromInvestingActivities": 2817400000, "netBorrowings": 820210000, "otherCashflowsFromFinancingActivities": -3551251000, "totalCashFromFinancingActivities": -2731041000, "effectOfExchangeRate": -225766000, "changeInCash": -155074000}, {"maxAge": 1, "endDate": "2019-03-31", "netIncome": 397334000, "depreciation": 108750000, "changeToNetincome": 966017000, "changeToAccountReceivables": -343378000, "changeToLiabilities": 482491000, "changeToInventory": 107365000, "changeToOperatingActivities": 57924000, "totalCashFromOperatingActivities": 1776529000, "capitalExpenditures": -433404000, "investments": -195327000, "otherCashflowsFromInvestingActivities": 328709000, "totalCashflowsFromInvestingActivities": -290363000, "netBorrowings": 402383000, "otherCashflowsFromFinancingActivities": -2083759000, "totalCashFromFinancingActivities": -1681376000, "effectOfExchangeRate": 315689000, "changeInCash": 120479000}, {"maxAge": 1, "endDate": "2018-03-31", "netIncome": 504031000, "depreciation": 168088000, "changeToNetincome": 2374689000, "changeToAccountReceivables": -2332119000, "changeToLiabilities": 3797490000, "changeToInventory": -50551000, "changeToOperatingActivities": -2118715000, "totalCashFromOperatingActivities": 2343166000, "capitalExpenditures": -128500000, "investments": 414067000, "otherCashflowsFromInvestingActivities": 317005000, "totalCashflowsFromInvestingActivities": 676114000, "netBorrowings": -1597339000, "otherCashflowsFromFinancingActivities": -1705777000, "totalCashFromFinancingActivities": -3303116000, "effectOfExchangeRate": 102455000, "changeInCash": -181381000}, {"maxAge": 1, "endDate": "2017-03-31", "netIncome": -85397000, "depreciation": 210891000, "changeToNetincome": 1975480000, "changeToAccountReceivables": -562715000, "changeToLiabilities": -2021850000, "changeToInventory": 25323000, "changeToOperatingActivities": -1150753000, "totalCashFromOperatingActivities": -1608537000, "capitalExpenditures": -69995000, "investments": -79692000, "otherCashflowsFromInvestingActivities": 1158835000, "totalCashflowsFromInvestingActivities": 1082690000, "netBorrowings": 3004697000, "otherCashflowsFromFinancingActivities": -2316515000, "totalCashFromFinancingActivities": 688182000, "effectOfExchangeRate": -192377000, "changeInCash": -30042000}], "maxAge": 86400}, "indexTrend": {"maxAge": 1, "symbol": "SP5", "peRatio": 19.7411, "pegRatio": 1.34172, "estimates": [{"period": "0q", "growth": 0.549}, {"period": "+1q", "growth": 0.431}, {"period": "0y", "growth": 0.305}, {"period": "+1y", "growth": 0.109}, {"period": "+5y", "growth": 0.120865}, {"period": "-5y"}]}, "defaultKeyStatistics": {"maxAge": 1, "priceHint": 2, "enterpriseValue": 7616589312, "profitMargins": -0.084300004, "floatShares": 13774116, "sharesOutstanding": 36650300, "heldPercentInsiders": 0.71776, "heldPercentInstitutions": 0.0, "beta": 1.460027, "category": null, "bookValue": 92.522, "priceToBook": 0.10375911, "fundFamily": null, "legalType": null, "lastFiscalYearEnd": "2020-03-31 05:30:00", "nextFiscalYearEnd": "2022-03-31 05:30:00", "mostRecentQuarter": "2020-12-31 05:30:00", "netIncomeToCommon": -680982016, "trailingEps": -18.575, "lastSplitFactor": null, "enterpriseToRevenue": 0.943, "enterpriseToEbitda": -17.752}, "industryTrend": {"maxAge": 1, "symbol": null, "estimates": []}, "quoteType": {"exchange": "NSI", "quoteType": "EQUITY", "symbol": "SPMLINFRA.NS", "underlyingSymbol": "SPMLINFRA.NS", "shortName": "SPML INFRA LTD", "longName": "SPML Infra Limited", "firstTradeDateEpochUtc": "2002-07-01 09:15:00", "timeZoneFullName": "Asia/Kolkata", "timeZoneShortName": "IST", "uuid": "ef726cd6-b9fe-3258-b681-d8d383268129", "gmtOffSetMilliseconds": 19800000, "maxAge": 1}, "incomeStatementHistory": {"incomeStatementHistory": [{"maxAge": 1, "endDate": "2020-03-31", "totalRevenue": 17064773000, "costOfRevenue": 14698461000, "grossProfit": 2366312000, "researchDevelopment": {}, "sellingGeneralAdministrative": 584095000, "nonRecurring": {}, "otherOperatingExpenses": 719776000, "totalOperatingExpenses": 16318670000, "operatingIncome": 746103000, "totalOtherIncomeExpenseNet": -540201000, "ebit": 746103000, "interestExpense": -1566338000, "incomeBeforeTax": 205902000, "incomeTaxExpense": 145323000, "minorityInterest": 158358000, "netIncomeFromContinuingOps": 60579000, "discontinuedOperations": {}, "extraordinaryItems": {}, "effectOfAccountingCharges": {}, "otherItems": {}, "netIncome": 65913000, "netIncomeApplicableToCommonShares": 65913000}, {"maxAge": 1, "endDate": "2019-03-31", "totalRevenue": 20115208000, "costOfRevenue": 16962111000, "grossProfit": 3153097000, "researchDevelopment": {}, "sellingGeneralAdministrative": 676654000, "nonRecurring": {}, "otherOperatingExpenses": 656944000, "totalOperatingExpenses": 18538012000, "operatingIncome": 1577196000, "totalOtherIncomeExpenseNet": -925036000, "ebit": 1577196000, "interestExpense": -1603417000, "incomeBeforeTax": 652160000, "incomeTaxExpense": 248460000, "minorityInterest": 1848445000, "netIncomeFromContinuingOps": 403700000, "discontinuedOperations": {}, "extraordinaryItems": {}, "effectOfAccountingCharges": {}, "otherItems": {}, "netIncome": 397334000, "netIncomeApplicableToCommonShares": 397334000}, {"maxAge": 1, "endDate": "2018-03-31", "totalRevenue": 20494799000, "costOfRevenue": 16370583000, "grossProfit": 4124216000, "researchDevelopment": {}, "sellingGeneralAdministrative": 822259000, "nonRecurring": {}, "otherOperatingExpenses": 971561000, "totalOperatingExpenses": 18497619000, "operatingIncome": 1997180000, "totalOtherIncomeExpenseNet": -1400950000, "ebit": 1997180000, "interestExpense": -2125447000, "incomeBeforeTax": 596230000, "incomeTaxExpense": 113510000, "minorityInterest": 1106353000, "netIncomeFromContinuingOps": 482720000, "discontinuedOperations": {}, "extraordinaryItems": {}, "effectOfAccountingCharges": {}, "otherItems": {}, "netIncome": 504031000, "netIncomeApplicableToCommonShares": 504031000}, {"maxAge": 1, "endDate": "2017-03-31", "totalRevenue": 22758141000, "costOfRevenue": 18606444000, "grossProfit": 4151697000, "researchDevelopment": {}, "sellingGeneralAdministrative": 927017000, "nonRecurring": {}, "otherOperatingExpenses": 1049857000, "totalOperatingExpenses": 21252951000, "operatingIncome": 1505190000, "totalOtherIncomeExpenseNet": -1612793000, "ebit": 1505190000, "interestExpense": -2594803000, "incomeBeforeTax": -107603000, "incomeTaxExpense": -64792000, "minorityInterest": 944918000, "netIncomeFromContinuingOps": -42811000, "discontinuedOperations": {}, "extraordinaryItems": {}, "effectOfAccountingCharges": {}, "otherItems": {}, "netIncome": -85397000, "netIncomeApplicableToCommonShares": -85397000}], "maxAge": 86400}, "fundOwnership": {"ownershipList": [], "maxAge": 1}, "summaryDetail": {"maxAge": 1, "priceHint": 2, "previousClose": 9.9, "open": 9.9, "dayLow": 9.15, "dayHigh": 10.0, "regularMarketPreviousClose": 9.9, "regularMarketOpen": 9.9, "regularMarketDayLow": 9.15, "regularMarketDayHigh": 10.0, "exDividendDate": "2011-09-26 05:30:00", "payoutRatio": 0.0, "beta": 1.460027, "volume": 27592, "regularMarketVolume": 27592, "averageVolume": 34359, "averageVolume10days": 42165, "averageDailyVolume10Day": 42165, "bid": 0.0, "ask": 0.0, "bidSize": 0, "askSize": 0, "marketCap": 361438080, "fiftyTwoWeekLow": 5.5, "fiftyTwoWeekHigh": 17.55, "priceToSalesTrailing12Months": 0.044742208, "fiftyDayAverage": 12.020588, "twoHundredDayAverage": 11.27695, "currency": "INR", "fromCurrency": null, "lastMarket": null, "algorithm": null, "tradeable": false}, "insiderHolders": {"holders": [{"maxAge": 1, "name": "Abhinandan Enterprises Pvt Ltd", "relation": "Promoter", "url": "", "transactionDescription": "Sale", "latestTransDate": "2017-12-05", "positionDirect": 0, "positionDirectDate": "2017-12-05"}, {"maxAge": 1, "name": "Canara Bank", "relation": "Promoter", "url": "", "transactionDescription": "Acquisition", "latestTransDate": "2020-04-01", "positionDirect": 2307133, "positionDirectDate": "2020-04-01"}, {"maxAge": 1, "name": "Rishab Commercial Pvt Ltd", "relation": "Promoter", "url": "", "transactionDescription": "Sale", "latestTransDate": "2017-12-05", "positionDirect": 0, "positionDirectDate": "2017-12-05"}, {"maxAge": 1, "name": "Sanghvi Erectors Pvt Ltd", "relation": "Promoter", "url": "", "transactionDescription": "Sale", "latestTransDate": "2017-12-05", "positionDirect": 0, "positionDirectDate": "2017-12-05"}, {"maxAge": 1, "name": "Sethi (Maina Devi)", "relation": "Promoter", "url": "", "transactionDescription": "Sale", "latestTransDate": "2017-12-29", "positionDirect": 0, "positionDirectDate": "2017-12-29"}, {"maxAge": 1, "name": "Sethi (Shilpa)", "relation": "UNREPORTED", "url": "", "transactionDescription": "Acquisition", "latestTransDate": "2013-03-19", "positionDirect": 90401, "positionDirectDate": "2013-03-19"}, {"maxAge": 1, "name": "Sethi (Subhash Chand)", "relation": "Executive Chairman", "url": "", "transactionDescription": "Acquisition", "latestTransDate": "2013-03-07", "positionDirect": 1697790, "positionDirectDate": "2013-03-07"}, {"maxAge": 1, "name": "Sethi (Vineeta)", "relation": "UNREPORTED", "url": "", "transactionDescription": "Acquisition", "latestTransDate": "2013-07-29", "positionDirect": 59600, "positionDirectDate": "2013-07-29"}], "maxAge": 1}, "calendarEvents": {"maxAge": 1, "earnings": {"earningsDate": []}, "exDividendDate": "2011-09-26 05:30:00"}, "upgradeDowngradeHistory": {"history": [], "maxAge": 86400}, "price": {"maxAge": 1, "regularMarketChangePercent": -0.030302953, "regularMarketChange": -0.29999924, "regularMarketTime": "2021-04-30 15:28:43", "priceHint": 2, "regularMarketPrice": 9.6, "regularMarketDayHigh": 10.0, "regularMarketDayLow": 9.15, "regularMarketVolume": 27592, "averageDailyVolume10Day": 42165, "averageDailyVolume3Month": 34359, "regularMarketPreviousClose": 9.9, "regularMarketSource": "FREE_REALTIME", "regularMarketOpen": 9.9, "exchange": "NSI", "exchangeName": "NSE", "exchangeDataDelayedBy": 15, "marketState": "CLOSED", "quoteType": "EQUITY", "symbol": "SPMLINFRA.NS", "underlyingSymbol": null, "shortName": "SPML INFRA LTD", "longName": "SPML Infra Limited", "currency": "INR", "quoteSourceName": "Delayed Quote", "currencySymbol": "\u20b9", "fromCurrency": null, "lastMarket": null, "marketCap": 361438080}, "balanceSheetHistory": {"balanceSheetStatements": [{"maxAge": 1, "endDate": "2020-03-31", "cash": 202798000, "netReceivables": 15298304000, "inventory": 627373000, "otherCurrentAssets": 2043404000, "totalCurrentAssets": 18452590000, "longTermInvestments": 947439000, "propertyPlantEquipment": 1628674000, "goodWill": 154741000, "intangibleAssets": 2051000, "otherAssets": 8799293000, "deferredLongTermAssetCharges": 928467000, "totalAssets": 29984788000, "accountsPayable": 6306132000, "shortLongTermDebt": 336172000, "otherCurrentLiab": 2274429000, "longTermDebt": 6734931000, "otherLiab": 1583224000, "minorityInterest": 158358000, "totalCurrentLiabilities": 17656251000, "totalLiab": 25983269000, "commonStock": 73301000, "retainedEarnings": 1996221000, "treasuryStock": 206662000, "capitalSurplus": 1566977000, "otherStockholderEquity": 206662000, "totalStockholderEquity": 3843161000, "netTangibleAssets": 3686369000}, {"maxAge": 1, "endDate": "2019-03-31", "cash": 368541000, "shortTermInvestments": 10713768000, "netReceivables": 17404166000, "inventory": 666214000, "otherCurrentAssets": 2317830000, "totalCurrentAssets": 21030534000, "longTermInvestments": 1473532000, "propertyPlantEquipment": 2800097000, "goodWill": 477909000, "intangibleAssets": 2070000, "otherAssets": 9172220000, "deferredLongTermAssetCharges": 1125990000, "totalAssets": 34956362000, "accountsPayable": 9405836000, "shortLongTermDebt": 511241000, "otherCurrentLiab": 2677729000, "longTermDebt": 6761953000, "otherLiab": 1793249000, "minorityInterest": 1848445000, "totalCurrentLiabilities": 20351397000, "totalLiab": 28906599000, "commonStock": 73301000, "retainedEarnings": 1922951000, "treasuryStock": 587923000, "capitalSurplus": 1617143000, "otherStockholderEquity": 587923000, "totalStockholderEquity": 4201318000, "netTangibleAssets": 3721339000}, {"maxAge": 1, "endDate": "2018-03-31", "cash": 248062000, "netReceivables": 16939846000, "inventory": 773579000, "otherCurrentAssets": 2425248000, "totalCurrentAssets": 20742439000, "longTermInvestments": 1278205000, "propertyPlantEquipment": 3055549000, "goodWill": 367920000, "intangibleAssets": 2057000, "otherAssets": 8225473000, "deferredLongTermAssetCharges": 575209000, "totalAssets": 33671643000, "accountsPayable": 9635608000, "shortLongTermDebt": 946870000, "otherCurrentLiab": 2455870000, "longTermDebt": 7347957000, "otherLiab": 1140321000, "minorityInterest": 1106353000, "totalCurrentLiabilities": 19427796000, "totalLiab": 27916074000, "commonStock": 73301000, "retainedEarnings": 2709352000, "treasuryStock": 249419000, "capitalSurplus": 1617144000, "otherStockholderEquity": 249419000, "totalStockholderEquity": 4649216000, "netTangibleAssets": 4279239000}, {"maxAge": 1, "endDate": "2017-03-31", "cash": 429443000, "netReceivables": 13763595000, "inventory": 723028000, "otherCurrentAssets": 1946399000, "totalCurrentAssets": 16992972000, "longTermInvestments": 1692272000, "propertyPlantEquipment": 3346453000, "goodWill": 273456000, "intangibleAssets": 2309000, "otherAssets": 7678990000, "deferredLongTermAssetCharges": 533996000, "totalAssets": 29986452000, "accountsPayable": 9028926000, "shortLongTermDebt": 764181000, "otherCurrentLiab": 1569077000, "longTermDebt": 2881330000, "otherLiab": 1651987000, "minorityInterest": 944918000, "totalCurrentLiabilities": 20704103000, "totalLiab": 25237420000, "commonStock": 73301000, "retainedEarnings": 2032617000, "treasuryStock": 81052000, "capitalSurplus": 1617144000, "otherStockholderEquity": 81052000, "totalStockholderEquity": 3804114000, "netTangibleAssets": 3528349000}], "maxAge": 86400}, "earningsTrend": {"trend": [{"maxAge": 1, "period": "0q", "endDate": null, "growth": {}, "earningsEstimate": {"avg": 0.0, "low": 0.0, "high": 0.0, "yearAgoEps": {}, "numberOfAnalysts": 0, "growth": {}}, "revenueEstimate": {"avg": 0, "low": 0, "high": 0, "numberOfAnalysts": 0, "yearAgoRevenue": {}, "growth": {}}, "epsTrend": {"current": 0.0, "7daysAgo": 0.0, "30daysAgo": 0.0, "60daysAgo": 0.0, "90daysAgo": 0.0}, "epsRevisions": {"upLast7days": 0, "upLast30days": 0, "downLast30days": 0, "downLast90days": {}}}, {"maxAge": 1, "period": "+1q", "endDate": null, "growth": {}, "earningsEstimate": {"avg": 0.0, "low": 0.0, "high": 0.0, "yearAgoEps": {}, "numberOfAnalysts": 0, "growth": {}}, "revenueEstimate": {"avg": 0, "low": 0, "high": 0, "numberOfAnalysts": 0, "yearAgoRevenue": {}, "growth": {}}, "epsTrend": {"current": 0.0, "7daysAgo": 0.0, "30daysAgo": 0.0, "60daysAgo": 0.0, "90daysAgo": 0.0}, "epsRevisions": {"upLast7days": 0, "upLast30days": 0, "downLast30days": 0, "downLast90days": {}}}, {"maxAge": 1, "period": "0y", "endDate": null, "growth": {}, "earningsEstimate": {"avg": 0.0, "low": 0.0, "high": 0.0, "yearAgoEps": {}, "numberOfAnalysts": 0, "growth": {}}, "revenueEstimate": {"avg": 0, "low": 0, "high": 0, "numberOfAnalysts": 0, "yearAgoRevenue": {}, "growth": {}}, "epsTrend": {"current": 0.0, "7daysAgo": 0.0, "30daysAgo": 0.0, "60daysAgo": 0.0, "90daysAgo": 0.0}, "epsRevisions": {"upLast7days": 0, "upLast30days": 0, "downLast30days": 0, "downLast90days": {}}}, {"maxAge": 1, "period": "+1y", "endDate": null, "growth": {}, "earningsEstimate": {"avg": 0.0, "low": 0.0, "high": 0.0, "yearAgoEps": {}, "numberOfAnalysts": 0, "growth": {}}, "revenueEstimate": {"avg": 0, "low": 0, "high": 0, "numberOfAnalysts": 0, "yearAgoRevenue": {}, "growth": {}}, "epsTrend": {"current": 0.0, "7daysAgo": 0.0, "30daysAgo": 0.0, "60daysAgo": 0.0, "90daysAgo": 0.0}, "epsRevisions": {"upLast7days": 0, "upLast30days": 0, "downLast30days": 0, "downLast90days": {}}}, {"maxAge": 1, "period": "+5y", "endDate": null, "growth": {}, "earningsEstimate": {"avg": {}, "low": {}, "high": {}, "yearAgoEps": {}, "numberOfAnalysts": {}, "growth": {}}, "revenueEstimate": {"avg": {}, "low": {}, "high": {}, "numberOfAnalysts": {}, "yearAgoRevenue": {}, "growth": {}}, "epsTrend": {"current": {}, "7daysAgo": {}, "30daysAgo": {}, "60daysAgo": {}, "90daysAgo": {}}, "epsRevisions": {"upLast7days": {}, "upLast30days": {}, "downLast30days": {}, "downLast90days": {}}}, {"maxAge": 1, "period": "-5y", "endDate": null, "growth": {}, "earningsEstimate": {"avg": {}, "low": {}, "high": {}, "yearAgoEps": {}, "numberOfAnalysts": {}, "growth": {}}, "revenueEstimate": {"avg": {}, "low": {}, "high": {}, "numberOfAnalysts": {}, "yearAgoRevenue": {}, "growth": {}}, "epsTrend": {"current": {}, "7daysAgo": {}, "30daysAgo": {}, "60daysAgo": {}, "90daysAgo": {}}, "epsRevisions": {"upLast7days": {}, "upLast30days": {}, "downLast30days": {}, "downLast90days": {}}}], "maxAge": 1}, "institutionOwnership": {"ownershipList": [], "maxAge": 1}, "majorHoldersBreakdown": {"maxAge": 1, "insidersPercentHeld": 0.71776, "institutionsPercentHeld": 0.0, "institutionsFloatPercentHeld": 0.0, "institutionsCount": 0}, "balanceSheetHistoryQuarterly": {"balanceSheetStatements": [{"maxAge": 1, "endDate": "2020-12-31", "totalStockholderEquity": 3391851000, "netTangibleAssets": 3235051000}, {"maxAge": 1, "endDate": "2020-09-30", "cash": 165718000, "shortTermInvestments": 10665963000, "netReceivables": 4714741000, "inventory": 687454000, "otherCurrentAssets": 1901839000, "totalCurrentAssets": 18135715000, "longTermInvestments": 1406680000, "propertyPlantEquipment": 1598128000, "intangibleAssets": 156800000, "otherAssets": 7929304000, "deferredLongTermAssetCharges": 983037000, "totalAssets": 29226627000, "accountsPayable": 3136976000, "otherCurrentLiab": 3145656000, "longTermDebt": 6726726000, "otherLiab": 1447671000, "minorityInterest": 156812000, "totalCurrentLiabilities": 17503567000, "totalLiab": 25677964000, "commonStock": 81945000, "treasuryStock": 3309906000, "otherStockholderEquity": 3309906000, "totalStockholderEquity": 3391851000, "netTangibleAssets": 3235051000}, {"maxAge": 1, "endDate": "2020-06-30", "totalStockholderEquity": 3843160000, "netTangibleAssets": 3686368000}, {"maxAge": 1, "endDate": "2020-03-31", "cash": 202798000, "netReceivables": 15298304000, "inventory": 627373000, "otherCurrentAssets": 2043404000, "totalCurrentAssets": 18452590000, "longTermInvestments": 947439000, "propertyPlantEquipment": 1628674000, "goodWill": 154741000, "intangibleAssets": 2051000, "otherAssets": 8799293000, "deferredLongTermAssetCharges": 928467000, "totalAssets": 29984788000, "accountsPayable": 6306132000, "shortLongTermDebt": 336172000, "otherCurrentLiab": 2274429000, "longTermDebt": 6734931000, "otherLiab": 1583224000, "minorityInterest": 158358000, "totalCurrentLiabilities": 17656251000, "totalLiab": 25983269000, "commonStock": 73301000, "retainedEarnings": 1996221000, "treasuryStock": 206662000, "capitalSurplus": 1566977000, "otherStockholderEquity": 206662000, "totalStockholderEquity": 3843161000, "netTangibleAssets": 3686369000}], "maxAge": 86400}, "earningsHistory": {"history": [{"maxAge": 1, "epsActual": {}, "epsEstimate": {}, "epsDifference": {}, "surprisePercent": {}, "quarter": {}, "period": "-4q"}, {"maxAge": 1, "epsActual": {}, "epsEstimate": {}, "epsDifference": {}, "surprisePercent": {}, "quarter": {}, "period": "-3q"}, {"maxAge": 1, "epsActual": {}, "epsEstimate": {}, "epsDifference": {}, "surprisePercent": {}, "quarter": {}, "period": "-2q"}, {"maxAge": 1, "epsActual": {}, "epsEstimate": {}, "epsDifference": {}, "surprisePercent": {}, "quarter": {}, "period": "-1q"}], "maxAge": 86400}, "summaryProfile": {"address1": "22, Camac Street", "address2": "3rd Floor Block-A", "city": "Kolkata", "zip": "700016", "country": "India", "phone": "91 33 4009 1200", "fax": "91 33 4009 1303", "website": "http://www.spml.co.in", "industry": "Engineering & Construction", "sector": "Industrials", "longBusinessSummary": "SPML Infra Limited operates as an infrastructure development company in India. It operates in two segments, Construction and Trading. The company undertakes urban water supply and distribution, and water treatment projects; constructs pumping stations for water supply, irrigation, wastewater, and storm water drainage; and designs and supplies bulk and distribution pipeline networks, as well as provides services in various areas, including construction of dams, canals, lift irrigation, micro irrigation, and tunneling. It also undertakes power generation, transmission, and distribution projects, including the construction of hydro, solar, wind, gas turbine, and thermal power plants, as well as sub-transmission/distribution lines and substations; and provides rural electrification, and integrated and smart energy management solutions. In addition, the company develops bridges, flyovers, industrial infrastructure, tunnels, special economic zones, industrial/business/technology parks, airports, seaports, bus terminals, automated car parking facilities, and toll express roads/highways. Further, it provides integrated end-to-end waste management solutions, such as collection, segregation, transportation, treatment, reusability, processing, and scientific disposal of waste water and solid waste, as well as sewer rehabilitation solutions. Additionally, SPML Infra Limited develops an integrated management information system, a software solution for metering, billing, CRM, network analysis, demand forecasting and management, asset and inventory management, business intelligence, and operation and maintenance of the entire network. The company was formerly known as Subhash Projects and Marketing Limited and changed its name to SPML Infra Limited in April 2010. SPML Infra Limited was founded in 1981 and is headquartered in Kolkata, India.", "fullTimeEmployees": 411, "companyOfficers": [], "maxAge": 86400}, "netSharePurchaseActivity": {"maxAge": 1, "period": "6m", "buyInfoCount": 0, "buyInfoShares": 0, "sellInfoCount": 0, "netInfoCount": 0, "netInfoShares": 0, "netPercentInsiderShares": 0.0, "totalInsiderShares": 26310702}, "insiderTransactions": {"transactions": [{"maxAge": 1, "shares": 555797, "filerUrl": "", "transactionText": "", "filerName": "Canara Bank", "filerRelation": "Promoter", "moneyText": "", "startDate": "2020-04-01", "ownership": "D"}, {"maxAge": 1, "shares": 351485, "filerUrl": "", "transactionText": "", "filerName": "Sethi (Maina Devi)", "filerRelation": "Promoter", "moneyText": "", "startDate": "2017-12-29", "ownership": "D"}, {"maxAge": 1, "shares": 2000, "filerUrl": "", "transactionText": "", "filerName": "Abhinandan Enterprises Pvt Ltd", "filerRelation": "Promoter", "moneyText": "", "startDate": "2017-12-05", "ownership": "D"}, {"maxAge": 1, "shares": 6500, "filerUrl": "", "transactionText": "", "filerName": "Sanghvi Erectors Pvt Ltd", "filerRelation": "Promoter", "moneyText": "", "startDate": "2017-12-05", "ownership": "D"}, {"maxAge": 1, "shares": 2000, "filerUrl": "", "transactionText": "", "filerName": "Rishab Commercial Pvt Ltd", "filerRelation": "Promoter", "moneyText": "", "startDate": "2017-12-05", "ownership": "D"}, {"maxAge": 1, "shares": 4600, "filerUrl": "", "transactionText": "", "filerName": "Sethi (Vineeta)", "filerRelation": "UNREPORTED", "moneyText": "", "startDate": "2013-07-29", "ownership": "D"}, {"maxAge": 1, "shares": 22459, "filerUrl": "", "transactionText": "", "filerName": "Sethi (Vineeta)", "filerRelation": "UNREPORTED", "moneyText": "", "startDate": "2013-07-27", "ownership": "D"}, {"maxAge": 1, "shares": 26608, "filerUrl": "", "transactionText": "", "filerName": "Sethi (Vineeta)", "filerRelation": "UNREPORTED", "moneyText": "", "startDate": "2013-07-25", "ownership": "D"}, {"maxAge": 1, "shares": 1900, "filerUrl": "", "transactionText": "", "filerName": "Sethi (Vineeta)", "filerRelation": "UNREPORTED", "moneyText": "", "startDate": "2013-07-24", "ownership": "D"}, {"maxAge": 1, "shares": 2824, "filerUrl": "", "transactionText": "", "filerName": "Sethi (Vineeta)", "filerRelation": "UNREPORTED", "moneyText": "", "startDate": "2013-07-23", "ownership": "D"}, {"maxAge": 1, "shares": 1209, "filerUrl": "", "transactionText": "", "filerName": "Sethi (Vineeta)", "filerRelation": "UNREPORTED", "moneyText": "", "startDate": "2013-07-22", "ownership": "D"}, {"maxAge": 1, "shares": 713, "filerUrl": "", "transactionText": "", "filerName": "Sethi (Shilpa)", "filerRelation": "UNREPORTED", "moneyText": "", "startDate": "2013-03-19", "ownership": "D"}, {"maxAge": 1, "shares": 91114, "filerUrl": "", "transactionText": "", "filerName": "Sethi (Shilpa)", "filerRelation": "UNREPORTED", "moneyText": "", "startDate": "2013-03-19", "ownership": "D"}, {"maxAge": 1, "shares": 174510, "filerUrl": "", "transactionText": "", "filerName": "Sethi (Subhash Chand)", "filerRelation": "Executive Chairman", "moneyText": "", "startDate": "2013-03-07", "ownership": "D"}], "maxAge": 1}, "sectorTrend": {"maxAge": 1, "symbol": null, "estimates": []}, "incomeStatementHistoryQuarterly": {"incomeStatementHistory": [{"maxAge": 1, "endDate": "2020-12-31", "totalRevenue": 3092089000, "costOfRevenue": 2845618000, "grossProfit": 246471000, "researchDevelopment": {}, "sellingGeneralAdministrative": 67791000, "nonRecurring": {}, "otherOperatingExpenses": 802352000, "totalOperatingExpenses": 3729257000, "operatingIncome": -637168000, "totalOtherIncomeExpenseNet": 411290000, "ebit": -637168000, "interestExpense": {}, "incomeBeforeTax": -225878000, "incomeTaxExpense": 46668000, "minorityInterest": {}, "netIncomeFromContinuingOps": -272546000, "discontinuedOperations": {}, "extraordinaryItems": {}, "effectOfAccountingCharges": {}, "otherItems": {}, "netIncome": -274192000, "netIncomeApplicableToCommonShares": -274192000}, {"maxAge": 1, "endDate": "2020-09-30", "totalRevenue": 729613000, "costOfRevenue": 330402000, "grossProfit": 399211000, "researchDevelopment": {}, "sellingGeneralAdministrative": 58016000, "nonRecurring": {}, "otherOperatingExpenses": 159251000, "totalOperatingExpenses": 561566000, "operatingIncome": 168047000, "totalOtherIncomeExpenseNet": -325867000, "ebit": 168047000, "interestExpense": -507850000, "incomeBeforeTax": -157820000, "incomeTaxExpense": -19557000, "minorityInterest": 156812000, "netIncomeFromContinuingOps": -138263000, "discontinuedOperations": {}, "extraordinaryItems": {}, "effectOfAccountingCharges": {}, "otherItems": {}, "netIncome": -137475000, "netIncomeApplicableToCommonShares": -137475000}, {"maxAge": 1, "endDate": "2020-06-30", "totalRevenue": 892603000, "costOfRevenue": 589578000, "grossProfit": 303025000, "researchDevelopment": {}, "sellingGeneralAdministrative": 62954000, "nonRecurring": {}, "otherOperatingExpenses": 176618000, "totalOperatingExpenses": 844329000, "operatingIncome": 48274000, "totalOtherIncomeExpenseNet": -404480000, "ebit": 48274000, "interestExpense": -458391000, "incomeBeforeTax": -356206000, "incomeTaxExpense": -37073000, "minorityInterest": 156812000, "netIncomeFromContinuingOps": -319133000, "discontinuedOperations": {}, "extraordinaryItems": {}, "effectOfAccountingCharges": {}, "otherItems": {}, "netIncome": -318375000, "netIncomeApplicableToCommonShares": -318375000}, {"maxAge": 1, "endDate": "2020-03-31", "totalRevenue": 3363930000, "costOfRevenue": 2802913000, "grossProfit": 561017000, "researchDevelopment": {}, "sellingGeneralAdministrative": 184507000, "nonRecurring": {}, "otherOperatingExpenses": 239198000, "totalOperatingExpenses": 3463323000, "operatingIncome": -99393000, "totalOtherIncomeExpenseNet": 131040000, "ebit": -99393000, "interestExpense": -418447000, "incomeBeforeTax": 31647000, "incomeTaxExpense": 19586000, "minorityInterest": 158358000, "netIncomeFromContinuingOps": 12061000, "discontinuedOperations": {}, "extraordinaryItems": {}, "effectOfAccountingCharges": {}, "otherItems": {}, "netIncome": 49061000, "netIncomeApplicableToCommonShares": 49061000}], "maxAge": 86400}, "cashflowStatementHistoryQuarterly": {"cashflowStatements": [{"maxAge": 1, "endDate": "2020-12-31", "netIncome": -274192000, "changeToLiabilities": 0}, {"maxAge": 1, "endDate": "2020-09-30", "netIncome": -137475000, "changeToLiabilities": 0}, {"maxAge": 1, "endDate": "2020-06-30", "netIncome": -318375000, "changeToLiabilities": 0}, {"maxAge": 1, "endDate": "2020-03-31", "netIncome": 49061000, "changeToLiabilities": 0}], "maxAge": 86400}, "earnings": {"maxAge": 86400, "earningsChart": {"quarterly": [], "earningsDate": []}, "financialsChart": {"yearly": [{"date": 2017, "revenue": 22758141000, "earnings": -85397000}, {"date": 2018, "revenue": 20494799000, "earnings": 504031000}, {"date": 2019, "revenue": 20115208000, "earnings": 397334000}, {"date": 2020, "revenue": 17064773000, "earnings": 65913000}], "quarterly": [{"date": "1Q2020", "revenue": 3363930000, "earnings": 49061000}, {"date": "2Q2020", "revenue": 892603000, "earnings": -318375000}, {"date": "3Q2020", "revenue": 729613000, "earnings": -137475000}, {"date": "4Q2020", "revenue": 3092089000, "earnings": -274192000}]}, "financialCurrency": "INR"}, "financialData": {"maxAge": 86400, "currentPrice": 9.6, "targetHighPrice": 105.0, "targetLowPrice": 105.0, "targetMeanPrice": 105.0, "targetMedianPrice": 105.0, "recommendationMean": 2.0, "recommendationKey": "buy", "numberOfAnalystOpinions": 1, "totalCash": 10831680512, "totalCashPerShare": 295.49, "ebitda": -429049504, "totalDebt": 17928556544, "totalRevenue": 8078235136, "debtToEquity": 505.22, "revenuePerShare": 220.351, "grossProfits": 2366312000, "revenueGrowth": -0.239, "grossMargins": 0.18688999, "ebitdaMargins": -0.05311, "operatingMargins": -0.0644, "profitMargins": -0.084300004, "financialCurrency": "INR"}}}