{"SPORTKING.BO": {"cashflowStatementHistory": {"cashflowStatements": [{"maxAge": 1, "endDate": "2020-03-31", "netIncome": 123577000, "depreciation": 633366000, "changeToNetincome": 615969000, "changeToAccountReceivables": 93113000, "changeToLiabilities": -976155000, "changeToInventory": 983339000, "totalCashFromOperatingActivities": 1477425000, "capitalExpenditures": -1436160000, "otherCashflowsFromInvestingActivities": 14992000, "totalCashflowsFromInvestingActivities": -1418650000, "netBorrowings": 496668000, "otherCashflowsFromFinancingActivities": -546955000, "totalCashFromFinancingActivities": -49675000, "changeInCash": 9100000, "issuanceOfStock": 612000}, {"maxAge": 1, "endDate": "2019-03-31", "netIncome": 240203000, "depreciation": 531959000, "changeToNetincome": 174068000, "changeToAccountReceivables": -776892000, "changeToLiabilities": 1078467000, "changeToInventory": -283056000, "totalCashFromOperatingActivities": 971961000, "capitalExpenditures": -1072458000, "otherCashflowsFromInvestingActivities": 14849000, "totalCashflowsFromInvestingActivities": -1056944000, "netBorrowings": 297026000, "otherCashflowsFromFinancingActivities": -364359000, "totalCashFromFinancingActivities": 83687000, "changeInCash": -1296000, "issuanceOfStock": 1020000}, {"maxAge": 1, "endDate": "2018-03-31", "netIncome": 191584000, "depreciation": 558747000, "changeToNetincome": 306045000, "changeToAccountReceivables": 65952000, "changeToLiabilities": 44905000, "changeToInventory": 212373000, "totalCashFromOperatingActivities": 1386018000, "capitalExpenditures": -382966000, "otherCashflowsFromInvestingActivities": 9610000, "totalCashflowsFromInvestingActivities": -369285000, "netBorrowings": -751082000, "otherCashflowsFromFinancingActivities": -263237000, "totalCashFromFinancingActivities": -1013850000, "changeInCash": 2883000, "issuanceOfStock": 469000}, {"maxAge": 1, "endDate": "2017-03-31", "netIncome": 217817000, "depreciation": 573315000, "changeToNetincome": 310522000, "changeToAccountReceivables": 200529000, "changeToLiabilities": 145237000, "changeToInventory": -345690000, "totalCashFromOperatingActivities": 1109010000, "capitalExpenditures": -65211000, "otherCashflowsFromInvestingActivities": 16172000, "totalCashflowsFromInvestingActivities": -48879000, "netBorrowings": -738059000, "otherCashflowsFromFinancingActivities": -346782000, "totalCashFromFinancingActivities": -1084788000, "changeInCash": -24657000, "issuanceOfStock": 53000}], "maxAge": 86400}, "institutionOwnership": {"ownershipList": [], "maxAge": 1}, "balanceSheetHistoryQuarterly": {"balanceSheetStatements": [{"maxAge": 1, "endDate": "2020-06-30", "totalStockholderEquity": 2520643000, "netTangibleAssets": 2518553000}, {"maxAge": 1, "endDate": "2020-03-31", "cash": 15893000, "netReceivables": 1808687000, "inventory": 2113175000, "otherCurrentAssets": 891849000, "totalCurrentAssets": 4829604000, "longTermInvestments": 10671000, "propertyPlantEquipment": 4662237000, "intangibleAssets": 2090000, "otherAssets": 151232000, "totalAssets": 9655834000, "accountsPayable": 761197000, "otherCurrentLiab": 633285000, "longTermDebt": 2499228000, "otherLiab": 318454000, "totalCurrentLiabilities": 4313254000, "totalLiab": 7135191000, "commonStock": 34638000, "treasuryStock": 2486005000, "otherStockholderEquity": 2486005000, "totalStockholderEquity": 2520643000, "netTangibleAssets": 2518553000}, {"maxAge": 1, "endDate": "2019-12-31", "totalStockholderEquity": 2468133000, "netTangibleAssets": 2463909000}, {"maxAge": 1, "endDate": "2019-09-30", "cash": 15522000, "netReceivables": 2120126000, "inventory": 2408797000, "otherCurrentAssets": 688640000, "totalCurrentAssets": 5233085000, "longTermInvestments": 11200000, "propertyPlantEquipment": 4881115000, "intangibleAssets": 4224000, "otherAssets": 151678000, "totalAssets": 10281302000, "accountsPayable": 1401996000, "otherCurrentLiab": 949889000, "longTermDebt": 2402043000, "otherLiab": 298014000, "totalCurrentLiabilities": 5113112000, "totalLiab": 7813169000, "commonStock": 34557000, "treasuryStock": 2433576000, "otherStockholderEquity": 2433576000, "totalStockholderEquity": 2468133000, "netTangibleAssets": 2463909000}], "maxAge": 86400}, "indexTrend": {"maxAge": 1, "symbol": "SP5", "peRatio": 19.7411, "pegRatio": 1.34172, "estimates": [{"period": "0q", "growth": 0.549}, {"period": "+1q", "growth": 0.431}, {"period": "0y", "growth": 0.305}, {"period": "+1y", "growth": 0.109}, {"period": "+5y", "growth": 0.120859005}, {"period": "-5y"}]}, "insiderTransactions": {"transactions": [{"maxAge": 1, "shares": 18300, "filerUrl": "", "transactionText": "", "filerName": "Avasthi (Rajkumar)", "filerRelation": "Director", "moneyText": "", "startDate": "2020-03-06", "ownership": "D"}, {"maxAge": 1, "shares": 100000, "filerUrl": "", "transactionText": "", "filerName": "Avasthi (Munish)", "filerRelation": "Promoter", "moneyText": "", "startDate": "2016-09-17", "ownership": "D"}, {"maxAge": 1, "shares": 100000, "filerUrl": "", "transactionText": "", "filerName": "Avasthi (Rajkumar)", "filerRelation": "Promoter", "moneyText": "", "startDate": "2016-09-17", "ownership": "D"}], "maxAge": 1}, "quoteType": {"exchange": "BSE", "quoteType": "EQUITY", "symbol": "SPORTKING.BO", "underlyingSymbol": "SPORTKING.BO", "shortName": "Sportking India Ltd.", "longName": "Sportking India Limited", "firstTradeDateEpochUtc": "2016-12-12 09:15:00", "timeZoneFullName": "Asia/Kolkata", "timeZoneShortName": "IST", "uuid": "8667767f-a159-38ad-90b9-ea393c1f65c0", "gmtOffSetMilliseconds": 19800000, "maxAge": 1}, "incomeStatementHistory": {"incomeStatementHistory": [{"maxAge": 1, "endDate": "2020-03-31", "totalRevenue": 13550511000, "costOfRevenue": 10213508000, "grossProfit": 3337003000, "researchDevelopment": {}, "sellingGeneralAdministrative": 971634000, "nonRecurring": {}, "otherOperatingExpenses": 1003702000, "totalOperatingExpenses": 12822210000, "operatingIncome": 728301000, "totalOtherIncomeExpenseNet": -545475000, "ebit": 728301000, "interestExpense": -575334000, "incomeBeforeTax": 182826000, "incomeTaxExpense": 59249000, "minorityInterest": {}, "netIncomeFromContinuingOps": 123577000, "discontinuedOperations": {}, "extraordinaryItems": {}, "effectOfAccountingCharges": {}, "otherItems": {}, "netIncome": 123577000, "netIncomeApplicableToCommonShares": 123577000}, {"maxAge": 1, "endDate": "2019-03-31", "totalRevenue": 11604664000, "costOfRevenue": 7746009000, "grossProfit": 3858655000, "researchDevelopment": {}, "sellingGeneralAdministrative": 835929000, "nonRecurring": {}, "otherOperatingExpenses": 1714823000, "totalOperatingExpenses": 10833303000, "operatingIncome": 771361000, "totalOtherIncomeExpenseNet": -393181000, "ebit": 771361000, "interestExpense": -295129000, "incomeBeforeTax": 378180000, "incomeTaxExpense": 137977000, "minorityInterest": {}, "netIncomeFromContinuingOps": 240203000, "discontinuedOperations": {}, "extraordinaryItems": {}, "effectOfAccountingCharges": {}, "otherItems": {}, "netIncome": 240203000, "netIncomeApplicableToCommonShares": 240203000}, {"maxAge": 1, "endDate": "2018-03-31", "totalRevenue": 10533250000, "costOfRevenue": 7115893000, "grossProfit": 3417357000, "researchDevelopment": {}, "sellingGeneralAdministrative": 741265000, "nonRecurring": {}, "otherOperatingExpenses": 1660652000, "totalOperatingExpenses": 10080549000, "operatingIncome": 452701000, "totalOtherIncomeExpenseNet": -163897000, "ebit": 452701000, "interestExpense": -224627000, "incomeBeforeTax": 288804000, "incomeTaxExpense": 97220000, "minorityInterest": {}, "netIncomeFromContinuingOps": 191584000, "discontinuedOperations": {}, "extraordinaryItems": {}, "effectOfAccountingCharges": {}, "otherItems": {}, "netIncome": 191584000, "netIncomeApplicableToCommonShares": 191584000}, {"maxAge": 1, "endDate": "2017-03-31", "totalRevenue": 10140725000, "costOfRevenue": 6526186000, "grossProfit": 3614539000, "researchDevelopment": {}, "sellingGeneralAdministrative": 676862000, "nonRecurring": {}, "otherOperatingExpenses": 1752630000, "totalOperatingExpenses": 9533064000, "operatingIncome": 607661000, "totalOtherIncomeExpenseNet": -260563000, "ebit": 607661000, "interestExpense": -278751000, "incomeBeforeTax": 347098000, "incomeTaxExpense": 129281000, "minorityInterest": {}, "netIncomeFromContinuingOps": 217817000, "discontinuedOperations": {}, "extraordinaryItems": {}, "effectOfAccountingCharges": {}, "otherItems": {}, "netIncome": 217817000, "netIncomeApplicableToCommonShares": 217817000}], "maxAge": 86400}, "fundOwnership": {"ownershipList": [], "maxAge": 1}, "summaryDetail": {"maxAge": 1, "priceHint": 2, "previousClose": 1331.6, "open": 1398.15, "dayLow": 1369.0, "dayHigh": 1398.15, "regularMarketPreviousClose": 1331.6, "regularMarketOpen": 1398.15, "regularMarketDayLow": 1369.0, "regularMarketDayHigh": 1398.15, "trailingPE": 72.311874, "volume": 12403, "regularMarketVolume": 12403, "averageVolume": 962, "averageVolume10days": 2720, "averageDailyVolume10Day": 2720, "bid": 1398.15, "ask": 0.0, "bidSize": 0, "askSize": 0, "marketCap": 4978812416, "fiftyTwoWeekLow": 146.35, "fiftyTwoWeekHigh": 1398.15, "fiftyDayAverage": 546.35455, "twoHundredDayAverage": 353.62463, "currency": "INR", "fromCurrency": null, "lastMarket": null, "algorithm": null, "tradeable": false}, "incomeStatementHistoryQuarterly": {"incomeStatementHistory": [{"maxAge": 1, "endDate": "2020-06-30", "totalRevenue": 2206383000, "costOfRevenue": 1641471000, "grossProfit": 564912000, "researchDevelopment": {}, "sellingGeneralAdministrative": 163057000, "nonRecurring": {}, "otherOperatingExpenses": 172387000, "totalOperatingExpenses": 2107374000, "operatingIncome": 99009000, "totalOtherIncomeExpenseNet": -93908000, "ebit": 99009000, "interestExpense": -116793000, "incomeBeforeTax": 5101000, "incomeTaxExpense": 1520000, "minorityInterest": {}, "netIncomeFromContinuingOps": 3581000, "discontinuedOperations": {}, "extraordinaryItems": {}, "effectOfAccountingCharges": {}, "otherItems": {}, "netIncome": 3581000, "netIncomeApplicableToCommonShares": 3581000}, {"maxAge": 1, "endDate": "2020-03-31", "totalRevenue": 3241894000, "costOfRevenue": 2395197000, "grossProfit": 846697000, "researchDevelopment": {}, "sellingGeneralAdministrative": 251125000, "nonRecurring": {}, "otherOperatingExpenses": 291410000, "totalOperatingExpenses": 3089668000, "operatingIncome": 152226000, "totalOtherIncomeExpenseNet": -138642000, "ebit": 152226000, "interestExpense": -139272000, "incomeBeforeTax": 13584000, "incomeTaxExpense": 1165000, "minorityInterest": {}, "netIncomeFromContinuingOps": 12419000, "discontinuedOperations": {}, "extraordinaryItems": {}, "effectOfAccountingCharges": {}, "otherItems": {}, "netIncome": 12419000, "netIncomeApplicableToCommonShares": 12419000}, {"maxAge": 1, "endDate": "2019-12-31", "totalRevenue": 3437900000, "costOfRevenue": 2586195000, "grossProfit": 851705000, "researchDevelopment": {}, "sellingGeneralAdministrative": 237715000, "nonRecurring": {}, "otherOperatingExpenses": 264724000, "totalOperatingExpenses": 3237537000, "operatingIncome": 200363000, "totalOtherIncomeExpenseNet": -134572000, "ebit": 200363000, "interestExpense": -144575000, "incomeBeforeTax": 65791000, "incomeTaxExpense": 21820000, "minorityInterest": {}, "netIncomeFromContinuingOps": 43971000, "discontinuedOperations": {}, "extraordinaryItems": {}, "effectOfAccountingCharges": {}, "otherItems": {}, "netIncome": 43971000, "netIncomeApplicableToCommonShares": 43971000}, {"maxAge": 1, "endDate": "2019-09-30", "totalRevenue": 3493909000, "costOfRevenue": 2701936000, "grossProfit": 791973000, "researchDevelopment": {}, "sellingGeneralAdministrative": 247418000, "nonRecurring": {}, "otherOperatingExpenses": 219258000, "totalOperatingExpenses": 3336123000, "operatingIncome": 157786000, "totalOtherIncomeExpenseNet": -146750000, "ebit": 157786000, "interestExpense": -144505000, "incomeBeforeTax": 11036000, "incomeTaxExpense": 2229000, "minorityInterest": {}, "netIncomeFromContinuingOps": 8807000, "discontinuedOperations": {}, "extraordinaryItems": {}, "effectOfAccountingCharges": {}, "otherItems": {}, "netIncome": 8807000, "netIncomeApplicableToCommonShares": 8807000}], "maxAge": 86400}, "cashflowStatementHistoryQuarterly": {"cashflowStatements": [{"maxAge": 1, "endDate": "2020-06-30", "netIncome": 3581000, "changeToLiabilities": 0}, {"maxAge": 1, "endDate": "2020-03-31", "netIncome": 12419000, "changeToLiabilities": 0}, {"maxAge": 1, "endDate": "2019-12-31", "netIncome": 43971000, "changeToLiabilities": 0}, {"maxAge": 1, "endDate": "2019-09-30", "netIncome": 8807000, "changeToLiabilities": 0}], "maxAge": 86400}, "insiderHolders": {"holders": [{"maxAge": 1, "name": "Avasthi (Munish)", "relation": "Promoter", "url": "", "transactionDescription": "Sale", "latestTransDate": "2016-09-17", "positionDirect": 229300, "positionDirectDate": "2016-09-17"}, {"maxAge": 1, "name": "Avasthi (Rajkumar)", "relation": "Director", "url": "", "transactionDescription": "Other", "latestTransDate": "2020-03-06", "positionDirect": 321500, "positionDirectDate": "2020-03-06"}], "maxAge": 1}, "calendarEvents": {"maxAge": 1, "earnings": {"earningsDate": []}}, "upgradeDowngradeHistory": {"history": [], "maxAge": 86400}, "price": {"maxAge": 1, "regularMarketChangePercent": 0.049977507, "regularMarketChange": 66.55005, "regularMarketTime": "2021-04-30 15:17:10", "priceHint": 2, "regularMarketPrice": 1398.15, "regularMarketDayHigh": 1398.15, "regularMarketDayLow": 1369.0, "regularMarketVolume": 12403, "averageDailyVolume10Day": 2720, "averageDailyVolume3Month": 962, "regularMarketPreviousClose": 1331.6, "regularMarketSource": "FREE_REALTIME", "regularMarketOpen": 1398.15, "exchange": "BSE", "exchangeName": "BSE", "exchangeDataDelayedBy": 0, "marketState": "CLOSED", "quoteType": "EQUITY", "symbol": "SPORTKING.BO", "underlyingSymbol": null, "shortName": "Sportking India Ltd.", "longName": "Sportking India Limited", "currency": "INR", "quoteSourceName": "Delayed Quote", "currencySymbol": "\u20b9", "fromCurrency": null, "lastMarket": null, "marketCap": 4978812416}, "balanceSheetHistory": {"balanceSheetStatements": [{"maxAge": 1, "endDate": "2020-03-31", "cash": 15893000, "netReceivables": 1808687000, "inventory": 2113175000, "otherCurrentAssets": 891849000, "totalCurrentAssets": 4829604000, "longTermInvestments": 10671000, "propertyPlantEquipment": 4662237000, "intangibleAssets": 2090000, "otherAssets": 151232000, "totalAssets": 9655834000, "accountsPayable": 761197000, "otherCurrentLiab": 633285000, "longTermDebt": 2499228000, "otherLiab": 318454000, "totalCurrentLiabilities": 4313254000, "totalLiab": 7135191000, "commonStock": 34638000, "treasuryStock": 2486005000, "otherStockholderEquity": 2486005000, "totalStockholderEquity": 2520643000, "netTangibleAssets": 2518553000}, {"maxAge": 1, "endDate": "2019-03-31", "cash": 6793000, "shortTermInvestments": 11626000, "netReceivables": 2428026000, "inventory": 3096513000, "otherCurrentAssets": 312693000, "totalCurrentAssets": 5870209000, "propertyPlantEquipment": 5033385000, "intangibleAssets": 3983000, "otherAssets": 137825000, "totalAssets": 11045402000, "accountsPayable": 1708717000, "shortLongTermDebt": 564453000, "otherCurrentLiab": 1285239000, "longTermDebt": 1473212000, "otherLiab": 271093000, "deferredLongTermLiab": 2384000, "totalCurrentLiabilities": 6900496000, "totalLiab": 8644801000, "commonStock": 34436000, "retainedEarnings": 1661477000, "treasuryStock": 535166000, "capitalSurplus": 69360000, "otherStockholderEquity": 535166000, "totalStockholderEquity": 2300439000, "netTangibleAssets": 2296456000}, {"maxAge": 1, "endDate": "2018-03-31", "cash": 8089000, "netReceivables": 1822972000, "inventory": 2813457000, "otherCurrentAssets": 164946000, "totalCurrentAssets": 4820380000, "propertyPlantEquipment": 3158919000, "intangibleAssets": 7837000, "otherAssets": 245099000, "totalAssets": 8232235000, "accountsPayable": 797045000, "shortLongTermDebt": 569890000, "otherCurrentLiab": 202889000, "longTermDebt": 1600943000, "otherLiab": 168721000, "deferredLongTermLiab": 143000, "totalCurrentLiabilities": 4449625000, "totalLiab": 6219289000, "commonStock": 34130000, "retainedEarnings": 1426282000, "treasuryStock": 398726000, "capitalSurplus": 68646000, "otherStockholderEquity": 398726000, "totalStockholderEquity": 1927784000, "netTangibleAssets": 1919947000}, {"maxAge": 1, "endDate": "2017-03-31", "cash": 5206000, "netReceivables": 1890025000, "inventory": 3025830000, "otherCurrentAssets": 174706000, "totalCurrentAssets": 5102091000, "propertyPlantEquipment": 3465293000, "intangibleAssets": 11182000, "otherAssets": 110422000, "totalAssets": 8688988000, "accountsPayable": 214345000, "shortLongTermDebt": 395081000, "otherCurrentLiab": 264668000, "longTermDebt": 2007863000, "otherLiab": 225531000, "deferredLongTermLiab": 2041000, "totalCurrentLiabilities": 4636370000, "totalLiab": 6869764000, "commonStock": 33989000, "retainedEarnings": 1238956000, "treasuryStock": 392799000, "capitalSurplus": 68318000, "otherStockholderEquity": 392799000, "totalStockholderEquity": 1734062000, "netTangibleAssets": 1722880000}], "maxAge": 86400}, "financialData": {"maxAge": 86400, "currentPrice": 1398.15, "recommendationKey": "none", "grossProfits": 3337003000, "financialCurrency": "INR"}}}