{"SPTL.NS": {"assetProfile": {"address1": "Near Seven Garnala", "city": "Kalol", "zip": "382721", "country": "India", "phone": "91 27 6425 3500", "fax": "91 27 6425 3100", "website": "http://www.sintexplastics.com", "industry": "Auto Parts", "sector": "Consumer Cyclical", "longBusinessSummary": "Sintex Plastics Technology Limited, together with its subsidiaries, manufactures and sells plastic products in India, the United States, and Europe. The company operates in two segments, Custom Moulding Business; and Infra, Prefab & Other Business. It offers water storage, interior, electrical and SMC, environmental and green, and industrial plastic products; prefabs for various applications; and automobile parts, such as trims and pillars, exterior trims, radiator grills, instrument panel, integrated design and engineering, small precision parts, under the hood and assembly parts, two-wheeler parts, and other products. The company is also involved in the trading of custom moulded plastics products. It serves aerospace and defense, transportation, renewable energy, water storage and transportation, building construction, and electrical power distribution industries. The company was formerly known as NEEV Educare Limited. The company was founded in 1931 and is headquartered in Kalol, India.", "fullTimeEmployees": 2574, "companyOfficers": [{"maxAge": 1, "name": "Mr. Amit Dineshchandra Patel", "age": 59, "title": "Chairman & MD", "yearBorn": 1961, "fiscalYear": 2020, "totalPay": 0, "exercisedValue": 0, "unexercisedValue": 0}, {"maxAge": 1, "name": "Mr. Manan  Bhavsar", "age": 41, "title": "Company Sec. & Compliance Officer", "yearBorn": 1979, "fiscalYear": 2020, "totalPay": 1924000, "exercisedValue": 0, "unexercisedValue": 0}, {"maxAge": 1, "name": "Mr. Jigneshkumar  Raval", "age": 41, "title": "Chief Financial Officer", "yearBorn": 1979, "exercisedValue": 0, "unexercisedValue": 0}], "compensationAsOfEpochDate": "2020-12-31 05:30:00", "maxAge": 86400}, "cashflowStatementHistory": {"cashflowStatements": [{"maxAge": 1, "endDate": "2020-03-31", "netIncome": -11294700000, "depreciation": 1356500000, "changeToNetincome": 8393700000, "changeToAccountReceivables": 1193500000, "changeToLiabilities": -219400000, "changeToInventory": 1375600000, "changeToOperatingActivities": -2280300000, "totalCashFromOperatingActivities": -1459900000, "capitalExpenditures": -2024300000, "investments": 1900000, "otherCashflowsFromInvestingActivities": 20200000, "totalCashflowsFromInvestingActivities": 10174300000, "netBorrowings": -3998700000, "otherCashflowsFromFinancingActivities": -2951700000, "totalCashFromFinancingActivities": -6950400000, "effectOfExchangeRate": 205300000, "changeInCash": 1969300000}, {"maxAge": 1, "endDate": "2019-03-31", "netIncome": 942700000, "depreciation": 1391200000, "changeToNetincome": 3102000000, "changeToAccountReceivables": -743300000, "changeToLiabilities": -641400000, "changeToInventory": 131200000, "changeToOperatingActivities": -1596200000, "totalCashFromOperatingActivities": 2586200000, "capitalExpenditures": -3359100000, "investments": 22500000, "otherCashflowsFromInvestingActivities": 206400000, "totalCashflowsFromInvestingActivities": -2871100000, "netBorrowings": -1406400000, "otherCashflowsFromFinancingActivities": -1599600000, "totalCashFromFinancingActivities": -3006000000, "effectOfExchangeRate": 38400000, "changeInCash": -3252500000}, {"maxAge": 1, "endDate": "2018-03-31", "netIncome": 1382400000, "depreciation": 2372200000, "changeToNetincome": 1558400000, "changeToAccountReceivables": 2901600000, "changeToLiabilities": -2131000000, "changeToInventory": -1399600000, "changeToOperatingActivities": 931300000, "totalCashFromOperatingActivities": 5654000000, "capitalExpenditures": -3517800000, "investments": 2460500000, "otherCashflowsFromInvestingActivities": 77800000, "totalCashflowsFromInvestingActivities": 1173900000, "netBorrowings": -1307500000, "otherCashflowsFromFinancingActivities": -140300000, "totalCashFromFinancingActivities": -1447800000, "effectOfExchangeRate": -39800000, "changeInCash": 5340300000}, {"maxAge": 1, "endDate": "2017-03-31", "netIncome": 4203100000, "depreciation": 2072600000, "changeToNetincome": 2892000000, "changeToAccountReceivables": -2914200000, "changeToLiabilities": 3891200000, "changeToInventory": -218200000, "changeToOperatingActivities": 931300000, "totalCashFromOperatingActivities": 9926500000, "capitalExpenditures": -6607500000, "investments": -142600000, "otherCashflowsFromInvestingActivities": 31200000, "totalCashflowsFromInvestingActivities": -6690200000, "netBorrowings": -3050400000, "otherCashflowsFromFinancingActivities": -2632500000, "totalCashFromFinancingActivities": -3683800000, "effectOfExchangeRate": -108200000, "changeInCash": 1734000000, "issuanceOfStock": 1999100000}], "maxAge": 86400}, "institutionOwnership": {"ownershipList": [], "maxAge": 1}, "majorHoldersBreakdown": {"maxAge": 1, "insidersPercentHeld": 0.16594, "institutionsPercentHeld": 8.0000005e-05, "institutionsFloatPercentHeld": 0.0001, "institutionsCount": 1}, "balanceSheetHistoryQuarterly": {"balanceSheetStatements": [{"maxAge": 1, "endDate": "2020-12-31", "totalStockholderEquity": 10882100000, "netTangibleAssets": 3577800000}, {"maxAge": 1, "endDate": "2020-09-30", "cash": 7006600000, "shortTermInvestments": 104300000, "netReceivables": 1940100000, "inventory": 1641200000, "otherCurrentAssets": 2594500000, "totalCurrentAssets": 13286700000, "propertyPlantEquipment": 29107500000, "goodWill": 201600000, "intangibleAssets": 7102700000, "otherAssets": 6250100000, "totalAssets": 55948600000, "accountsPayable": 2298200000, "otherCurrentLiab": 19741100000, "longTermDebt": 481500000, "otherLiab": 2472700000, "minorityInterest": 40200000, "totalCurrentLiabilities": 42072100000, "totalLiab": 45026300000, "commonStock": 631000000, "treasuryStock": 10251100000, "otherStockholderEquity": 10251100000, "totalStockholderEquity": 10882100000, "netTangibleAssets": 3577800000}, {"maxAge": 1, "endDate": "2020-06-30", "totalStockholderEquity": 14993900000, "netTangibleAssets": 7682800000}, {"maxAge": 1, "endDate": "2020-03-31", "cash": 5797000000, "shortTermInvestments": 99500000, "netReceivables": 2452400000, "inventory": 1835400000, "otherCurrentAssets": 2884300000, "totalCurrentAssets": 13104100000, "propertyPlantEquipment": 30197400000, "goodWill": 201800000, "intangibleAssets": 7109300000, "otherAssets": 7566300000, "deferredLongTermAssetCharges": 186300000, "totalAssets": 58178900000, "accountsPayable": 2532200000, "shortLongTermDebt": 9118700000, "otherCurrentLiab": 4460300000, "longTermDebt": 470700000, "otherLiab": 1455300000, "minorityInterest": 41100000, "totalCurrentLiabilities": 41217900000, "totalLiab": 43143900000, "commonStock": 631000000, "retainedEarnings": 3678300000, "treasuryStock": 5605800000, "capitalSurplus": 5078800000, "otherStockholderEquity": 5605800000, "totalStockholderEquity": 14993900000, "netTangibleAssets": 7682800000}], "maxAge": 86400}, "indexTrend": {"maxAge": 1, "symbol": "SP5", "peRatio": 19.7411, "pegRatio": 1.34172, "estimates": [{"period": "0q", "growth": 0.549}, {"period": "+1q", "growth": 0.431}, {"period": "0y", "growth": 0.305}, {"period": "+1y", "growth": 0.109}, {"period": "+5y", "growth": 0.120865}, {"period": "-5y"}]}, "defaultKeyStatistics": {"maxAge": 1, "priceHint": 4, "enterpriseValue": 15554726912, "profitMargins": -1.83209, "floatShares": 551153487, "sharesOutstanding": 636150976, "heldPercentInsiders": 0.16594, "heldPercentInstitutions": 8.0000005e-05, "beta": 1.798392, "category": null, "bookValue": 17.207, "priceToBook": 0.18887661, "fundFamily": null, "legalType": null, "lastFiscalYearEnd": "2020-03-31 05:30:00", "nextFiscalYearEnd": "2022-03-31 05:30:00", "mostRecentQuarter": "2020-12-31 05:30:00", "netIncomeToCommon": -14085699584, "trailingEps": -22.314, "lastSplitFactor": null, "enterpriseToRevenue": 2.023, "enterpriseToEbitda": -104.517}, "summaryProfile": {"address1": "Near Seven Garnala", "city": "Kalol", "zip": "382721", "country": "India", "phone": "91 27 6425 3500", "fax": "91 27 6425 3100", "website": "http://www.sintexplastics.com", "industry": "Auto Parts", "sector": "Consumer Cyclical", "longBusinessSummary": "Sintex Plastics Technology Limited, together with its subsidiaries, manufactures and sells plastic products in India, the United States, and Europe. The company operates in two segments, Custom Moulding Business; and Infra, Prefab & Other Business. It offers water storage, interior, electrical and SMC, environmental and green, and industrial plastic products; prefabs for various applications; and automobile parts, such as trims and pillars, exterior trims, radiator grills, instrument panel, integrated design and engineering, small precision parts, under the hood and assembly parts, two-wheeler parts, and other products. The company is also involved in the trading of custom moulded plastics products. It serves aerospace and defense, transportation, renewable energy, water storage and transportation, building construction, and electrical power distribution industries. The company was formerly known as NEEV Educare Limited. The company was founded in 1931 and is headquartered in Kalol, India.", "fullTimeEmployees": 2574, "companyOfficers": [], "maxAge": 86400}, "netSharePurchaseActivity": {"maxAge": 1, "period": "6m", "buyInfoCount": 0, "buyInfoShares": 0, "sellInfoCount": 0, "netInfoCount": 0, "netInfoShares": 0, "netPercentInsiderShares": 0.0, "totalInsiderShares": 107790888}, "insiderTransactions": {"transactions": [{"maxAge": 1, "shares": 16500000, "filerUrl": "", "transactionText": "", "filerName": "Star Line Leasing Ltd", "filerRelation": "Promoter", "moneyText": "", "startDate": "2018-08-29", "ownership": "D"}, {"maxAge": 1, "shares": 20433334, "filerUrl": "", "transactionText": "", "filerName": "Star Line Leasing Ltd", "filerRelation": "Promoter", "moneyText": "", "startDate": "2018-03-26", "ownership": "D"}, {"maxAge": 1, "shares": 1000000, "filerUrl": "", "transactionText": "", "filerName": "Kolon Investment Pvt Ltd", "filerRelation": "Promoter", "moneyText": "", "startDate": "2017-11-16", "ownership": "D"}, {"maxAge": 1, "shares": 1000000, "filerUrl": "", "transactionText": "", "filerName": "Kolon Investment Pvt Ltd", "filerRelation": "Promoter", "moneyText": "", "startDate": "2017-11-15", "ownership": "D"}, {"maxAge": 1, "shares": 1000000, "filerUrl": "", "transactionText": "", "filerName": "Kolon Investment Pvt Ltd", "filerRelation": "Promoter", "moneyText": "", "startDate": "2017-11-14", "ownership": "D"}, {"maxAge": 1, "shares": 1000000, "filerUrl": "", "transactionText": "", "filerName": "Kolon Investment Pvt Ltd", "filerRelation": "Promoter", "moneyText": "", "startDate": "2017-11-13", "ownership": "D"}, {"maxAge": 1, "shares": 1000000, "filerUrl": "", "transactionText": "", "filerName": "Kolon Investment Pvt Ltd", "filerRelation": "Promoter", "moneyText": "", "startDate": "2017-11-10", "ownership": "D"}, {"maxAge": 1, "shares": 1000000, "filerUrl": "", "transactionText": "", "filerName": "Kolon Investment Pvt Ltd", "filerRelation": "Promoter", "moneyText": "", "startDate": "2017-11-09", "ownership": "D"}], "maxAge": 1}, "quoteType": {"exchange": "NSI", "quoteType": "EQUITY", "symbol": "SPTL.NS", "underlyingSymbol": "SPTL.NS", "shortName": "SINTEX PLASTICS TE", "longName": "Sintex Plastics Technology Limited", "firstTradeDateEpochUtc": "2017-08-08 09:15:00", "timeZoneFullName": "Asia/Kolkata", "timeZoneShortName": "IST", "uuid": "a856eeb3-ae80-35c4-b799-e601e0c7bf66", "gmtOffSetMilliseconds": 19800000, "maxAge": 1}, "incomeStatementHistory": {"incomeStatementHistory": [{"maxAge": 1, "endDate": "2020-03-31", "totalRevenue": 9165100000, "costOfRevenue": 6537600000, "grossProfit": 2627500000, "researchDevelopment": {}, "sellingGeneralAdministrative": 1582100000, "nonRecurring": {}, "otherOperatingExpenses": 3803200000, "totalOperatingExpenses": 13294600000, "operatingIncome": -4129500000, "totalOtherIncomeExpenseNet": -9353700000, "ebit": -4129500000, "interestExpense": -4230400000, "incomeBeforeTax": -13483200000, "incomeTaxExpense": -1684200000, "minorityInterest": 41100000, "netIncomeFromContinuingOps": -11799000000, "discontinuedOperations": 505800000, "extraordinaryItems": {}, "effectOfAccountingCharges": {}, "otherItems": {}, "netIncome": -11294700000, "netIncomeApplicableToCommonShares": -11294700000}, {"maxAge": 1, "endDate": "2019-03-31", "totalRevenue": 24505800000, "costOfRevenue": 15324500000, "grossProfit": 9181300000, "researchDevelopment": {}, "sellingGeneralAdministrative": 1951300000, "nonRecurring": {}, "otherOperatingExpenses": 3945500000, "totalOperatingExpenses": 22612500000, "operatingIncome": 1893300000, "totalOtherIncomeExpenseNet": -2896800000, "ebit": 1893300000, "interestExpense": -3117500000, "incomeBeforeTax": -1003500000, "incomeTaxExpense": -478900000, "minorityInterest": 39100000, "netIncomeFromContinuingOps": -524600000, "discontinuedOperations": 1469100000, "extraordinaryItems": {}, "effectOfAccountingCharges": {}, "otherItems": {}, "netIncome": 942700000, "netIncomeApplicableToCommonShares": 942700000}, {"maxAge": 1, "endDate": "2018-03-31", "totalRevenue": 54920800000, "costOfRevenue": 32773100000, "grossProfit": 22147700000, "researchDevelopment": {}, "sellingGeneralAdministrative": 7738800000, "nonRecurring": {}, "otherOperatingExpenses": 7249600000, "totalOperatingExpenses": 50171900000, "operatingIncome": 4748900000, "totalOtherIncomeExpenseNet": -2858800000, "ebit": 4748900000, "interestExpense": -2497200000, "incomeBeforeTax": 1890100000, "incomeTaxExpense": 153800000, "minorityInterest": 25400000, "netIncomeFromContinuingOps": 1736300000, "discontinuedOperations": -354200000, "extraordinaryItems": {}, "effectOfAccountingCharges": {}, "otherItems": {}, "netIncome": 1382400000, "netIncomeApplicableToCommonShares": 1382400000}, {"maxAge": 1, "endDate": "2017-03-31", "totalRevenue": 56524500000, "costOfRevenue": 30193800000, "grossProfit": 26330700000, "researchDevelopment": {}, "sellingGeneralAdministrative": 7413300000, "nonRecurring": {}, "otherOperatingExpenses": 8865000000, "totalOperatingExpenses": 48544700000, "operatingIncome": 7979800000, "totalOtherIncomeExpenseNet": -2293100000, "ebit": 7979800000, "interestExpense": -2444500000, "incomeBeforeTax": 5686700000, "incomeTaxExpense": 1350100000, "minorityInterest": 15500000, "netIncomeFromContinuingOps": 4336600000, "discontinuedOperations": -140500000, "extraordinaryItems": {}, "effectOfAccountingCharges": {}, "otherItems": {}, "netIncome": 4203100000, "netIncomeApplicableToCommonShares": 4203100000}], "maxAge": 86400}, "fundOwnership": {"ownershipList": [], "maxAge": 1}, "summaryDetail": {"maxAge": 1, "priceHint": 4, "previousClose": 3.1, "open": 3.1, "dayLow": 3.05, "dayHigh": 3.35, "regularMarketPreviousClose": 3.1, "regularMarketOpen": 3.1, "regularMarketDayLow": 3.05, "regularMarketDayHigh": 3.35, "payoutRatio": 0.0, "beta": 1.798392, "volume": 2449196, "regularMarketVolume": 2449196, "averageVolume": 2117735, "averageVolume10days": 2630483, "averageDailyVolume10Day": 2630483, "bid": 0.0, "ask": 0.0, "bidSize": 0, "askSize": 0, "marketCap": 2054152704, "fiftyTwoWeekLow": 0.75, "fiftyTwoWeekHigh": 4.6, "priceToSalesTrailing12Months": 0.26717904, "fiftyDayAverage": 3.5205882, "twoHundredDayAverage": 2.9531915, "currency": "INR", "fromCurrency": null, "lastMarket": null, "algorithm": null, "tradeable": false}, "incomeStatementHistoryQuarterly": {"incomeStatementHistory": [{"maxAge": 1, "endDate": "2020-12-31", "totalRevenue": 2657100000, "costOfRevenue": 1438200000, "grossProfit": 1218900000, "researchDevelopment": {}, "sellingGeneralAdministrative": 294600000, "nonRecurring": {}, "otherOperatingExpenses": 479900000, "totalOperatingExpenses": 2534900000, "operatingIncome": 122200000, "totalOtherIncomeExpenseNet": -560700000, "ebit": 122200000, "interestExpense": -789700000, "incomeBeforeTax": -438500000, "incomeTaxExpense": 12200000, "minorityInterest": {}, "netIncomeFromContinuingOps": -450700000, "discontinuedOperations": {}, "extraordinaryItems": {}, "effectOfAccountingCharges": {}, "otherItems": {}, "netIncome": -461200000, "netIncomeApplicableToCommonShares": -461200000}, {"maxAge": 1, "endDate": "2020-09-30", "totalRevenue": 2180600000, "costOfRevenue": 1175800000, "grossProfit": 1004800000, "researchDevelopment": {}, "sellingGeneralAdministrative": 309100000, "nonRecurring": {}, "otherOperatingExpenses": 842100000, "totalOperatingExpenses": 2697400000, "operatingIncome": -516800000, "totalOtherIncomeExpenseNet": -387000000, "ebit": -516800000, "interestExpense": -776200000, "incomeBeforeTax": -903800000, "incomeTaxExpense": -121000000, "minorityInterest": 40200000, "netIncomeFromContinuingOps": -782800000, "discontinuedOperations": {}, "extraordinaryItems": {}, "effectOfAccountingCharges": {}, "otherItems": {}, "netIncome": -784200000, "netIncomeApplicableToCommonShares": -784200000}, {"maxAge": 1, "endDate": "2020-06-30", "totalRevenue": 831400000, "costOfRevenue": 410800000, "grossProfit": 420600000, "researchDevelopment": {}, "sellingGeneralAdministrative": 289200000, "nonRecurring": {}, "otherOperatingExpenses": 250500000, "totalOperatingExpenses": 1297500000, "operatingIncome": -466100000, "totalOtherIncomeExpenseNet": -586700000, "ebit": -466100000, "interestExpense": -768300000, "incomeBeforeTax": -1052800000, "incomeTaxExpense": 2158500000, "minorityInterest": 40200000, "netIncomeFromContinuingOps": -3211300000, "discontinuedOperations": {}, "extraordinaryItems": {}, "effectOfAccountingCharges": {}, "otherItems": {}, "netIncome": -3208800000, "netIncomeApplicableToCommonShares": -3208800000}, {"maxAge": 1, "endDate": "2020-03-31", "totalRevenue": 2019200000, "costOfRevenue": -912000000, "grossProfit": 2931200000, "researchDevelopment": {}, "sellingGeneralAdministrative": 421600000, "nonRecurring": {}, "otherOperatingExpenses": 796100000, "totalOperatingExpenses": 650000000, "operatingIncome": 1369200000, "totalOtherIncomeExpenseNet": -1202000000, "ebit": 1369200000, "interestExpense": -779500000, "incomeBeforeTax": 167200000, "incomeTaxExpense": 213200000, "minorityInterest": 41100000, "netIncomeFromContinuingOps": -46000000, "discontinuedOperations": -7161300000, "extraordinaryItems": {}, "effectOfAccountingCharges": {}, "otherItems": {}, "netIncome": -7207900000, "netIncomeApplicableToCommonShares": -7207900000}], "maxAge": 86400}, "cashflowStatementHistoryQuarterly": {"cashflowStatements": [{"maxAge": 1, "endDate": "2020-12-31", "netIncome": -461200000, "changeToLiabilities": 0}, {"maxAge": 1, "endDate": "2020-09-30", "netIncome": -784200000, "changeToLiabilities": 0}, {"maxAge": 1, "endDate": "2020-06-30", "netIncome": -3208800000, "changeToLiabilities": 0}, {"maxAge": 1, "endDate": "2020-03-31", "netIncome": -7207900000, "changeToLiabilities": 0}], "maxAge": 86400}, "insiderHolders": {"holders": [{"maxAge": 1, "name": "Kolon Investment Pvt Ltd", "relation": "Promoter", "url": "", "transactionDescription": "Acquisition", "latestTransDate": "2017-11-16", "positionDirect": 61877110, "positionDirectDate": "2017-11-16"}, {"maxAge": 1, "name": "Star Line Leasing Ltd", "relation": "Promoter", "url": "", "transactionDescription": "Other", "latestTransDate": "2018-08-29", "positionDirect": 38646555, "positionDirectDate": "2018-08-29"}], "maxAge": 1}, "calendarEvents": {"maxAge": 1, "earnings": {"earningsDate": ["2021-02-10 05:30:S"]}}, "upgradeDowngradeHistory": {"history": [], "maxAge": 86400}, "price": {"maxAge": 1, "regularMarketChangePercent": 0.048387125, "regularMarketChange": 0.1500001, "regularMarketTime": "2021-04-30 15:29:40", "priceHint": 4, "regularMarketPrice": 3.25, "regularMarketDayHigh": 3.35, "regularMarketDayLow": 3.05, "regularMarketVolume": 2449196, "averageDailyVolume10Day": 2630483, "averageDailyVolume3Month": 2117735, "regularMarketPreviousClose": 3.1, "regularMarketSource": "FREE_REALTIME", "regularMarketOpen": 3.1, "exchange": "NSI", "exchangeName": "NSE", "exchangeDataDelayedBy": 15, "marketState": "CLOSED", "quoteType": "EQUITY", "symbol": "SPTL.NS", "underlyingSymbol": null, "shortName": "SINTEX PLASTICS TE", "longName": "Sintex Plastics Technology Limited", "currency": "INR", "quoteSourceName": "Delayed Quote", "currencySymbol": "\u20b9", "fromCurrency": null, "lastMarket": null, "marketCap": 2054152704}, "balanceSheetHistory": {"balanceSheetStatements": [{"maxAge": 1, "endDate": "2020-03-31", "cash": 5797000000, "shortTermInvestments": 99500000, "netReceivables": 2452400000, "inventory": 1835400000, "otherCurrentAssets": 2884300000, "totalCurrentAssets": 13104100000, "propertyPlantEquipment": 30197400000, "goodWill": 201800000, "intangibleAssets": 7109300000, "otherAssets": 7566300000, "deferredLongTermAssetCharges": 186300000, "totalAssets": 58178900000, "accountsPayable": 2532200000, "shortLongTermDebt": 9118700000, "otherCurrentLiab": 4460300000, "longTermDebt": 470700000, "otherLiab": 1455300000, "minorityInterest": 41100000, "totalCurrentLiabilities": 41217900000, "totalLiab": 43143900000, "commonStock": 631000000, "retainedEarnings": 3678300000, "treasuryStock": 5605800000, "capitalSurplus": 5078800000, "otherStockholderEquity": 5605800000, "totalStockholderEquity": 14993900000, "netTangibleAssets": 7682800000}, {"maxAge": 1, "endDate": "2019-03-31", "cash": 1630000000, "netReceivables": 10689100000, "inventory": 6647000000, "otherCurrentAssets": 5446500000, "totalCurrentAssets": 24613300000, "propertyPlantEquipment": 41135100000, "goodWill": 1914700000, "intangibleAssets": 15245400000, "otherAssets": 5394700000, "deferredLongTermAssetCharges": 16600000, "totalAssets": 88303200000, "accountsPayable": 5562600000, "shortLongTermDebt": 6302900000, "otherCurrentLiab": 3234400000, "longTermDebt": 27263300000, "otherLiab": 3844600000, "minorityInterest": 39100000, "totalCurrentLiabilities": 21416900000, "totalLiab": 52524800000, "commonStock": 631000000, "retainedEarnings": 24960300000, "treasuryStock": 5069200000, "capitalSurplus": 5078800000, "otherStockholderEquity": 5069200000, "totalStockholderEquity": 35739300000, "netTangibleAssets": 18579200000}, {"maxAge": 1, "endDate": "2018-03-31", "cash": 4720300000, "netReceivables": 9647800000, "inventory": 6778200000, "otherCurrentAssets": 4372500000, "totalCurrentAssets": 25739800000, "propertyPlantEquipment": 40570800000, "goodWill": 1969700000, "intangibleAssets": 15256400000, "otherAssets": 4765000000, "deferredLongTermAssetCharges": 34400000, "totalAssets": 88301700000, "accountsPayable": 6204000000, "shortLongTermDebt": 2064100000, "otherCurrentLiab": 3362200000, "longTermDebt": 32879200000, "otherLiab": 3231000000, "minorityInterest": 25400000, "totalCurrentLiabilities": 17846500000, "totalLiab": 53956700000, "commonStock": 614500000, "retainedEarnings": 24222500000, "treasuryStock": 5864900000, "capitalSurplus": 3617700000, "otherStockholderEquity": 5864900000, "totalStockholderEquity": 34319600000, "netTangibleAssets": 17093500000}, {"maxAge": 1, "endDate": "2017-03-31", "cash": 1734100000, "shortTermInvestments": 10200000, "netReceivables": 12458500000, "inventory": 5473000000, "otherCurrentAssets": 3263900000, "totalCurrentAssets": 25105500000, "longTermInvestments": 580600000, "propertyPlantEquipment": 41636100000, "goodWill": 2282400000, "intangibleAssets": 15224400000, "otherAssets": 4621900000, "deferredLongTermAssetCharges": 62300000, "totalAssets": 89450900000, "accountsPayable": 8410800000, "shortLongTermDebt": 5175200000, "otherCurrentLiab": 3626900000, "longTermDebt": 25933400000, "otherLiab": 4324800000, "minorityInterest": 15500000, "totalCurrentLiabilities": 28035400000, "totalLiab": 58293600000, "retainedEarnings": 25808600000, "treasuryStock": 3534100000, "capitalSurplus": 1799100000, "otherStockholderEquity": 3534100000, "totalStockholderEquity": 31141800000, "netTangibleAssets": 13635000000}], "maxAge": 86400}, "financialData": {"maxAge": 86400, "currentPrice": 3.25, "recommendationKey": "none", "totalCash": 7110900224, "totalCashPerShare": 10.947, "ebitda": -148824992, "totalDebt": 20514299904, "totalRevenue": 7688300032, "debtToEquity": 187.82, "revenuePerShare": 12.179, "grossProfits": 2627500000, "revenueGrowth": 0.341, "grossMargins": 0.47575, "ebitdaMargins": -0.01936, "operatingMargins": -0.1833, "profitMargins": -1.83209, "financialCurrency": "INR"}}}