{"SRAMSET.BO": {"cashflowStatementHistory": {"cashflowStatements": [{"maxAge": 1, "endDate": "2020-03-31", "netIncome": -27262039, "depreciation": 1766664, "changeToNetincome": -26211990, "changeToAccountReceivables": 35836, "changeToLiabilities": 0, "changeToOperatingActivities": 10376362, "totalCashFromOperatingActivities": -41295167, "capitalExpenditures": -128665, "investments": 42691358, "otherCashflowsFromInvestingActivities": 295373, "totalCashflowsFromInvestingActivities": 42858066, "changeInCash": 1562899}, {"maxAge": 1, "endDate": "2019-03-31", "netIncome": -15930500, "depreciation": 311672, "changeToNetincome": -27263872, "changeToAccountReceivables": 349277, "changeToLiabilities": 0, "changeToOperatingActivities": 134209467, "totalCashFromOperatingActivities": 91676044, "capitalExpenditures": -100428, "investments": -91706747, "otherCashflowsFromInvestingActivities": 242418, "totalCashflowsFromInvestingActivities": -91564757, "changeInCash": 111286}, {"maxAge": 1, "endDate": "2018-03-31", "netIncome": -3632178, "depreciation": 235841, "changeToNetincome": -21424044, "changeToAccountReceivables": -8750, "changeToLiabilities": 0, "changeToOperatingActivities": -154497868, "totalCashFromOperatingActivities": -179326999, "capitalExpenditures": -280582, "investments": -174261161, "otherCashflowsFromInvestingActivities": 55938, "totalCashflowsFromInvestingActivities": -170685805, "totalCashFromFinancingActivities": 350000000, "changeInCash": -12804}, {"maxAge": 1, "endDate": "2017-03-31", "netIncome": -6978995, "depreciation": 331729, "changeToNetincome": -15120416, "changeToAccountReceivables": -8750, "changeToLiabilities": 0, "changeToOperatingActivities": 17078517, "totalCashFromOperatingActivities": -4689165, "capitalExpenditures": -280582, "investments": -6473162, "otherCashflowsFromInvestingActivities": 10781190, "totalCashflowsFromInvestingActivities": 4308028, "totalCashFromFinancingActivities": 350000000, "changeInCash": -381136}], "maxAge": 86400}, "institutionOwnership": {"maxAge": 1, "ownershipList": []}, "balanceSheetHistoryQuarterly": {"balanceSheetStatements": [{"maxAge": 1, "endDate": "2020-06-30", "totalStockholderEquity": 509216000, "netTangibleAssets": 509216000}, {"maxAge": 1, "endDate": "2020-03-31", "cash": 3059288, "shortTermInvestments": 510557076, "netReceivables": 6082206, "otherCurrentAssets": 12265303, "totalCurrentAssets": 532557613, "propertyPlantEquipment": 6791196, "otherAssets": 1464321, "totalAssets": 540813130, "accountsPayable": 1804104, "otherCurrentLiab": 8969537, "otherLiab": 12862843, "totalCurrentLiabilities": 14280366, "totalLiab": 31597483, "commonStock": 60000000, "retainedEarnings": -80784353, "treasuryStock": 40000000, "otherStockholderEquity": 40000000, "totalStockholderEquity": 19215647, "netTangibleAssets": 19215647}, {"maxAge": 1, "endDate": "2019-12-31", "totalStockholderEquity": 523240000, "netTangibleAssets": 523240000}, {"maxAge": 1, "endDate": "2019-09-30", "cash": 1046000, "netReceivables": 4434000, "totalCurrentAssets": 5480000, "longTermInvestments": 539839000, "propertyPlantEquipment": 4467000, "otherAssets": 1511000, "totalAssets": 551297000, "otherLiab": 28057000, "totalLiab": 28057000, "commonStock": 60000000, "treasuryStock": 463240000, "otherStockholderEquity": 463240000, "totalStockholderEquity": 523240000, "netTangibleAssets": 523240000}], "maxAge": 86400}, "indexTrend": {"maxAge": 1, "symbol": "SP5", "peRatio": 19.7411, "pegRatio": 1.34172, "estimates": [{"period": "0q", "growth": 0.549}, {"period": "+1q", "growth": 0.431}, {"period": "0y", "growth": 0.305}, {"period": "+1y", "growth": 0.109}, {"period": "+5y", "growth": 0.120859005}, {"period": "-5y"}]}, "insiderTransactions": {"transactions": [{"maxAge": 1, "shares": 1560000, "filerUrl": "", "transactionText": "", "filerName": "Shriram Credit Co Ltd", "filerRelation": "Promoter", "moneyText": "", "startDate": "2013-11-26", "ownership": "D"}, {"maxAge": 1, "shares": 160010, "filerUrl": "", "transactionText": "", "filerName": "Thyagarajn (R)", "filerRelation": "Promoter", "moneyText": "", "startDate": "2013-05-09", "ownership": "D"}], "maxAge": 1}, "quoteType": {"exchange": "BSE", "quoteType": "EQUITY", "symbol": "SRAMSET.BO", "underlyingSymbol": "SRAMSET.BO", "shortName": "SHRIRAM ASSET MANAGEMENT CO.LT", "longName": "Shriram Asset Management Company Limited", "firstTradeDateEpochUtc": "2005-07-04 09:15:00", "timeZoneFullName": "Asia/Kolkata", "timeZoneShortName": "IST", "uuid": "05707002-e022-32ce-a9ab-3c80b484bc38", "messageBoardId": null, "gmtOffSetMilliseconds": 19800000, "maxAge": 1}, "incomeStatementHistory": {"incomeStatementHistory": [{"maxAge": 1, "endDate": "2020-03-31", "totalRevenue": 44573180, "costOfRevenue": 38023271, "grossProfit": 6549909, "researchDevelopment": {}, "sellingGeneralAdministrative": 7612494, "nonRecurring": {}, "otherOperatingExpenses": 14634323, "totalOperatingExpenses": 62036752, "operatingIncome": -17463572, "totalOtherIncomeExpenseNet": -12054664, "ebit": -17463572, "interestExpense": -488668, "incomeBeforeTax": -29518236, "incomeTaxExpense": -2256197, "minorityInterest": {}, "netIncomeFromContinuingOps": -27262039, "discontinuedOperations": {}, "extraordinaryItems": {}, "effectOfAccountingCharges": {}, "otherItems": {}, "netIncome": -27262039, "netIncomeApplicableToCommonShares": -27262039}, {"maxAge": 1, "endDate": "2019-03-31", "totalRevenue": 54955095, "costOfRevenue": 26449351, "grossProfit": 28505744, "researchDevelopment": {}, "sellingGeneralAdministrative": 22320317, "nonRecurring": {}, "otherOperatingExpenses": 12823365, "totalOperatingExpenses": 61904705, "operatingIncome": -6949610, "totalOtherIncomeExpenseNet": -4139944, "ebit": -6949610, "interestExpense": -488668, "incomeBeforeTax": -11089554, "incomeTaxExpense": 4840946, "minorityInterest": {}, "netIncomeFromContinuingOps": -15930500, "discontinuedOperations": {}, "extraordinaryItems": {}, "effectOfAccountingCharges": {}, "otherItems": {}, "netIncome": -15930500, "netIncomeApplicableToCommonShares": -15930500}, {"maxAge": 1, "endDate": "2018-03-31", "totalRevenue": 30600866, "costOfRevenue": 18530259, "grossProfit": 12070607, "researchDevelopment": {}, "sellingGeneralAdministrative": 7667750, "nonRecurring": {}, "otherOperatingExpenses": 12018206, "totalOperatingExpenses": 38452056, "operatingIncome": -7851190, "totalOtherIncomeExpenseNet": 3548881, "ebit": -7851190, "interestExpense": -108174, "incomeBeforeTax": -4302309, "incomeTaxExpense": -670131, "minorityInterest": {}, "netIncomeFromContinuingOps": -3632178, "discontinuedOperations": {}, "extraordinaryItems": {}, "effectOfAccountingCharges": {}, "otherItems": {}, "netIncome": -3632178, "netIncomeApplicableToCommonShares": -3632178}, {"maxAge": 1, "endDate": "2017-03-31", "totalRevenue": 9845102, "costOfRevenue": 15431012, "grossProfit": -5585910, "researchDevelopment": {}, "sellingGeneralAdministrative": 4500742, "nonRecurring": {}, "otherOperatingExpenses": 7461319, "totalOperatingExpenses": 27724802, "operatingIncome": -17879700, "totalOtherIncomeExpenseNet": 10900705, "ebit": -17879700, "interestExpense": -108174, "incomeBeforeTax": -6978995, "incomeTaxExpense": 0, "minorityInterest": {}, "netIncomeFromContinuingOps": -6978995, "discontinuedOperations": {}, "extraordinaryItems": {}, "effectOfAccountingCharges": {}, "otherItems": {}, "netIncome": -6978995, "netIncomeApplicableToCommonShares": -6978995}], "maxAge": 86400}, "fundOwnership": {"maxAge": 1, "ownershipList": []}, "summaryDetail": {"maxAge": 1, "priceHint": 2, "previousClose": 101.9, "open": 101.9, "dayLow": 97.05, "dayHigh": 101.9, "regularMarketPreviousClose": 101.9, "regularMarketOpen": 101.9, "regularMarketDayLow": 97.05, "regularMarketDayHigh": 101.9, "volume": 337, "regularMarketVolume": 337, "averageVolume": 3408, "averageVolume10days": 593, "averageDailyVolume10Day": 593, "bid": 96.05, "ask": 101.0, "bidSize": 0, "askSize": 0, "marketCap": 606000000, "fiftyTwoWeekLow": 40.9, "fiftyTwoWeekHigh": 111.0, "fiftyDayAverage": 70.98428, "twoHundredDayAverage": 62.277008, "currency": "INR", "fromCurrency": null, "toCurrency": null, "lastMarket": null, "algorithm": null, "tradeable": false}, "incomeStatementHistoryQuarterly": {"incomeStatementHistory": [{"maxAge": 1, "endDate": "2020-06-30", "totalRevenue": 11473000, "costOfRevenue": 8018000, "grossProfit": 3455000, "researchDevelopment": {}, "sellingGeneralAdministrative": 536000, "nonRecurring": {}, "otherOperatingExpenses": 2817000, "totalOperatingExpenses": 11985000, "operatingIncome": -512000, "totalOtherIncomeExpenseNet": -162000, "ebit": -512000, "interestExpense": -162000, "incomeBeforeTax": -674000, "incomeTaxExpense": 0, "minorityInterest": {}, "netIncomeFromContinuingOps": -674000, "discontinuedOperations": {}, "extraordinaryItems": {}, "effectOfAccountingCharges": {}, "otherItems": {}, "netIncome": -674000, "netIncomeApplicableToCommonShares": -674000}, {"maxAge": 1, "endDate": "2020-03-31", "totalRevenue": 16012180, "costOfRevenue": 8839271, "grossProfit": 7172909, "researchDevelopment": {}, "sellingGeneralAdministrative": 4312494, "nonRecurring": {}, "otherOperatingExpenses": -97677, "totalOperatingExpenses": 13683752, "operatingIncome": 2328428, "totalOtherIncomeExpenseNet": -12054664, "ebit": 2328428, "interestExpense": -488668, "incomeBeforeTax": -9726236, "incomeTaxExpense": -2256197, "minorityInterest": {}, "netIncomeFromContinuingOps": -7470039, "discontinuedOperations": {}, "extraordinaryItems": {}, "effectOfAccountingCharges": {}, "otherItems": {}, "netIncome": -7470039, "netIncomeApplicableToCommonShares": -7470039}, {"maxAge": 1, "endDate": "2019-12-31", "totalRevenue": 9158000, "costOfRevenue": 9001000, "grossProfit": 157000, "researchDevelopment": {}, "sellingGeneralAdministrative": 698000, "nonRecurring": {}, "otherOperatingExpenses": 5692000, "totalOperatingExpenses": 15851000, "operatingIncome": -6693000, "totalOtherIncomeExpenseNet": 0, "ebit": -6693000, "interestExpense": -488668, "incomeBeforeTax": -6693000, "incomeTaxExpense": 0, "minorityInterest": {}, "netIncomeFromContinuingOps": -6693000, "discontinuedOperations": {}, "extraordinaryItems": {}, "effectOfAccountingCharges": {}, "otherItems": {}, "netIncome": -6693000, "netIncomeApplicableToCommonShares": -6693000}, {"maxAge": 1, "endDate": "2019-09-30", "totalRevenue": 9112000, "costOfRevenue": 9374000, "grossProfit": -262000, "researchDevelopment": {}, "sellingGeneralAdministrative": 1418000, "nonRecurring": {}, "otherOperatingExpenses": 3717000, "totalOperatingExpenses": 14858000, "operatingIncome": -5746000, "totalOtherIncomeExpenseNet": 0, "ebit": -5746000, "interestExpense": -488668, "incomeBeforeTax": -5746000, "incomeTaxExpense": 0, "minorityInterest": {}, "netIncomeFromContinuingOps": -5746000, "discontinuedOperations": {}, "extraordinaryItems": {}, "effectOfAccountingCharges": {}, "otherItems": {}, "netIncome": -5746000, "netIncomeApplicableToCommonShares": -5746000}], "maxAge": 86400}, "cashflowStatementHistoryQuarterly": {"cashflowStatements": [{"maxAge": 1, "endDate": "2020-06-30", "netIncome": -674000, "changeToLiabilities": 0}, {"maxAge": 1, "endDate": "2020-03-31", "netIncome": -7470039, "changeToLiabilities": 0}, {"maxAge": 1, "endDate": "2019-12-31", "netIncome": -6693000, "changeToLiabilities": 0}, {"maxAge": 1, "endDate": "2019-09-30", "netIncome": -5746000, "changeToLiabilities": 0}], "maxAge": 86400}, "insiderHolders": {"holders": [{"maxAge": 1, "name": "Shriram Credit Co Ltd", "relation": "Promoter", "url": "", "transactionDescription": "Other", "latestTransDate": "2013-11-26", "positionDirect": 4120010, "positionDirectDate": "2013-11-26"}, {"maxAge": 1, "name": "Thyagarajn (R)", "relation": "Promoter", "url": "", "transactionDescription": "Sale", "latestTransDate": "2013-05-09", "positionDirect": 0, "positionDirectDate": "2013-05-09"}], "maxAge": 1}, "calendarEvents": {"maxAge": 1, "earnings": {"earningsDate": ["2020-08-04 05:30:S"]}}, "price": {"maxAge": 1, "regularMarketChangePercent": -0.008832203, "regularMarketChange": -0.9000015, "regularMarketTime": "2021-04-30 14:19:11", "priceHint": 2, "regularMarketPrice": 101.0, "regularMarketDayHigh": 101.9, "regularMarketDayLow": 97.05, "regularMarketVolume": 337, "averageDailyVolume10Day": 593, "averageDailyVolume3Month": 3408, "regularMarketPreviousClose": 101.9, "regularMarketSource": "FREE_REALTIME", "regularMarketOpen": 101.9, "exchange": "BSE", "exchangeName": "BSE", "exchangeDataDelayedBy": 0, "marketState": "CLOSED", "quoteType": "EQUITY", "symbol": "SRAMSET.BO", "underlyingSymbol": null, "shortName": "SHRIRAM ASSET MANAGEMENT CO.LT", "longName": "Shriram Asset Management Company Limited", "currency": "INR", "quoteSourceName": "Delayed Quote", "currencySymbol": "\u20b9", "fromCurrency": null, "toCurrency": null, "lastMarket": null, "marketCap": 606000000}, "balanceSheetHistory": {"balanceSheetStatements": [{"maxAge": 1, "endDate": "2020-03-31", "cash": 3059288, "shortTermInvestments": 510557076, "netReceivables": 6082206, "otherCurrentAssets": 12265303, "totalCurrentAssets": 532557613, "propertyPlantEquipment": 6791196, "otherAssets": 1464321, "totalAssets": 540813130, "accountsPayable": 1804104, "otherCurrentLiab": 8969537, "otherLiab": 12862843, "totalCurrentLiabilities": 14280366, "totalLiab": 31597483, "commonStock": 60000000, "retainedEarnings": -80784353, "treasuryStock": 40000000, "otherStockholderEquity": 40000000, "totalStockholderEquity": 19215647, "netTangibleAssets": 19215647}, {"maxAge": 1, "endDate": "2019-03-31", "cash": 1496389, "shortTermInvestments": 527087287, "netReceivables": 11970868, "otherCurrentAssets": 15374449, "totalCurrentAssets": 556518664, "propertyPlantEquipment": 455361, "otherAssets": 2992387, "totalAssets": 559966412, "accountsPayable": 552688, "otherCurrentLiab": 9254596, "otherLiab": 13370132, "totalCurrentLiabilities": 10284595, "totalLiab": 23654727, "commonStock": 60000000, "retainedEarnings": -53849723, "treasuryStock": 40161408, "otherStockholderEquity": 40161408, "totalStockholderEquity": 46311685, "netTangibleAssets": 46311685}, {"maxAge": 1, "endDate": "2018-03-31", "cash": 1385103, "shortTermInvestments": 142184282, "netReceivables": 151112153, "otherCurrentAssets": 9484215, "totalCurrentAssets": 304586904, "longTermInvestments": 259136827, "propertyPlantEquipment": 572097, "otherAssets": 2491517, "totalAssets": 566787345, "accountsPayable": 1326741, "otherCurrentLiab": 6817767, "otherLiab": 5500407, "totalCurrentLiabilities": 8466497, "totalLiab": 13966904, "commonStock": 60000000, "retainedEarnings": -37280439, "treasuryStock": 40100880, "otherStockholderEquity": 40100880, "totalStockholderEquity": 62820441, "netTangibleAssets": 62820441}, {"maxAge": 1, "endDate": "2017-03-31", "cash": 1397907, "shortTermInvestments": 188258466, "netReceivables": 220266, "otherCurrentAssets": 9901063, "totalCurrentAssets": 199889661, "longTermInvestments": 100518764, "propertyPlantEquipment": 2612984, "otherAssets": 301885, "totalAssets": 303323294, "accountsPayable": 2899705, "otherCurrentLiab": 748301, "otherLiab": 107464185, "totalCurrentLiabilities": 3710902, "totalLiab": 111175087, "commonStock": 60000000, "retainedEarnings": -47851793, "treasuryStock": 40000000, "otherStockholderEquity": 40000000, "totalStockholderEquity": 52148207, "netTangibleAssets": 52148207}], "maxAge": 86400}, "financialData": {"maxAge": 86400, "currentPrice": 101.0, "recommendationKey": "none", "grossProfits": 6549909, "financialCurrency": "INR"}}}