{"SRECR.BO": {"cashflowStatementHistory": {"cashflowStatements": [{"maxAge": 1, "endDate": "2020-03-31", "netIncome": 2557000, "depreciation": 1880383, "changeToNetincome": 4491179, "changeToAccountReceivables": -33250591, "changeToLiabilities": 25024849, "changeToInventory": 8659871, "changeToOperatingActivities": 1157267, "totalCashFromOperatingActivities": 10210877, "capitalExpenditures": -9221854, "otherCashflowsFromInvestingActivities": 71301, "totalCashflowsFromInvestingActivities": -9150553, "netBorrowings": 3712871, "otherCashflowsFromFinancingActivities": -2737593, "totalCashFromFinancingActivities": 975278, "changeInCash": 2035602}, {"maxAge": 1, "endDate": "2019-03-31", "netIncome": -994803, "depreciation": 2237218, "changeToNetincome": 3036629, "changeToAccountReceivables": 3690395, "changeToLiabilities": -11264838, "changeToInventory": 6269740, "changeToOperatingActivities": -826168, "totalCashFromOperatingActivities": 2280046, "capitalExpenditures": -3609801, "otherCashflowsFromInvestingActivities": 83992, "totalCashflowsFromInvestingActivities": -3375809, "netBorrowings": 4395214, "otherCashflowsFromFinancingActivities": -3130643, "totalCashFromFinancingActivities": 1264571, "changeInCash": 168807}, {"maxAge": 1, "endDate": "2018-03-31", "netIncome": -5320293, "depreciation": 2503762, "changeToNetincome": 502720, "changeToAccountReceivables": -15993139, "changeToLiabilities": 24760744, "changeToInventory": -7934353, "changeToOperatingActivities": -1722173, "totalCashFromOperatingActivities": -3243545, "capitalExpenditures": -497461, "otherCashflowsFromInvestingActivities": 53977, "totalCashflowsFromInvestingActivities": -443484, "netBorrowings": 5903685, "otherCashflowsFromFinancingActivities": -2620529, "totalCashFromFinancingActivities": 3283156, "changeInCash": -403873}, {"maxAge": 1, "endDate": "2017-03-31", "netIncome": -2617014, "depreciation": 2469923, "changeToNetincome": 2307363, "changeToAccountReceivables": 8686488, "changeToLiabilities": -16741762, "changeToInventory": 16306484, "changeToOperatingActivities": -1267660, "totalCashFromOperatingActivities": 9096699, "capitalExpenditures": -1003120, "otherCashflowsFromInvestingActivities": 69724, "totalCashflowsFromInvestingActivities": -930396, "netBorrowings": -5132459, "otherCashflowsFromFinancingActivities": -2616242, "totalCashFromFinancingActivities": -7748701, "changeInCash": 417602}], "maxAge": 86400}, "institutionOwnership": {"ownershipList": [], "maxAge": 1}, "balanceSheetHistoryQuarterly": {"balanceSheetStatements": [{"maxAge": 1, "endDate": "2020-06-30", "totalStockholderEquity": 56636000, "netTangibleAssets": 56636000}, {"maxAge": 1, "endDate": "2020-03-31", "cash": 2721000, "netReceivables": 74677000, "inventory": 39731000, "otherCurrentAssets": 4477000, "totalCurrentAssets": 121606000, "longTermInvestments": 179000, "propertyPlantEquipment": 23135000, "otherAssets": 1721000, "deferredLongTermAssetCharges": 79000, "totalAssets": 146641000, "accountsPayable": 52283000, "otherCurrentLiab": 2721000, "totalCurrentLiabilities": 90005000, "totalLiab": 90005000, "commonStock": 40000000, "retainedEarnings": 16636000, "totalStockholderEquity": 56636000, "netTangibleAssets": 56636000}, {"maxAge": 1, "endDate": "2019-12-31", "totalStockholderEquity": 54491000, "netTangibleAssets": 54491000}, {"maxAge": 1, "endDate": "2019-09-30", "cash": 3735000, "netReceivables": 57572000, "inventory": 30073000, "otherCurrentAssets": 1462000, "totalCurrentAssets": 92842000, "longTermInvestments": 636000, "propertyPlantEquipment": 16260000, "otherAssets": 672000, "deferredLongTermAssetCharges": 672000, "totalAssets": 110410000, "accountsPayable": 31107000, "otherCurrentLiab": 4076000, "totalCurrentLiabilities": 55919000, "totalLiab": 55919000, "commonStock": 40000000, "retainedEarnings": 14491000, "totalStockholderEquity": 54491000, "netTangibleAssets": 54491000}], "maxAge": 86400}, "indexTrend": {"maxAge": 1, "symbol": "SP5", "peRatio": 19.7411, "pegRatio": 1.34172, "estimates": [{"period": "0q", "growth": 0.549}, {"period": "+1q", "growth": 0.431}, {"period": "0y", "growth": 0.305}, {"period": "+1y", "growth": 0.109}, {"period": "+5y", "growth": 0.120859005}, {"period": "-5y"}]}, "quoteType": {"exchange": "BSE", "quoteType": "EQUITY", "symbol": "SRECR.BO", "underlyingSymbol": "SRECR.BO", "shortName": "SREECHEM RESINS LTD.", "longName": "Sreechem Resins Limited", "firstTradeDateEpochUtc": "2017-10-23 09:15:00", "timeZoneFullName": "Asia/Kolkata", "timeZoneShortName": "IST", "uuid": "5e26db52-13f3-3e62-8ed8-5d961d226220", "gmtOffSetMilliseconds": 19800000, "maxAge": 1}, "incomeStatementHistory": {"incomeStatementHistory": [{"maxAge": 1, "endDate": "2020-03-31", "totalRevenue": 297051000, "costOfRevenue": 219658000, "grossProfit": 77393000, "researchDevelopment": {}, "sellingGeneralAdministrative": 18517000, "nonRecurring": {}, "otherOperatingExpenses": 49916000, "totalOperatingExpenses": 289972000, "operatingIncome": 7079000, "totalOtherIncomeExpenseNet": -2666000, "ebit": 7079000, "interestExpense": -3098000, "incomeBeforeTax": 4413000, "incomeTaxExpense": 1856000, "minorityInterest": {}, "netIncomeFromContinuingOps": 2557000, "discontinuedOperations": {}, "extraordinaryItems": {}, "effectOfAccountingCharges": {}, "otherItems": {}, "netIncome": 2557000, "netIncomeApplicableToCommonShares": 2557000}, {"maxAge": 1, "endDate": "2019-03-31", "totalRevenue": 328776205, "costOfRevenue": 268869754, "grossProfit": 59906451, "researchDevelopment": {}, "sellingGeneralAdministrative": 11696658, "nonRecurring": {}, "otherOperatingExpenses": 43869971, "totalOperatingExpenses": 326673601, "operatingIncome": 2102604, "totalOtherIncomeExpenseNet": -3150459, "ebit": 2102604, "interestExpense": -3063053, "incomeBeforeTax": -1047855, "incomeTaxExpense": -53052, "minorityInterest": {}, "netIncomeFromContinuingOps": -994803, "discontinuedOperations": {}, "extraordinaryItems": {}, "effectOfAccountingCharges": {}, "otherItems": {}, "netIncome": -994803, "netIncomeApplicableToCommonShares": -994803}, {"maxAge": 1, "endDate": "2018-03-31", "totalRevenue": 288422282, "costOfRevenue": 243899356, "grossProfit": 44522926, "researchDevelopment": {}, "sellingGeneralAdministrative": 11282917, "nonRecurring": {}, "otherOperatingExpenses": 30786937, "totalOperatingExpenses": 288472972, "operatingIncome": -50690, "totalOtherIncomeExpenseNet": -12077166, "ebit": -50690, "interestExpense": -2494822, "incomeBeforeTax": -7377856, "incomeTaxExpense": -2057563, "minorityInterest": {}, "netIncomeFromContinuingOps": -5320293, "discontinuedOperations": {}, "extraordinaryItems": {}, "effectOfAccountingCharges": {}, "otherItems": {}, "netIncome": -5320293, "netIncomeApplicableToCommonShares": -5320293}, {"maxAge": 1, "endDate": "2017-03-31", "totalRevenue": 279742516, "costOfRevenue": 235707830, "grossProfit": 44034686, "researchDevelopment": {}, "sellingGeneralAdministrative": 11741118, "nonRecurring": {}, "otherOperatingExpenses": 29983916, "totalOperatingExpenses": 279902787, "operatingIncome": -160271, "totalOtherIncomeExpenseNet": -2565030, "ebit": -160271, "interestExpense": -2676018, "incomeBeforeTax": -2725301, "incomeTaxExpense": -108287, "minorityInterest": {}, "netIncomeFromContinuingOps": -2617014, "discontinuedOperations": {}, "extraordinaryItems": {}, "effectOfAccountingCharges": {}, "otherItems": {}, "netIncome": -2617014, "netIncomeApplicableToCommonShares": -2617014}], "maxAge": 86400}, "fundOwnership": {"ownershipList": [], "maxAge": 1}, "summaryDetail": {"maxAge": 1, "priceHint": 2, "previousClose": 15.41, "open": 15.71, "dayLow": 15.71, "dayHigh": 15.71, "regularMarketPreviousClose": 15.41, "regularMarketOpen": 15.71, "regularMarketDayLow": 15.71, "regularMarketDayHigh": 15.71, "trailingPE": 174.55554, "volume": 600, "regularMarketVolume": 600, "averageVolume": 200, "averageVolume10days": 380, "averageDailyVolume10Day": 380, "bid": 0.0, "ask": 0.0, "bidSize": 0, "askSize": 0, "marketCap": 62840000, "fiftyTwoWeekLow": 3.78, "fiftyTwoWeekHigh": 15.71, "fiftyDayAverage": 5.412424, "twoHundredDayAverage": 4.5286765, "currency": "INR", "fromCurrency": null, "lastMarket": null, "algorithm": null, "tradeable": false}, "incomeStatementHistoryQuarterly": {"incomeStatementHistory": [{"maxAge": 1, "endDate": "2020-06-30", "totalRevenue": 20373000, "costOfRevenue": 14054000, "grossProfit": 6319000, "researchDevelopment": {}, "sellingGeneralAdministrative": 3314000, "nonRecurring": {}, "otherOperatingExpenses": 4863000, "totalOperatingExpenses": 22691000, "operatingIncome": -2318000, "totalOtherIncomeExpenseNet": -551000, "ebit": -2318000, "interestExpense": -598000, "incomeBeforeTax": -2869000, "incomeTaxExpense": 0, "minorityInterest": {}, "netIncomeFromContinuingOps": -2869000, "discontinuedOperations": {}, "extraordinaryItems": {}, "effectOfAccountingCharges": {}, "otherItems": {}, "netIncome": -2869000, "netIncomeApplicableToCommonShares": -2869000}, {"maxAge": 1, "endDate": "2020-03-31", "totalRevenue": 85657000, "costOfRevenue": 59617000, "grossProfit": 26040000, "researchDevelopment": {}, "sellingGeneralAdministrative": 7184000, "nonRecurring": {}, "otherOperatingExpenses": 15655000, "totalOperatingExpenses": 82417000, "operatingIncome": 3240000, "totalOtherIncomeExpenseNet": -869000, "ebit": 3240000, "interestExpense": -1058000, "incomeBeforeTax": 2371000, "incomeTaxExpense": 1856000, "minorityInterest": {}, "netIncomeFromContinuingOps": 515000, "discontinuedOperations": {}, "extraordinaryItems": {}, "effectOfAccountingCharges": {}, "otherItems": {}, "netIncome": 515000, "netIncomeApplicableToCommonShares": 515000}, {"maxAge": 1, "endDate": "2019-12-31", "totalRevenue": 64711000, "costOfRevenue": 45840000, "grossProfit": 18871000, "researchDevelopment": {}, "sellingGeneralAdministrative": 4328000, "nonRecurring": {}, "otherOperatingExpenses": 11756000, "totalOperatingExpenses": 62584000, "operatingIncome": 2127000, "totalOtherIncomeExpenseNet": -497000, "ebit": 2127000, "interestExpense": -589000, "incomeBeforeTax": 1630000, "incomeTaxExpense": 0, "minorityInterest": {}, "netIncomeFromContinuingOps": 1630000, "discontinuedOperations": {}, "extraordinaryItems": {}, "effectOfAccountingCharges": {}, "otherItems": {}, "netIncome": 1630000, "netIncomeApplicableToCommonShares": 1630000}, {"maxAge": 1, "endDate": "2019-09-30", "totalRevenue": 90420000, "costOfRevenue": 70723000, "grossProfit": 19697000, "researchDevelopment": {}, "sellingGeneralAdministrative": 4050000, "nonRecurring": {}, "otherOperatingExpenses": 13310000, "totalOperatingExpenses": 88698000, "operatingIncome": 1722000, "totalOtherIncomeExpenseNet": -637000, "ebit": 1722000, "interestExpense": -732000, "incomeBeforeTax": 1085000, "incomeTaxExpense": 0, "minorityInterest": {}, "netIncomeFromContinuingOps": 1085000, "discontinuedOperations": {}, "extraordinaryItems": {}, "effectOfAccountingCharges": {}, "otherItems": {}, "netIncome": 1085000, "netIncomeApplicableToCommonShares": 1085000}], "maxAge": 86400}, "cashflowStatementHistoryQuarterly": {"cashflowStatements": [{"maxAge": 1, "endDate": "2020-06-30", "netIncome": -2869000, "changeToLiabilities": 0}, {"maxAge": 1, "endDate": "2020-03-31", "netIncome": 515000, "changeToLiabilities": 0}, {"maxAge": 1, "endDate": "2019-12-31", "netIncome": 1630000, "changeToLiabilities": 0}, {"maxAge": 1, "endDate": "2019-09-30", "netIncome": 1085000, "changeToLiabilities": 0}], "maxAge": 86400}, "insiderHolders": {"holders": [], "maxAge": 1}, "calendarEvents": {"maxAge": 1, "earnings": {"earningsDate": []}}, "upgradeDowngradeHistory": {"history": [], "maxAge": 86400}, "price": {"maxAge": 1, "regularMarketChangePercent": 0.01946789, "regularMarketChange": 0.3000002, "regularMarketTime": "2021-04-30 15:29:37", "priceHint": 2, "regularMarketPrice": 15.71, "regularMarketDayHigh": 15.71, "regularMarketDayLow": 15.71, "regularMarketVolume": 600, "averageDailyVolume10Day": 380, "averageDailyVolume3Month": 200, "regularMarketPreviousClose": 15.41, "regularMarketSource": "FREE_REALTIME", "regularMarketOpen": 15.71, "exchange": "BSE", "exchangeName": "BSE", "exchangeDataDelayedBy": 0, "marketState": "CLOSED", "quoteType": "EQUITY", "symbol": "SRECR.BO", "underlyingSymbol": null, "shortName": "SREECHEM RESINS LTD.", "longName": "Sreechem Resins Limited", "currency": "INR", "quoteSourceName": "Delayed Quote", "currencySymbol": "\u20b9", "fromCurrency": null, "lastMarket": null, "marketCap": 62840000}, "balanceSheetHistory": {"balanceSheetStatements": [{"maxAge": 1, "endDate": "2020-03-31", "cash": 2721000, "netReceivables": 74677000, "inventory": 39731000, "otherCurrentAssets": 4477000, "totalCurrentAssets": 121606000, "longTermInvestments": 179000, "propertyPlantEquipment": 23135000, "otherAssets": 1721000, "deferredLongTermAssetCharges": 79000, "totalAssets": 146641000, "accountsPayable": 52283000, "otherCurrentLiab": 2721000, "totalCurrentLiabilities": 90005000, "totalLiab": 90005000, "commonStock": 40000000, "retainedEarnings": 16636000, "totalStockholderEquity": 56636000, "netTangibleAssets": 56636000}, {"maxAge": 1, "endDate": "2019-03-31", "cash": 1385480, "netReceivables": 41634628, "inventory": 48390839, "otherCurrentAssets": 1932950, "totalCurrentAssets": 93785202, "longTermInvestments": 1219200, "propertyPlantEquipment": 15793815, "otherAssets": 2332417, "deferredLongTermAssetCharges": 671734, "totalAssets": 113130634, "accountsPayable": 27258388, "otherCurrentLiab": 301937, "totalCurrentLiabilities": 59051370, "totalLiab": 59051370, "commonStock": 40000000, "retainedEarnings": 14079264, "totalStockholderEquity": 54079264, "netTangibleAssets": 54079264}, {"maxAge": 1, "endDate": "2018-03-31", "cash": 1216673, "netReceivables": 45169444, "inventory": 54660579, "otherCurrentAssets": 1670667, "totalCurrentAssets": 103276530, "longTermInvestments": 1198550, "propertyPlantEquipment": 14675039, "otherAssets": 2218587, "deferredLongTermAssetCharges": 557904, "totalAssets": 121368706, "accountsPayable": 38523226, "shortLongTermDebt": 141659, "otherCurrentLiab": 1610, "totalCurrentLiabilities": 66294639, "totalLiab": 66294639, "commonStock": 40000000, "retainedEarnings": 15074067, "totalStockholderEquity": 55074067, "netTangibleAssets": 55074067}, {"maxAge": 1, "endDate": "2017-03-31", "cash": 1620546, "netReceivables": 29197861, "inventory": 46726226, "otherCurrentAssets": 1984020, "totalCurrentAssets": 79885100, "longTermInvestments": 752050, "propertyPlantEquipment": 16681340, "otherAssets": 1659183, "totalAssets": 98977673, "accountsPayable": 13762482, "shortLongTermDebt": 316912, "otherCurrentLiab": 785413, "longTermDebt": 141660, "otherLiab": 1505928, "totalCurrentLiabilities": 36935725, "totalLiab": 38583313, "commonStock": 40000000, "retainedEarnings": 20394360, "totalStockholderEquity": 60394360, "netTangibleAssets": 60394360}], "maxAge": 86400}, "financialData": {"maxAge": 86400, "currentPrice": 15.71, "recommendationKey": "none", "grossProfits": 77393000, "financialCurrency": "INR"}}}