{"SREEL.NS": {"assetProfile": {"address1": "6, Tottee Lane", "city": "Kolkata", "zip": "700016", "country": "India", "phone": "91 33 2286 1571", "fax": "91 33 2217 6468", "website": "http://www.sreeleathers.com", "industry": "Footwear & Accessories", "sector": "Consumer Cyclical", "longBusinessSummary": "Sreeleathers Limited engages in the wholesale and retail of footwear, and leather goods and accessories in India. It offers formal, canvas, and casual, as well as school shoes; chappals; sandals; and accessories, such as belts, wallets, bags, socks, and jewelry and watch boxes for men, women, and kids, as well as disposable PPE kits and masks. Sreeleathers Limited sells its products through its online shopping website. The company was formerly known as CAT Financial Services Ltd and changed its name to Sreeleathers Limited in October 2010. Sreeleathers Limited was incorporated in 1991 and is based in Kolkata, India.", "fullTimeEmployees": 50, "companyOfficers": [{"maxAge": 1, "name": "Mr. Satyabrata  Dey", "age": 70, "title": "Founder, MD & Director", "yearBorn": 1950, "exercisedValue": 0, "unexercisedValue": 0}, {"maxAge": 1, "name": "Mr. Sujay  Bhattacherjee", "age": 54, "title": "Chief Financial Officer", "yearBorn": 1966, "fiscalYear": 2020, "totalPay": 735769, "exercisedValue": 0, "unexercisedValue": 0}, {"maxAge": 1, "name": "Mr. Bijoy Kumar Roy", "title": "Compliance Officer & Company Sec.", "fiscalYear": 2020, "totalPay": 439231, "exercisedValue": 0, "unexercisedValue": 0}, {"maxAge": 1, "name": "Ms. Rochita  Dey", "age": 29, "title": "Whole time Director", "yearBorn": 1991, "exercisedValue": 0, "unexercisedValue": 0}, {"maxAge": 1, "name": "Ms. Shipra  Dey", "age": 57, "title": "Whole time Director", "yearBorn": 1963, "exercisedValue": 0, "unexercisedValue": 0}], "compensationAsOfEpochDate": "2020-12-31 05:30:00", "maxAge": 86400}, "recommendationTrend": {"trend": [{"period": "0m", "strongBuy": 0, "buy": 0, "hold": 0, "sell": 0, "strongSell": 0}, {"period": "-1m", "strongBuy": 0, "buy": 0, "hold": 0, "sell": 0, "strongSell": 0}, {"period": "-2m", "strongBuy": 0, "buy": 0, "hold": 0, "sell": 0, "strongSell": 0}, {"period": "-3m", "strongBuy": 0, "buy": 0, "hold": 0, "sell": 0, "strongSell": 0}], "maxAge": 86400}, "cashflowStatementHistory": {"cashflowStatements": [{"maxAge": 1, "endDate": "2020-03-31", "netIncome": 287601508, "depreciation": 10051969, "changeToNetincome": -1364078, "changeToAccountReceivables": -4444888, "changeToLiabilities": 4117312, "changeToInventory": -162156, "changeToOperatingActivities": -7002499, "totalCashFromOperatingActivities": 288797168, "capitalExpenditures": -990455, "investments": -344965758, "otherCashflowsFromInvestingActivities": 2698464, "totalCashflowsFromInvestingActivities": -343247749, "otherCashflowsFromFinancingActivities": 358439, "totalCashFromFinancingActivities": 358439, "changeInCash": -54092142}, {"maxAge": 1, "endDate": "2019-03-31", "netIncome": 310810156, "depreciation": 11781838, "changeToNetincome": -78022725, "changeToAccountReceivables": 1820458, "changeToLiabilities": 28157069, "changeToInventory": -37698835, "changeToOperatingActivities": -81967252, "totalCashFromOperatingActivities": 154880709, "capitalExpenditures": -990455, "investments": -445873730, "otherCashflowsFromInvestingActivities": -2203558, "totalCashflowsFromInvestingActivities": -321485668, "otherCashflowsFromFinancingActivities": -15449199, "totalCashFromFinancingActivities": -15449199, "changeInCash": -182054158}, {"maxAge": 1, "endDate": "2018-03-31", "netIncome": 213717953, "depreciation": 12619522, "changeToNetincome": -18838829, "changeToAccountReceivables": 2969451, "changeToLiabilities": -4831606, "changeToInventory": -10607436, "changeToOperatingActivities": 82931574, "totalCashFromOperatingActivities": 277960624, "capitalExpenditures": -827311, "investments": -39943703, "otherCashflowsFromInvestingActivities": -663250, "totalCashflowsFromInvestingActivities": -41434264, "otherCashflowsFromFinancingActivities": -1481820, "totalCashFromFinancingActivities": -1481820, "changeInCash": 235044540}, {"maxAge": 1, "endDate": "2017-03-31", "netIncome": 134030145, "depreciation": 12460176, "changeToNetincome": -12647704, "changeToAccountReceivables": -7003262, "changeToLiabilities": 13251921, "changeToInventory": -12448771, "changeToOperatingActivities": 14215219, "totalCashFromOperatingActivities": 141857721, "capitalExpenditures": -984321, "investments": -166692084, "otherCashflowsFromInvestingActivities": 6582236, "totalCashflowsFromInvestingActivities": -161094169, "otherCashflowsFromFinancingActivities": -2769971, "totalCashFromFinancingActivities": -2769971, "changeInCash": -22006414}], "maxAge": 86400}, "indexTrend": {"maxAge": 1, "symbol": "SP5", "peRatio": 19.7411, "pegRatio": 1.34172, "estimates": [{"period": "0q", "growth": 0.549}, {"period": "+1q", "growth": 0.431}, {"period": "0y", "growth": 0.305}, {"period": "+1y", "growth": 0.109}, {"period": "+5y", "growth": 0.120865}, {"period": "-5y"}]}, "defaultKeyStatistics": {"maxAge": 1, "priceHint": 2, "enterpriseValue": 3323499776, "forwardPE": 17.79563, "profitMargins": 0.14259, "floatShares": 5837005, "sharesOutstanding": 23155000, "heldPercentInsiders": 0.7961, "heldPercentInstitutions": 0.03277, "beta": 0.575148, "category": null, "bookValue": 132.309, "priceToBook": 1.046414, "fundFamily": null, "legalType": null, "lastFiscalYearEnd": "2020-03-31 05:30:00", "nextFiscalYearEnd": "2022-03-31 05:30:00", "mostRecentQuarter": "2020-12-31 05:30:00", "earningsQuarterlyGrowth": -0.196, "netIncomeToCommon": 121132512, "trailingEps": 4.925, "forwardEps": 7.78, "lastSplitFactor": null, "enterpriseToRevenue": 3.912, "enterpriseToEbitda": 19.258}, "industryTrend": {"maxAge": 1, "symbol": null, "estimates": []}, "quoteType": {"exchange": "NSI", "quoteType": "EQUITY", "symbol": "SREEL.NS", "underlyingSymbol": "SREEL.NS", "shortName": "SREELEATHERS LTD", "longName": "Sreeleathers Limited", "firstTradeDateEpochUtc": "2014-01-01 09:15:00", "timeZoneFullName": "Asia/Kolkata", "timeZoneShortName": "IST", "uuid": "b2983238-7e72-3a1f-81ff-b9f5b0d9f3ac", "gmtOffSetMilliseconds": 19800000, "maxAge": 1}, "incomeStatementHistory": {"incomeStatementHistory": [{"maxAge": 1, "endDate": "2020-03-31", "totalRevenue": 1733682502, "costOfRevenue": 1217754627, "grossProfit": 515927875, "researchDevelopment": {}, "sellingGeneralAdministrative": 51874061, "nonRecurring": {}, "otherOperatingExpenses": 62162195, "totalOperatingExpenses": 1341842852, "operatingIncome": 391839650, "totalOtherIncomeExpenseNet": -897185, "ebit": 391839650, "interestExpense": -897185, "incomeBeforeTax": 390942465, "incomeTaxExpense": 103340957, "minorityInterest": {}, "netIncomeFromContinuingOps": 287601508, "discontinuedOperations": {}, "extraordinaryItems": {}, "effectOfAccountingCharges": {}, "otherItems": {}, "netIncome": 287601508, "netIncomeApplicableToCommonShares": 287601508}, {"maxAge": 1, "endDate": "2019-03-31", "totalRevenue": 1680958735, "costOfRevenue": 1195992548, "grossProfit": 484966187, "researchDevelopment": {}, "sellingGeneralAdministrative": 35554938, "nonRecurring": {}, "otherOperatingExpenses": 68822174, "totalOperatingExpenses": 1312151498, "operatingIncome": 368807237, "totalOtherIncomeExpenseNet": 73239464, "ebit": 368807237, "interestExpense": -1261649, "incomeBeforeTax": 442046701, "incomeTaxExpense": 131236545, "minorityInterest": {}, "netIncomeFromContinuingOps": 310810156, "discontinuedOperations": {}, "extraordinaryItems": {}, "effectOfAccountingCharges": {}, "otherItems": {}, "netIncome": 310810156, "netIncomeApplicableToCommonShares": 310810156}, {"maxAge": 1, "endDate": "2018-03-31", "totalRevenue": 1409626951, "costOfRevenue": 1003088027, "grossProfit": 406538924, "researchDevelopment": {}, "sellingGeneralAdministrative": 52932075, "nonRecurring": {}, "otherOperatingExpenses": 33320575, "totalOperatingExpenses": 1101960199, "operatingIncome": 307666752, "totalOtherIncomeExpenseNet": 17800709, "ebit": 307666752, "interestExpense": -1239385, "incomeBeforeTax": 325467461, "incomeTaxExpense": 111749508, "minorityInterest": {}, "netIncomeFromContinuingOps": 213717953, "discontinuedOperations": {}, "extraordinaryItems": {}, "effectOfAccountingCharges": {}, "otherItems": {}, "netIncome": 213717953, "netIncomeApplicableToCommonShares": 213717953}, {"maxAge": 1, "endDate": "2017-03-31", "totalRevenue": 995853233, "costOfRevenue": 701359263, "grossProfit": 294493970, "researchDevelopment": {}, "sellingGeneralAdministrative": 61013697, "nonRecurring": {}, "otherOperatingExpenses": 27101507, "totalOperatingExpenses": 801934643, "operatingIncome": 193918590, "totalOtherIncomeExpenseNet": 11472389, "ebit": 193918590, "interestExpense": -2600777, "incomeBeforeTax": 205390979, "incomeTaxExpense": 71360834, "minorityInterest": {}, "netIncomeFromContinuingOps": 134030145, "discontinuedOperations": {}, "extraordinaryItems": {}, "effectOfAccountingCharges": {}, "otherItems": {}, "netIncome": 134030145, "netIncomeApplicableToCommonShares": 134030145}], "maxAge": 86400}, "fundOwnership": {"ownershipList": [], "maxAge": 1}, "summaryDetail": {"maxAge": 1, "priceHint": 2, "previousClose": 138.2, "open": 138.6, "dayLow": 137.0, "dayHigh": 139.85, "regularMarketPreviousClose": 138.2, "regularMarketOpen": 138.6, "regularMarketDayLow": 137.0, "regularMarketDayHigh": 139.85, "exDividendDate": "2014-09-18 05:30:00", "payoutRatio": 0.0, "beta": 0.575148, "trailingPE": 28.111673, "forwardPE": 17.79563, "volume": 4034, "regularMarketVolume": 4034, "averageVolume": 41477, "averageVolume10days": 111375, "averageDailyVolume10Day": 111375, "bid": 0.0, "ask": 0.0, "bidSize": 0, "askSize": 0, "marketCap": 3212773632, "fiftyTwoWeekLow": 108.3, "fiftyTwoWeekHigh": 169.9, "priceToSalesTrailing12Months": 3.7819562, "fiftyDayAverage": 145.78787, "twoHundredDayAverage": 142.69214, "currency": "INR", "fromCurrency": null, "lastMarket": null, "algorithm": null, "tradeable": false}, "insiderHolders": {"holders": [{"maxAge": 1, "name": "Dey (Rochita)", "relation": "Additonal Director", "url": "", "transactionDescription": "Acquisition", "latestTransDate": "2020-03-20", "positionDirect": 159246, "positionDirectDate": "2020-03-20"}, {"maxAge": 1, "name": "Dey (Satya Bratra)", "relation": "Promoter", "url": "", "transactionDescription": "Acquisition", "latestTransDate": "2020-03-31", "positionDirect": 4533485, "positionDirectDate": "2020-03-31"}, {"maxAge": 1, "name": "Dey (Shipra)", "relation": "Director", "url": "", "transactionDescription": "Acquisition", "latestTransDate": "2020-03-27", "positionDirect": 33593, "positionDirectDate": "2020-03-27"}, {"maxAge": 1, "name": "Dey (Soham)", "relation": "Promoter", "url": "", "transactionDescription": "Sale", "latestTransDate": "2020-03-20", "positionDirect": 180240, "positionDirectDate": "2020-03-20"}, {"maxAge": 1, "name": "Panchavati Tie-up Pvt Ltd", "relation": "Promoter", "url": "", "transactionDescription": "Other", "latestTransDate": "2016-03-29", "positionDirect": 5024666, "positionDirectDate": "2016-03-29"}], "maxAge": 1}, "calendarEvents": {"maxAge": 1, "earnings": {"earningsDate": [], "earningsAverage": 1.84, "earningsLow": 1.84, "earningsHigh": 1.84, "revenueAverage": 342220000, "revenueLow": 342220000, "revenueHigh": 342220000}, "exDividendDate": "2014-09-18 05:30:00"}, "upgradeDowngradeHistory": {"history": [], "maxAge": 86400}, "price": {"maxAge": 1, "regularMarketChangePercent": 0.0018089726, "regularMarketChange": 0.25, "regularMarketTime": "2021-04-30 15:30:00", "priceHint": 2, "regularMarketPrice": 138.45, "regularMarketDayHigh": 139.85, "regularMarketDayLow": 137.0, "regularMarketVolume": 4034, "averageDailyVolume10Day": 111375, "averageDailyVolume3Month": 41477, "regularMarketPreviousClose": 138.2, "regularMarketSource": "FREE_REALTIME", "regularMarketOpen": 138.6, "exchange": "NSI", "exchangeName": "NSE", "exchangeDataDelayedBy": 15, "marketState": "CLOSED", "quoteType": "EQUITY", "symbol": "SREEL.NS", "underlyingSymbol": null, "shortName": "SREELEATHERS LTD", "longName": "Sreeleathers Limited", "currency": "INR", "quoteSourceName": "Delayed Quote", "currencySymbol": "\u20b9", "fromCurrency": null, "lastMarket": null, "marketCap": 3212773632}, "balanceSheetHistory": {"balanceSheetStatements": [{"maxAge": 1, "endDate": "2020-03-31", "cash": 3544428, "shortTermInvestments": 33319672, "netReceivables": 17267897, "inventory": 143764173, "otherCurrentAssets": 108298598, "totalCurrentAssets": 306194768, "longTermInvestments": 1672069710, "propertyPlantEquipment": 1488817390, "goodWill": 12190682, "otherAssets": 1873365, "totalAssets": 3481145915, "accountsPayable": 74471214, "otherCurrentLiab": 114183411, "otherLiab": 40667942, "deferredLongTermLiab": 82940, "totalCurrentLiabilities": 202921779, "totalLiab": 243589721, "commonStock": 251550120, "retainedEarnings": 1383425541, "treasuryStock": 194837988, "capitalSurplus": 1407742545, "otherStockholderEquity": 194837988, "totalStockholderEquity": 3237556194, "netTangibleAssets": 3225365512}, {"maxAge": 1, "endDate": "2019-03-31", "cash": 57649953, "shortTermInvestments": 3277626, "netReceivables": 12725732, "inventory": 143602017, "otherCurrentAssets": 138872776, "totalCurrentAssets": 356128104, "longTermInvestments": 1297020342, "propertyPlantEquipment": 1497896556, "goodWill": 12190682, "otherAssets": 2871678, "totalAssets": 3166107362, "accountsPayable": 70353902, "otherCurrentLiab": 143128574, "otherLiab": 37711460, "deferredLongTermLiab": 91145, "totalCurrentLiabilities": 234442599, "totalLiab": 272154059, "commonStock": 251550120, "retainedEarnings": 1090611399, "treasuryStock": 144049240, "capitalSurplus": 1407742544, "otherStockholderEquity": 144049240, "totalStockholderEquity": 2893953303, "netTangibleAssets": 2881762621}, {"maxAge": 1, "endDate": "2018-03-31", "cash": 252522698, "shortTermInvestments": 151314, "netReceivables": 5164548, "inventory": 105903181, "otherCurrentAssets": 167245162, "totalCurrentAssets": 530986903, "longTermInvestments": 769942090, "propertyPlantEquipment": 1557007313, "goodWill": 12190682, "otherAssets": 2853649, "totalAssets": 2872980637, "accountsPayable": 42196831, "otherCurrentLiab": 259554770, "otherLiab": 1082968, "deferredLongTermLiab": 99350, "totalCurrentLiabilities": 321315375, "totalLiab": 322398343, "commonStock": 251550120, "retainedEarnings": 891289635, "capitalSurplus": 1407742545, "totalStockholderEquity": 2550582300, "netTangibleAssets": 2538391618}, {"maxAge": 1, "endDate": "2017-03-31", "cash": 57507937, "shortTermInvestments": 151314, "netReceivables": 9066352, "inventory": 95295744, "otherCurrentAssets": 74587510, "totalCurrentAssets": 236608857, "longTermInvestments": 638976523, "propertyPlantEquipment": 1568799519, "goodWill": 12190682, "otherAssets": 12889952, "deferredLongTermAssetCharges": 9287557, "totalAssets": 2469465533, "accountsPayable": 47028438, "otherCurrentLiab": 80435176, "otherLiab": 15306380, "deferredLongTermLiab": 107555, "totalCurrentLiabilities": 161779292, "totalLiab": 177085672, "commonStock": 251550120, "retainedEarnings": 633087207, "capitalSurplus": 1407742545, "totalStockholderEquity": 2292379872, "netTangibleAssets": 2280189190}], "maxAge": 86400}, "earningsTrend": {"trend": [{"maxAge": 1, "period": "0q", "endDate": "2017-12-31", "growth": {}, "earningsEstimate": {"avg": 1.84, "low": 1.84, "high": 1.84, "yearAgoEps": {}, "numberOfAnalysts": 1, "growth": {}}, "revenueEstimate": {"avg": 342220000, "low": 342220000, "high": 342220000, "numberOfAnalysts": 1, "yearAgoRevenue": {}, "growth": {}}, "epsTrend": {"current": 1.84, "7daysAgo": 1.84, "30daysAgo": 1.84, "60daysAgo": 0.0, "90daysAgo": 0.0}, "epsRevisions": {"upLast7days": 0, "upLast30days": 0, "downLast30days": 0, "downLast90days": {}}}, {"maxAge": 1, "period": "+1q", "endDate": "2018-03-31", "growth": {}, "earningsEstimate": {"avg": 0.0, "low": 0.0, "high": 0.0, "yearAgoEps": {}, "numberOfAnalysts": 0, "growth": {}}, "revenueEstimate": {"avg": 0, "low": 0, "high": 0, "numberOfAnalysts": 0, "yearAgoRevenue": {}, "growth": {}}, "epsTrend": {"current": 0.0, "7daysAgo": 0.0, "30daysAgo": 0.0, "60daysAgo": 0.0, "90daysAgo": 0.0}, "epsRevisions": {"upLast7days": 0, "upLast30days": 0, "downLast30days": 0, "downLast90days": {}}}, {"maxAge": 1, "period": "0y", "endDate": "2018-03-31", "growth": {}, "earningsEstimate": {"avg": 0.0, "low": 0.0, "high": 0.0, "yearAgoEps": {}, "numberOfAnalysts": 0, "growth": {}}, "revenueEstimate": {"avg": 1414110000, "low": 1414110000, "high": 1414110000, "numberOfAnalysts": 1, "yearAgoRevenue": {}, "growth": {}}, "epsTrend": {"current": 0.0, "7daysAgo": 0.0, "30daysAgo": 0.0, "60daysAgo": 0.0, "90daysAgo": 0.0}, "epsRevisions": {"upLast7days": 0, "upLast30days": 0, "downLast30days": 0, "downLast90days": {}}}, {"maxAge": 1, "period": "+1y", "endDate": "2018-03-31", "growth": {}, "earningsEstimate": {"avg": 7.78, "low": 7.78, "high": 7.78, "yearAgoEps": {}, "numberOfAnalysts": 1, "growth": {}}, "revenueEstimate": {"avg": 1414110000, "low": 1414110000, "high": 1414110000, "numberOfAnalysts": 1, "yearAgoRevenue": 1414110000, "growth": 0.0}, "epsTrend": {"current": 7.78, "7daysAgo": 7.78, "30daysAgo": 7.78, "60daysAgo": 0.0, "90daysAgo": 0.0}, "epsRevisions": {"upLast7days": 0, "upLast30days": 0, "downLast30days": 0, "downLast90days": {}}}, {"maxAge": 1, "period": "+5y", "endDate": null, "growth": {}, "earningsEstimate": {"avg": {}, "low": {}, "high": {}, "yearAgoEps": {}, "numberOfAnalysts": {}, "growth": {}}, "revenueEstimate": {"avg": {}, "low": {}, "high": {}, "numberOfAnalysts": {}, "yearAgoRevenue": {}, "growth": {}}, "epsTrend": {"current": {}, "7daysAgo": {}, "30daysAgo": {}, "60daysAgo": {}, "90daysAgo": {}}, "epsRevisions": {"upLast7days": {}, "upLast30days": {}, "downLast30days": {}, "downLast90days": {}}}, {"maxAge": 1, "period": "-5y", "endDate": null, "growth": {}, "earningsEstimate": {"avg": {}, "low": {}, "high": {}, "yearAgoEps": {}, "numberOfAnalysts": {}, "growth": {}}, "revenueEstimate": {"avg": {}, "low": {}, "high": {}, "numberOfAnalysts": {}, "yearAgoRevenue": {}, "growth": {}}, "epsTrend": {"current": {}, "7daysAgo": {}, "30daysAgo": {}, "60daysAgo": {}, "90daysAgo": {}}, "epsRevisions": {"upLast7days": {}, "upLast30days": {}, "downLast30days": {}, "downLast90days": {}}}], "maxAge": 1}, "institutionOwnership": {"ownershipList": [], "maxAge": 1}, "majorHoldersBreakdown": {"maxAge": 1, "insidersPercentHeld": 0.7961, "institutionsPercentHeld": 0.03277, "institutionsFloatPercentHeld": 0.1607, "institutionsCount": 1}, "balanceSheetHistoryQuarterly": {"balanceSheetStatements": [{"maxAge": 1, "endDate": "2020-12-31", "totalStockholderEquity": 3345067000, "netTangibleAssets": 3332876000}, {"maxAge": 1, "endDate": "2020-09-30", "cash": 56930000, "shortTermInvestments": 2050000, "netReceivables": 136788000, "inventory": 123195000, "totalCurrentAssets": 318963000, "longTermInvestments": 1764445000, "propertyPlantEquipment": 1485433000, "goodWill": 12191000, "otherAssets": 1869000, "totalAssets": 3582901000, "accountsPayable": 71191000, "otherCurrentLiab": 129626000, "otherLiab": 36131000, "deferredLongTermLiab": 79000, "totalCurrentLiabilities": 201703000, "totalLiab": 237834000, "commonStock": 251550000, "treasuryStock": 3093517000, "otherStockholderEquity": 3093517000, "totalStockholderEquity": 3345067000, "netTangibleAssets": 3332876000}, {"maxAge": 1, "endDate": "2020-06-30", "totalStockholderEquity": 3237556194, "netTangibleAssets": 3225365512}, {"maxAge": 1, "endDate": "2020-03-31", "cash": 3544428, "shortTermInvestments": 33319672, "netReceivables": 17267897, "inventory": 143764173, "otherCurrentAssets": 108298598, "totalCurrentAssets": 306194768, "longTermInvestments": 1672069710, "propertyPlantEquipment": 1488817390, "goodWill": 12190682, "otherAssets": 1873365, "totalAssets": 3481145915, "accountsPayable": 74471214, "otherCurrentLiab": 114183411, "otherLiab": 40667942, "deferredLongTermLiab": 82940, "totalCurrentLiabilities": 202921779, "totalLiab": 243589721, "commonStock": 251550120, "retainedEarnings": 1383425541, "treasuryStock": 194837988, "capitalSurplus": 1407742545, "otherStockholderEquity": 194837988, "totalStockholderEquity": 3237556194, "netTangibleAssets": 3225365512}], "maxAge": 86400}, "earningsHistory": {"history": [{"maxAge": 1, "epsActual": {}, "epsEstimate": {}, "epsDifference": {}, "surprisePercent": {}, "quarter": {}, "period": "-4q"}, {"maxAge": 1, "epsActual": {}, "epsEstimate": {}, "epsDifference": {}, "surprisePercent": {}, "quarter": {}, "period": "-3q"}, {"maxAge": 1, "epsActual": {}, "epsEstimate": {}, "epsDifference": {}, "surprisePercent": {}, "quarter": {}, "period": "-2q"}, {"maxAge": 1, "epsActual": {}, "epsEstimate": {}, "epsDifference": {}, "surprisePercent": {}, "quarter": {}, "period": "-1q"}], "maxAge": 86400}, "summaryProfile": {"address1": "6, Tottee Lane", "city": "Kolkata", "zip": "700016", "country": "India", "phone": "91 33 2286 1571", "fax": "91 33 2217 6468", "website": "http://www.sreeleathers.com", "industry": "Footwear & Accessories", "sector": "Consumer Cyclical", "longBusinessSummary": "Sreeleathers Limited engages in the wholesale and retail of footwear, and leather goods and accessories in India. It offers formal, canvas, and casual, as well as school shoes; chappals; sandals; and accessories, such as belts, wallets, bags, socks, and jewelry and watch boxes for men, women, and kids, as well as disposable PPE kits and masks. Sreeleathers Limited sells its products through its online shopping website. The company was formerly known as CAT Financial Services Ltd and changed its name to Sreeleathers Limited in October 2010. Sreeleathers Limited was incorporated in 1991 and is based in Kolkata, India.", "fullTimeEmployees": 50, "companyOfficers": [], "maxAge": 86400}, "netSharePurchaseActivity": {"maxAge": 1, "period": "6m", "buyInfoCount": 0, "buyInfoShares": 0, "sellInfoCount": 0, "netInfoCount": 0, "netInfoShares": 0, "netPercentInsiderShares": 0.0, "totalInsiderShares": 19444470}, "insiderTransactions": {"transactions": [{"maxAge": 1, "shares": 69081, "filerUrl": "", "transactionText": "", "filerName": "Dey (Satya Bratra)", "filerRelation": "Promoter", "moneyText": "", "startDate": "2020-03-31", "ownership": "D"}, {"maxAge": 1, "shares": 20668, "filerUrl": "", "transactionText": "", "filerName": "Dey (Shipra)", "filerRelation": "Director", "moneyText": "", "startDate": "2020-03-27", "ownership": "D"}, {"maxAge": 1, "shares": 28962, "filerUrl": "", "transactionText": "", "filerName": "Dey (Rochita)", "filerRelation": "Additonal Director", "moneyText": "", "startDate": "2020-03-20", "ownership": "D"}, {"maxAge": 1, "shares": 26994, "filerUrl": "", "transactionText": "", "filerName": "Dey (Soham)", "filerRelation": "Promoter", "moneyText": "", "startDate": "2020-03-20", "ownership": "D"}, {"maxAge": 1, "shares": 6, "filerUrl": "", "transactionText": "", "filerName": "Dey (Soham)", "filerRelation": "Promoter", "moneyText": "", "startDate": "2020-03-20", "ownership": "D"}, {"maxAge": 1, "shares": 13734, "filerUrl": "", "transactionText": "", "filerName": "Dey (Rochita)", "filerRelation": "Additonal Director", "moneyText": "", "startDate": "2020-03-17", "ownership": "D"}, {"maxAge": 1, "shares": 14500, "filerUrl": "", "transactionText": "", "filerName": "Dey (Soham)", "filerRelation": "Promoter", "moneyText": "", "startDate": "2020-03-17", "ownership": "D"}, {"maxAge": 1, "shares": 2414, "filerUrl": "", "transactionText": "", "filerName": "Dey (Soham)", "filerRelation": "Promoter", "moneyText": "", "startDate": "2020-03-13", "ownership": "D"}, {"maxAge": 1, "shares": 25000, "filerUrl": "", "transactionText": "", "filerName": "Dey (Soham)", "filerRelation": "Promoter", "moneyText": "", "startDate": "2020-03-05", "ownership": "D"}, {"maxAge": 1, "shares": 28150, "filerUrl": "", "transactionText": "", "filerName": "Dey (Rochita)", "filerRelation": "Additonal Director", "moneyText": "", "startDate": "2019-12-27", "ownership": "D"}, {"maxAge": 1, "shares": 111332, "filerUrl": "", "transactionText": "", "filerName": "Dey (Soham)", "filerRelation": "UNREPORTED", "moneyText": "", "startDate": "2019-12-27", "ownership": "D"}, {"maxAge": 1, "shares": 14500, "filerUrl": "", "transactionText": "", "filerName": "Dey (Rochita)", "filerRelation": "Additonal Director", "moneyText": "", "startDate": "2019-08-21", "ownership": "D"}, {"maxAge": 1, "shares": 14500, "filerUrl": "", "transactionText": "", "filerName": "Dey (Rochita)", "filerRelation": "Director", "moneyText": "", "startDate": "2019-08-20", "ownership": "D"}, {"maxAge": 1, "shares": 15000, "filerUrl": "", "transactionText": "", "filerName": "Dey (Rochita)", "filerRelation": "UNREPORTED", "moneyText": "", "startDate": "2019-08-19", "ownership": "D"}, {"maxAge": 1, "shares": 50853, "filerUrl": "", "transactionText": "", "filerName": "Dey (Satya Bratra)", "filerRelation": "Managing Director", "moneyText": "", "startDate": "2018-11-28", "ownership": "D"}, {"maxAge": 1, "shares": 8035, "filerUrl": "", "transactionText": "", "filerName": "Dey (Shipra)", "filerRelation": "Director", "moneyText": "", "startDate": "2018-10-30", "ownership": "D"}, {"maxAge": 1, "shares": 43700, "filerUrl": "", "transactionText": "", "filerName": "Dey (Satya Bratra)", "filerRelation": "Managing Director", "moneyText": "", "startDate": "2018-10-30", "ownership": "D"}, {"maxAge": 1, "shares": 15300, "filerUrl": "", "transactionText": "", "filerName": "Dey (Satya Bratra)", "filerRelation": "Managing Director", "moneyText": "", "startDate": "2017-03-31", "ownership": "D"}, {"maxAge": 1, "shares": 176624, "filerUrl": "", "transactionText": "", "filerName": "Dey (Satya Bratra)", "filerRelation": "Managing Director", "moneyText": "", "startDate": "2017-03-30", "ownership": "D"}, {"maxAge": 1, "shares": 100000, "filerUrl": "", "transactionText": "", "filerName": "Dey (Satya Bratra)", "filerRelation": "Managing Director", "moneyText": "", "startDate": "2016-03-29", "ownership": "D"}, {"maxAge": 1, "shares": 100000, "filerUrl": "", "transactionText": "", "filerName": "Panchavati Tie-up Pvt Ltd", "filerRelation": "Promoter", "moneyText": "", "startDate": "2016-03-29", "ownership": "D"}], "maxAge": 1}, "sectorTrend": {"maxAge": 1, "symbol": null, "estimates": []}, "incomeStatementHistoryQuarterly": {"incomeStatementHistory": [{"maxAge": 1, "endDate": "2020-12-31", "totalRevenue": 325483000, "costOfRevenue": 232007000, "grossProfit": 93476000, "researchDevelopment": {}, "sellingGeneralAdministrative": 10818000, "nonRecurring": {}, "otherOperatingExpenses": 10069000, "totalOperatingExpenses": 255197000, "operatingIncome": 70286000, "totalOtherIncomeExpenseNet": 1634000, "ebit": 70286000, "interestExpense": -10000, "incomeBeforeTax": 71920000, "incomeTaxExpense": 18430000, "minorityInterest": {}, "netIncomeFromContinuingOps": 53490000, "discontinuedOperations": {}, "extraordinaryItems": {}, "effectOfAccountingCharges": {}, "otherItems": {}, "netIncome": 53490000, "netIncomeApplicableToCommonShares": 53490000}, {"maxAge": 1, "endDate": "2020-09-30", "totalRevenue": 139143000, "costOfRevenue": 100202000, "grossProfit": 38941000, "researchDevelopment": {}, "sellingGeneralAdministrative": 6441000, "nonRecurring": {}, "otherOperatingExpenses": 5103000, "totalOperatingExpenses": 114193000, "operatingIncome": 24950000, "totalOtherIncomeExpenseNet": 557000, "ebit": 24950000, "interestExpense": -20000, "incomeBeforeTax": 25507000, "incomeTaxExpense": 5534000, "minorityInterest": {}, "netIncomeFromContinuingOps": 19973000, "discontinuedOperations": {}, "extraordinaryItems": {}, "effectOfAccountingCharges": {}, "otherItems": {}, "netIncome": 19973000, "netIncomeApplicableToCommonShares": 19973000}, {"maxAge": 1, "endDate": "2020-06-30", "totalRevenue": 32556000, "costOfRevenue": 22602000, "grossProfit": 9954000, "researchDevelopment": {}, "sellingGeneralAdministrative": 8385000, "nonRecurring": {}, "otherOperatingExpenses": 7874000, "totalOperatingExpenses": 41356000, "operatingIncome": -8800000, "totalOtherIncomeExpenseNet": 364000, "ebit": -8800000, "interestExpense": -32000, "incomeBeforeTax": -8436000, "incomeTaxExpense": -419000, "minorityInterest": {}, "netIncomeFromContinuingOps": -8017000, "discontinuedOperations": {}, "extraordinaryItems": {}, "effectOfAccountingCharges": {}, "otherItems": {}, "netIncome": -8017000, "netIncomeApplicableToCommonShares": -8017000}, {"maxAge": 1, "endDate": "2020-03-31", "totalRevenue": 352318502, "costOfRevenue": 245798627, "grossProfit": 106519875, "researchDevelopment": {}, "sellingGeneralAdministrative": 15498061, "nonRecurring": {}, "otherOperatingExpenses": 11066195, "totalOperatingExpenses": 274853852, "operatingIncome": 77464650, "totalOtherIncomeExpenseNet": -2846185, "ebit": 77464650, "interestExpense": -360185, "incomeBeforeTax": 74618465, "incomeTaxExpense": 18853957, "minorityInterest": {}, "netIncomeFromContinuingOps": 55764508, "discontinuedOperations": {}, "extraordinaryItems": {}, "effectOfAccountingCharges": {}, "otherItems": {}, "netIncome": 55764508, "netIncomeApplicableToCommonShares": 55764508}], "maxAge": 86400}, "cashflowStatementHistoryQuarterly": {"cashflowStatements": [{"maxAge": 1, "endDate": "2020-12-31", "netIncome": 53490000, "changeToLiabilities": 0}, {"maxAge": 1, "endDate": "2020-09-30", "netIncome": 19973000, "changeToLiabilities": 0}, {"maxAge": 1, "endDate": "2020-06-30", "netIncome": -8017000, "changeToLiabilities": 0}, {"maxAge": 1, "endDate": "2020-03-31", "netIncome": 55764508, "changeToLiabilities": 0}], "maxAge": 86400}, "earnings": {"maxAge": 86400, "earningsChart": {"quarterly": [], "currentQuarterEstimate": 1.84, "earningsDate": []}, "financialsChart": {"yearly": [{"date": 2017, "revenue": 995853233, "earnings": 134030145}, {"date": 2018, "revenue": 1409626951, "earnings": 213717953}, {"date": 2019, "revenue": 1680958735, "earnings": 310810156}, {"date": 2020, "revenue": 1733682502, "earnings": 287601508}], "quarterly": [{"date": "1Q2020", "revenue": 352318502, "earnings": 55764508}, {"date": "2Q2020", "revenue": 32556000, "earnings": -8017000}, {"date": "3Q2020", "revenue": 139143000, "earnings": 19973000}, {"date": "4Q2020", "revenue": 325483000, "earnings": 53490000}]}, "financialCurrency": "INR"}, "financialData": {"maxAge": 86400, "currentPrice": 138.45, "recommendationMean": 2.0, "recommendationKey": "buy", "totalCash": 58980000, "totalCashPerShare": 2.415, "ebitda": 172577216, "totalDebt": 886000, "totalRevenue": 849500480, "debtToEquity": 0.026, "revenuePerShare": 34.537, "grossProfits": 515927875, "earningsGrowth": -0.17, "revenueGrowth": -0.236, "grossMargins": 0.29299, "ebitdaMargins": 0.20315, "operatingMargins": 0.19285, "profitMargins": 0.14259, "financialCurrency": "INR"}}}