{"SREEL.BO": {"recommendationTrend": {"trend": [{"period": "0m", "strongBuy": 0, "buy": 0, "hold": 0, "sell": 0, "strongSell": 0}, {"period": "-1m", "strongBuy": 0, "buy": 0, "hold": 0, "sell": 0, "strongSell": 0}, {"period": "-2m", "strongBuy": 0, "buy": 0, "hold": 0, "sell": 0, "strongSell": 0}, {"period": "-3m", "strongBuy": 0, "buy": 0, "hold": 0, "sell": 0, "strongSell": 0}], "maxAge": 86400}, "cashflowStatementHistory": {"cashflowStatements": [{"maxAge": 1, "endDate": "2017-03-31", "netIncome": 134030145, "depreciation": 12460176, "changeToNetincome": -12647704, "changeToAccountReceivables": -7003262, "changeToLiabilities": 13251921, "changeToInventory": -12448771, "changeToOperatingActivities": 14215219, "totalCashFromOperatingActivities": 141857721, "capitalExpenditures": -984321, "investments": -166692084, "otherCashflowsFromInvestingActivities": 6582236, "totalCashflowsFromInvestingActivities": -161094169, "otherCashflowsFromFinancingActivities": -2769971, "totalCashFromFinancingActivities": -2769971, "changeInCash": -22006414}, {"maxAge": 1, "endDate": "2016-03-31", "netIncome": 112996388, "depreciation": 12358312, "changeToNetincome": -30008392, "changeToAccountReceivables": 4494582, "changeToLiabilities": 15016818, "changeToInventory": -16436506, "changeToOperatingActivities": -12535109, "totalCashFromOperatingActivities": 85894297, "capitalExpenditures": -82205, "investments": -80337262, "otherCashflowsFromInvestingActivities": 16620498, "totalCashflowsFromInvestingActivities": -63798969, "netBorrowings": -44396, "otherCashflowsFromFinancingActivities": -2663421, "totalCashFromFinancingActivities": -2707817, "changeInCash": 19387512}, {"maxAge": 1, "endDate": "2015-03-31", "netIncome": 84433610, "depreciation": 11263502, "changeToNetincome": -10538915, "changeToAccountReceivables": 17294888, "changeToLiabilities": -9532970, "changeToInventory": -22052959, "changeToOperatingActivities": -83073446, "totalCashFromOperatingActivities": -12198087, "capitalExpenditures": -737718, "investments": 26511522, "otherCashflowsFromInvestingActivities": 6702277, "totalCashflowsFromInvestingActivities": 32476081, "dividendsPaid": -6288753, "netBorrowings": -47223, "otherCashflowsFromFinancingActivities": -14676121, "totalCashFromFinancingActivities": -21012097, "changeInCash": -734103}, {"maxAge": 1, "endDate": "2014-03-31", "netIncome": 70806428, "depreciation": 8981946, "changeToNetincome": -5426370, "changeToAccountReceivables": 5186367, "changeToLiabilities": 885695, "changeToInventory": -1285310, "changeToOperatingActivities": 118195566, "totalCashFromOperatingActivities": 197352525, "capitalExpenditures": -6735906, "investments": -181798684, "otherCashflowsFromInvestingActivities": 6667167, "totalCashflowsFromInvestingActivities": -181867423, "dividendsPaid": -6288753, "netBorrowings": -45876, "otherCashflowsFromFinancingActivities": -9407078, "totalCashFromFinancingActivities": -15741707, "changeInCash": -256604}], "maxAge": 86400}, "balanceSheetHistoryQuarterly": {"balanceSheetStatements": [{"maxAge": 1, "endDate": "2017-12-31", "totalStockholderEquity": 2500862000, "netTangibleAssets": 2500862000}, {"maxAge": 1, "endDate": "2017-09-30", "cash": 71447000, "shortTermInvestments": 911533000, "netReceivables": 134468000, "inventory": 101085000, "otherCurrentAssets": 2056000, "totalCurrentAssets": 1220589000, "longTermInvestments": 1573000, "propertyPlantEquipment": 1575427000, "otherAssets": 13864000, "deferredLongTermAssetCharges": 10246000, "totalAssets": 2811453000, "accountsPayable": 130711000, "otherCurrentLiab": 164574000, "otherLiab": 15306000, "totalCurrentLiabilities": 295285000, "totalLiab": 310591000, "commonStock": 251550000, "treasuryStock": 2249312000, "otherStockholderEquity": 2249312000, "totalStockholderEquity": 2500862000, "netTangibleAssets": 2500862000}, {"maxAge": 1, "endDate": "2017-06-30", "shortLongTermDebt": 27720435, "totalStockholderEquity": 2205604530, "netTangibleAssets": 2193413848}, {"maxAge": 1, "endDate": "2017-03-31", "cash": 57507937, "shortTermInvestments": 550387153, "netReceivables": 10022030, "inventory": 95295744, "otherCurrentAssets": 74697174, "totalCurrentAssets": 787910038, "longTermInvestments": 900000, "propertyPlantEquipment": 1568799523, "goodWill": 12190682, "otherAssets": 12889952, "deferredLongTermAssetCharges": 9287557, "totalAssets": 2382690195, "accountsPayable": 47028438, "shortLongTermDebt": 27720435, "otherCurrentLiab": 80435176, "otherLiab": 15306380, "deferredLongTermLiab": 107555, "totalCurrentLiabilities": 161779292, "totalLiab": 177085672, "commonStock": 251550120, "retainedEarnings": 546311865, "capitalSurplus": 1407742545, "totalStockholderEquity": 2205604530, "netTangibleAssets": 2193413848}], "maxAge": 86400}, "earningsHistory": {"history": [{"maxAge": 1, "epsActual": {}, "epsEstimate": {}, "epsDifference": {}, "surprisePercent": {}, "quarter": {}, "period": "-4q"}, {"maxAge": 1, "epsActual": {}, "epsEstimate": {}, "epsDifference": {}, "surprisePercent": {}, "quarter": {}, "period": "-3q"}, {"maxAge": 1, "epsActual": {}, "epsEstimate": {}, "epsDifference": {}, "surprisePercent": {}, "quarter": {}, "period": "-2q"}, {"maxAge": 1, "epsActual": 1.95, "epsEstimate": 1.84, "epsDifference": 0.11, "surprisePercent": 0.06, "quarter": "2017-12-31", "period": "-1q"}], "maxAge": 86400}, "indexTrend": {"maxAge": 1, "symbol": "SP5", "peRatio": 19.7411, "pegRatio": 1.34172, "estimates": [{"period": "0q", "growth": 0.549}, {"period": "+1q", "growth": 0.431}, {"period": "0y", "growth": 0.305}, {"period": "+1y", "growth": 0.109}, {"period": "+5y", "growth": 0.120865}, {"period": "-5y"}]}, "industryTrend": {"maxAge": 1, "symbol": null, "estimates": []}, "quoteType": {"exchange": "BSE", "quoteType": "EQUITY", "symbol": "SREEL.BO", "underlyingSymbol": "SREEL.BO", "shortName": "SREELEATHERS LTD.", "longName": null, "firstTradeDateEpochUtc": null, "timeZoneFullName": "Asia/Kolkata", "timeZoneShortName": "IST", "uuid": "59e4e7aa-5a30-3a76-aeee-dddebc272f2d", "gmtOffSetMilliseconds": 19800000, "maxAge": 1}, "incomeStatementHistory": {"incomeStatementHistory": [{"maxAge": 1, "endDate": "2017-03-31", "totalRevenue": 995853233, "costOfRevenue": 701359263, "grossProfit": 294493970, "researchDevelopment": {}, "sellingGeneralAdministrative": 60311158, "nonRecurring": {}, "otherOperatingExpenses": 27804046, "totalOperatingExpenses": 801934643, "operatingIncome": 193918590, "totalOtherIncomeExpenseNet": 11472389, "ebit": 193918590, "interestExpense": -2600777, "incomeBeforeTax": 205390979, "incomeTaxExpense": 71360834, "minorityInterest": {}, "netIncomeFromContinuingOps": 134030145, "discontinuedOperations": {}, "extraordinaryItems": {}, "effectOfAccountingCharges": {}, "otherItems": {}, "netIncome": 134030145, "netIncomeApplicableToCommonShares": 134030145}, {"maxAge": 1, "endDate": "2016-03-31", "totalRevenue": 797330755, "costOfRevenue": 571823246, "grossProfit": 225507509, "researchDevelopment": {}, "sellingGeneralAdministrative": 44464612, "nonRecurring": {}, "otherOperatingExpenses": 22772778, "totalOperatingExpenses": 651427154, "operatingIncome": 145903601, "totalOtherIncomeExpenseNet": 28355144, "ebit": 145903601, "interestExpense": -3011554, "incomeBeforeTax": 174258745, "incomeTaxExpense": 61262357, "minorityInterest": {}, "netIncomeFromContinuingOps": 112996388, "discontinuedOperations": {}, "extraordinaryItems": {}, "effectOfAccountingCharges": {}, "otherItems": {}, "netIncome": 112996388, "netIncomeApplicableToCommonShares": 112996388}, {"maxAge": 1, "endDate": "2015-03-31", "totalRevenue": 667622845, "costOfRevenue": 475769659, "grossProfit": 191853186, "researchDevelopment": {}, "sellingGeneralAdministrative": 43187472, "nonRecurring": {}, "otherOperatingExpenses": 21126004, "totalOperatingExpenses": 551354843, "operatingIncome": 116268002, "totalOtherIncomeExpenseNet": 8398574, "ebit": 116268002, "interestExpense": -13895964, "incomeBeforeTax": 124666576, "incomeTaxExpense": 40232966, "minorityInterest": {}, "netIncomeFromContinuingOps": 84433610, "discontinuedOperations": {}, "extraordinaryItems": {}, "effectOfAccountingCharges": {}, "otherItems": {}, "netIncome": 84433610, "netIncomeApplicableToCommonShares": 84433610}, {"maxAge": 1, "endDate": "2014-03-31", "totalRevenue": 569930334, "costOfRevenue": 409218364, "grossProfit": 160711970, "researchDevelopment": {}, "sellingGeneralAdministrative": 47476654, "nonRecurring": {}, "otherOperatingExpenses": 1790686, "totalOperatingExpenses": 467475855, "operatingIncome": 102454479, "totalOtherIncomeExpenseNet": 2502135, "ebit": 102454479, "interestExpense": -8747073, "incomeBeforeTax": 104956614, "incomeTaxExpense": 34150186, "minorityInterest": {}, "netIncomeFromContinuingOps": 70806428, "discontinuedOperations": {}, "extraordinaryItems": {}, "effectOfAccountingCharges": {}, "otherItems": {}, "netIncome": 70806428, "netIncomeApplicableToCommonShares": 70806428}], "maxAge": 86400}, "summaryDetail": {"maxAge": 1, "priceHint": 2, "previousClose": 138.5, "open": 136.1, "dayLow": 133.5, "dayHigh": 140.5, "regularMarketPreviousClose": 138.5, "regularMarketOpen": 136.1, "regularMarketDayLow": 133.5, "regularMarketDayHigh": 140.5, "forwardPE": 13.709038, "volume": 439, "regularMarketVolume": 439, "bid": 138.55, "ask": 139.2, "bidSize": 0, "askSize": 0, "fiftyTwoWeekLow": 133.5, "fiftyTwoWeekHigh": 140.5, "currency": "INR", "fromCurrency": null, "lastMarket": null, "algorithm": null, "tradeable": false}, "sectorTrend": {"maxAge": 1, "symbol": null, "estimates": []}, "incomeStatementHistoryQuarterly": {"incomeStatementHistory": [{"maxAge": 1, "endDate": "2017-12-31", "totalRevenue": 324979000, "costOfRevenue": 239066000, "grossProfit": 85913000, "researchDevelopment": {}, "sellingGeneralAdministrative": 7686000, "nonRecurring": {}, "otherOperatingExpenses": 14763000, "totalOperatingExpenses": 264685000, "operatingIncome": 60294000, "totalOtherIncomeExpenseNet": 13591000, "ebit": 60294000, "interestExpense": -337000, "incomeBeforeTax": 73885000, "incomeTaxExpense": 24761000, "minorityInterest": {}, "netIncomeFromContinuingOps": 49124000, "discontinuedOperations": {}, "extraordinaryItems": {}, "effectOfAccountingCharges": {}, "otherItems": {}, "netIncome": 49124000, "netIncomeApplicableToCommonShares": 49124000}, {"maxAge": 1, "endDate": "2017-09-30", "totalRevenue": 432646000, "costOfRevenue": 305430000, "grossProfit": 127216000, "researchDevelopment": {}, "sellingGeneralAdministrative": 19478000, "nonRecurring": {}, "otherOperatingExpenses": 9347000, "totalOperatingExpenses": 337398000, "operatingIncome": 95248000, "totalOtherIncomeExpenseNet": 1595000, "ebit": 95248000, "interestExpense": -290000, "incomeBeforeTax": 96843000, "incomeTaxExpense": 32756000, "minorityInterest": {}, "netIncomeFromContinuingOps": 64087000, "discontinuedOperations": {}, "extraordinaryItems": {}, "effectOfAccountingCharges": {}, "otherItems": {}, "netIncome": 64087000, "netIncomeApplicableToCommonShares": 64087000}, {"maxAge": 1, "endDate": "2017-06-30", "totalRevenue": 316343000, "costOfRevenue": 225919000, "grossProfit": 90424000, "researchDevelopment": {}, "sellingGeneralAdministrative": 7706000, "nonRecurring": {}, "otherOperatingExpenses": 13563000, "totalOperatingExpenses": 250322000, "operatingIncome": 66021000, "totalOtherIncomeExpenseNet": 597000, "ebit": 66021000, "interestExpense": -504000, "incomeBeforeTax": 66618000, "incomeTaxExpense": 23568000, "minorityInterest": {}, "netIncomeFromContinuingOps": 43050000, "discontinuedOperations": {}, "extraordinaryItems": {}, "effectOfAccountingCharges": {}, "otherItems": {}, "netIncome": 43050000, "netIncomeApplicableToCommonShares": 43050000}, {"maxAge": 1, "endDate": "2017-03-31", "totalRevenue": 264097233, "costOfRevenue": 187273263, "grossProfit": 76823970, "researchDevelopment": {}, "sellingGeneralAdministrative": 13664158, "nonRecurring": {}, "otherOperatingExpenses": 3731046, "totalOperatingExpenses": 207805643, "operatingIncome": 56291590, "totalOtherIncomeExpenseNet": 787389, "ebit": 56291590, "interestExpense": -826777, "incomeBeforeTax": 57078979, "incomeTaxExpense": 18947834, "minorityInterest": {}, "netIncomeFromContinuingOps": 38131145, "discontinuedOperations": {}, "extraordinaryItems": {}, "effectOfAccountingCharges": {}, "otherItems": {}, "netIncome": 38131145, "netIncomeApplicableToCommonShares": 38131145}], "maxAge": 86400}, "cashflowStatementHistoryQuarterly": {"cashflowStatements": [{"maxAge": 1, "endDate": "2017-12-31", "netIncome": 49124000, "changeToLiabilities": 0}, {"maxAge": 1, "endDate": "2017-09-30", "netIncome": 64087000, "changeToLiabilities": 0}, {"maxAge": 1, "endDate": "2017-06-30", "netIncome": 43050000, "changeToLiabilities": 0}, {"maxAge": 1, "endDate": "2017-03-31", "netIncome": 38131145, "changeToLiabilities": 0}], "maxAge": 86400}, "insiderHolders": {"holders": [], "maxAge": 1}, "earnings": {"maxAge": 86400, "earningsChart": {"quarterly": [{"date": "4Q2017", "actual": 1.95, "estimate": 1.84}], "currentQuarterEstimate": 2.02, "currentQuarterEstimateDate": "1Q", "currentQuarterEstimateYear": 2018, "earningsDate": []}, "financialsChart": {"yearly": [{"date": 2014, "revenue": 569930334, "earnings": 70806428}, {"date": 2015, "revenue": 667622845, "earnings": 84433610}, {"date": 2016, "revenue": 797330755, "earnings": 112996388}, {"date": 2017, "revenue": 995853233, "earnings": 134030145}], "quarterly": [{"date": "1Q2017", "revenue": 264097233, "earnings": 38131145}, {"date": "2Q2017", "revenue": 316343000, "earnings": 43050000}, {"date": "3Q2017", "revenue": 432646000, "earnings": 64087000}, {"date": "4Q2017", "revenue": 324979000, "earnings": 49124000}]}}, "calendarEvents": {"maxAge": 1, "earnings": {"earningsDate": [], "earningsAverage": 2.02, "earningsLow": 2.02, "earningsHigh": 2.02, "revenueAverage": 357480000, "revenueLow": 357480000, "revenueHigh": 357480000}}, "price": {"maxAge": 1, "regularMarketChangePercent": -0.0032490755, "regularMarketChange": -0.44999695, "regularMarketTime": "2021-04-30 15:23:45", "priceHint": 2, "regularMarketPrice": 138.05, "regularMarketDayHigh": 140.5, "regularMarketDayLow": 133.5, "regularMarketVolume": 439, "regularMarketPreviousClose": 138.5, "regularMarketSource": "FREE_REALTIME", "regularMarketOpen": 136.1, "exchange": "BSE", "exchangeName": "BSE", "exchangeDataDelayedBy": 0, "marketState": "CLOSED", "quoteType": "EQUITY", "symbol": "SREEL.BO", "underlyingSymbol": null, "shortName": "SREELEATHERS LTD.", "longName": null, "currency": "INR", "quoteSourceName": "Delayed Quote", "currencySymbol": "\u20b9", "fromCurrency": null, "lastMarket": null}, "balanceSheetHistory": {"balanceSheetStatements": [{"maxAge": 1, "endDate": "2017-03-31", "cash": 57507937, "shortTermInvestments": 550387153, "netReceivables": 10022030, "inventory": 95295744, "otherCurrentAssets": 74697174, "totalCurrentAssets": 787910038, "longTermInvestments": 900000, "propertyPlantEquipment": 1568799523, "goodWill": 12190682, "otherAssets": 12889952, "deferredLongTermAssetCharges": 9287557, "totalAssets": 2382690195, "accountsPayable": 47028438, "shortLongTermDebt": 27720435, "otherCurrentLiab": 80435176, "otherLiab": 15306380, "deferredLongTermLiab": 107555, "totalCurrentLiabilities": 161779292, "totalLiab": 177085672, "commonStock": 251550120, "retainedEarnings": 546311865, "capitalSurplus": 1407742545, "totalStockholderEquity": 2205604530, "netTangibleAssets": 2193413848}, {"maxAge": 1, "endDate": "2016-03-31", "cash": 180649530, "shortTermInvestments": 275394950, "netReceivables": 11354298, "inventory": 82846973, "otherCurrentAssets": 63559391, "totalCurrentAssets": 613805142, "longTermInvestments": 900000, "propertyPlantEquipment": 1580275378, "goodWill": 12190682, "otherAssets": 11523154, "deferredLongTermAssetCharges": 7592273, "totalAssets": 2218694356, "accountsPayable": 33776516, "shortLongTermDebt": 27705894, "otherCurrentLiab": 63822016, "otherLiab": 15309908, "deferredLongTermLiab": 115760, "totalCurrentLiabilities": 131810065, "totalLiab": 147119973, "commonStock": 251550120, "retainedEarnings": 412281722, "capitalSurplus": 1407742545, "totalStockholderEquity": 2071574387, "netTangibleAssets": 2059383705}, {"maxAge": 1, "endDate": "2015-03-31", "cash": 53993465, "shortTermInvestments": 287752849, "netReceivables": 6965754, "inventory": 66410466, "otherCurrentAssets": 37274110, "totalCurrentAssets": 452396644, "longTermInvestments": 900000, "propertyPlantEquipment": 1592559691, "goodWill": 12190682, "otherAssets": 10036151, "deferredLongTermAssetCharges": 6110822, "totalAssets": 2068083168, "accountsPayable": 18759697, "shortLongTermDebt": 28352305, "otherCurrentLiab": 43532831, "longTermDebt": 44396, "otherLiab": 15306380, "deferredLongTermLiab": 123965, "totalCurrentLiabilities": 94154399, "totalLiab": 109505175, "commonStock": 251550120, "retainedEarnings": 299285335, "capitalSurplus": 1407742545, "totalStockholderEquity": 1958578000, "netTangibleAssets": 1946387318}, {"maxAge": 1, "endDate": "2014-03-31", "cash": 54308058, "shortTermInvestments": 298675085, "netReceivables": 26160780, "inventory": 44357507, "otherCurrentAssets": 32964829, "totalCurrentAssets": 456466259, "longTermInvestments": 1145000, "propertyPlantEquipment": 1603098127, "goodWill": 12190682, "otherAssets": 8339861, "deferredLongTermAssetCharges": 4430633, "totalAssets": 2081239929, "accountsPayable": 28292667, "shortLongTermDebt": 114929820, "otherCurrentLiab": 44373209, "longTermDebt": 91619, "otherLiab": 15306380, "deferredLongTermLiab": 132170, "totalCurrentLiabilities": 191693100, "totalLiab": 207091099, "commonStock": 251550120, "retainedEarnings": 214856173, "capitalSurplus": 1407742545, "totalStockholderEquity": 1874148838, "netTangibleAssets": 1861958156}], "maxAge": 86400}, "earningsTrend": {"trend": [{"maxAge": 1, "period": "0q", "endDate": "2018-03-31", "growth": {}, "earningsEstimate": {"avg": 2.02, "low": 2.02, "high": 2.02, "yearAgoEps": {}, "numberOfAnalysts": 1, "growth": {}}, "revenueEstimate": {"avg": 357480000, "low": 357480000, "high": 357480000, "numberOfAnalysts": 1, "yearAgoRevenue": {}, "growth": {}}, "epsTrend": {"current": 2.02, "7daysAgo": 0.0, "30daysAgo": 0.0, "60daysAgo": 0.0, "90daysAgo": 0.0}, "epsRevisions": {"upLast7days": 0, "upLast30days": 0, "downLast30days": 0, "downLast90days": {}}}, {"maxAge": 1, "period": "+1q", "endDate": "2018-06-30", "growth": {}, "earningsEstimate": {"avg": 0.0, "low": 0.0, "high": 0.0, "yearAgoEps": {}, "numberOfAnalysts": 0, "growth": {}}, "revenueEstimate": {"avg": 0, "low": 0, "high": 0, "numberOfAnalysts": 0, "yearAgoRevenue": {}, "growth": {}}, "epsTrend": {"current": 0.0, "7daysAgo": 0.0, "30daysAgo": 0.0, "60daysAgo": 0.0, "90daysAgo": 0.0}, "epsRevisions": {"upLast7days": 0, "upLast30days": 0, "downLast30days": 0, "downLast90days": {}}}, {"maxAge": 1, "period": "0y", "endDate": "2018-03-31", "growth": {}, "earningsEstimate": {"avg": 8.23, "low": 8.23, "high": 8.23, "yearAgoEps": {}, "numberOfAnalysts": 1, "growth": {}}, "revenueEstimate": {"avg": 1431440000, "low": 1431440000, "high": 1431440000, "numberOfAnalysts": 1, "yearAgoRevenue": {}, "growth": {}}, "epsTrend": {"current": 8.23, "7daysAgo": 7.78, "30daysAgo": 7.78, "60daysAgo": 7.78, "90daysAgo": 0.0}, "epsRevisions": {"upLast7days": 1, "upLast30days": 1, "downLast30days": 0, "downLast90days": {}}}, {"maxAge": 1, "period": "+1y", "endDate": "2019-03-31", "growth": 0.22399999, "earningsEstimate": {"avg": 10.07, "low": 10.07, "high": 10.07, "yearAgoEps": 8.23, "numberOfAnalysts": 1, "growth": 0.22399999}, "revenueEstimate": {"avg": 1769270000, "low": 1769270000, "high": 1769270000, "numberOfAnalysts": 1, "yearAgoRevenue": 1431440000, "growth": 0.236}, "epsTrend": {"current": 10.07, "7daysAgo": 9.58, "30daysAgo": 9.58, "60daysAgo": 9.58, "90daysAgo": 0.0}, "epsRevisions": {"upLast7days": 1, "upLast30days": 1, "downLast30days": 0, "downLast90days": {}}}, {"maxAge": 1, "period": "+5y", "endDate": null, "growth": {}, "earningsEstimate": {"avg": {}, "low": {}, "high": {}, "yearAgoEps": {}, "numberOfAnalysts": {}, "growth": {}}, "revenueEstimate": {"avg": {}, "low": {}, "high": {}, "numberOfAnalysts": {}, "yearAgoRevenue": {}, "growth": {}}, "epsTrend": {"current": {}, "7daysAgo": {}, "30daysAgo": {}, "60daysAgo": {}, "90daysAgo": {}}, "epsRevisions": {"upLast7days": {}, "upLast30days": {}, "downLast30days": {}, "downLast90days": {}}}, {"maxAge": 1, "period": "-5y", "endDate": null, "growth": {}, "earningsEstimate": {"avg": {}, "low": {}, "high": {}, "yearAgoEps": {}, "numberOfAnalysts": {}, "growth": {}}, "revenueEstimate": {"avg": {}, "low": {}, "high": {}, "numberOfAnalysts": {}, "yearAgoRevenue": {}, "growth": {}}, "epsTrend": {"current": {}, "7daysAgo": {}, "30daysAgo": {}, "60daysAgo": {}, "90daysAgo": {}}, "epsRevisions": {"upLast7days": {}, "upLast30days": {}, "downLast30days": {}, "downLast90days": {}}}], "maxAge": 1}, "financialData": {"maxAge": 86400, "currentPrice": 138.05, "recommendationMean": 2.0, "recommendationKey": "buy", "grossProfits": 294493970, "financialCurrency": null}}}