{"SRESTHA.BO": {"cashflowStatementHistory": {"cashflowStatements": [{"maxAge": 1, "endDate": "2020-03-31", "netIncome": -2513248, "depreciation": 68458, "changeToNetincome": -5098100, "changeToLiabilities": 0, "changeToOperatingActivities": -10210016, "totalCashFromOperatingActivities": -17752906, "capitalExpenditures": -8000, "investments": 3665933, "totalCashflowsFromInvestingActivities": 3657933, "changeInCash": -14094974}, {"maxAge": 1, "endDate": "2019-03-31", "netIncome": -4245014, "depreciation": 106147, "changeToNetincome": 392044, "changeToLiabilities": 0, "changeToOperatingActivities": 24333646, "totalCashFromOperatingActivities": 20586823, "capitalExpenditures": -8000, "investments": -6885740, "totalCashflowsFromInvestingActivities": -6885740, "changeInCash": 13701083}, {"maxAge": 1, "endDate": "2018-03-31", "netIncome": 3218695, "depreciation": 164162, "changeToNetincome": 392044, "changeToLiabilities": 0, "changeToOperatingActivities": 3031136, "totalCashFromOperatingActivities": 6413993, "capitalExpenditures": -68850, "investments": -6885740, "totalCashflowsFromInvestingActivities": -68850, "changeInCash": 6345143}, {"maxAge": 1, "endDate": "2017-03-31", "netIncome": 678936, "depreciation": 145415, "changeToNetincome": 392044, "changeToLiabilities": 0, "changeToOperatingActivities": -122929684, "totalCashFromOperatingActivities": -122105333, "capitalExpenditures": -285760, "investments": -6885740, "totalCashflowsFromInvestingActivities": -285760, "totalCashFromFinancingActivities": 125000000, "changeInCash": 2608907, "issuanceOfStock": 125000000}], "maxAge": 86400}, "institutionOwnership": {"ownershipList": [], "maxAge": 1}, "balanceSheetHistoryQuarterly": {"balanceSheetStatements": [{"maxAge": 1, "endDate": "2020-06-30", "totalStockholderEquity": 169579000, "netTangibleAssets": 169579000}, {"maxAge": 1, "endDate": "2020-03-31", "cash": 14029780, "netReceivables": 451280075, "otherCurrentAssets": 1227919, "totalCurrentAssets": 469757581, "propertyPlantEquipment": 95108, "otherAssets": 136147, "deferredLongTermAssetCharges": 79897, "totalAssets": 469988836, "otherCurrentLiab": 2429227, "longTermDebt": 295111041, "otherLiab": 2869138, "deferredLongTermLiab": 56250, "totalCurrentLiabilities": 2429227, "totalLiab": 300409406, "commonStock": 165000000, "retainedEarnings": 261218, "treasuryStock": -5681788, "capitalSurplus": 10000000, "otherStockholderEquity": -5681788, "totalStockholderEquity": 169579430, "netTangibleAssets": 169579430}, {"maxAge": 1, "endDate": "2019-12-31", "totalStockholderEquity": 180999000, "netTangibleAssets": 180999000}, {"maxAge": 1, "endDate": "2019-09-30", "cash": 4360000, "netReceivables": 382349000, "totalCurrentAssets": 386709000, "longTermInvestments": 31663000, "propertyPlantEquipment": 122000, "otherAssets": 927000, "deferredLongTermAssetCharges": 74000, "totalAssets": 419421000, "otherCurrentLiab": 5000, "longTermDebt": 224139000, "otherLiab": 14278000, "totalCurrentLiabilities": 5000, "totalLiab": 238422000, "commonStock": 165000000, "treasuryStock": 15999000, "otherStockholderEquity": 15999000, "totalStockholderEquity": 180999000, "netTangibleAssets": 180999000}], "maxAge": 86400}, "indexTrend": {"maxAge": 1, "symbol": "SP5", "peRatio": 19.7411, "pegRatio": 1.34172, "estimates": [{"period": "0q", "growth": 0.549}, {"period": "+1q", "growth": 0.431}, {"period": "0y", "growth": 0.305}, {"period": "+1y", "growth": 0.109}, {"period": "+5y", "growth": 0.120859005}, {"period": "-5y"}]}, "insiderTransactions": {"transactions": [{"maxAge": 1, "shares": 3083417, "filerUrl": "", "transactionText": "", "filerName": "Bafna (Vinay)", "filerRelation": "Promoter", "moneyText": "", "startDate": "2020-10-08", "ownership": "D"}, {"maxAge": 1, "shares": 3083417, "filerUrl": "", "transactionText": "", "filerName": "Bai (Yeswanti M)", "filerRelation": "Promoter", "moneyText": "", "startDate": "2020-10-08", "ownership": "D"}, {"maxAge": 1, "shares": 1924087, "filerUrl": "", "transactionText": "", "filerName": "Kumari (Anju)", "filerRelation": "Promoter", "moneyText": "", "startDate": "2020-10-08", "ownership": "D"}, {"maxAge": 1, "shares": 6277150, "filerUrl": "", "transactionText": "", "filerName": "Bafna (Jyothi)", "filerRelation": "UNREPORTED", "moneyText": "", "startDate": "2020-08-14", "ownership": "D"}, {"maxAge": 1, "shares": 4500000, "filerUrl": "", "transactionText": "", "filerName": "Kanuga (Deepak) HUF", "filerRelation": "Promoter", "moneyText": "", "startDate": "2019-12-20", "ownership": "D"}, {"maxAge": 1, "shares": 6500000, "filerUrl": "", "transactionText": "", "filerName": "Kanuga (Deepak) HUF", "filerRelation": "Promoter", "moneyText": "", "startDate": "2019-12-12", "ownership": "D"}], "maxAge": 1}, "quoteType": {"exchange": "BSE", "quoteType": "EQUITY", "symbol": "SRESTHA.BO", "underlyingSymbol": "SRESTHA.BO", "shortName": "Srestha Finvest Limited", "longName": "Srestha Finvest Limited", "firstTradeDateEpochUtc": "2015-07-17 09:15:00", "timeZoneFullName": "Asia/Kolkata", "timeZoneShortName": "IST", "uuid": "1b659a82-50f5-3ba3-82ff-70379fc7e117", "gmtOffSetMilliseconds": 19800000, "maxAge": 1}, "incomeStatementHistory": {"incomeStatementHistory": [{"maxAge": 1, "endDate": "2020-03-31", "totalRevenue": 17421070, "costOfRevenue": 73608, "grossProfit": 17347462, "researchDevelopment": {}, "sellingGeneralAdministrative": 5469021, "nonRecurring": {}, "otherOperatingExpenses": 13891956, "totalOperatingExpenses": 19503043, "operatingIncome": -2081973, "totalOtherIncomeExpenseNet": 606106, "ebit": 0, "interestExpense": {}, "incomeBeforeTax": -1475867, "incomeTaxExpense": 1037381, "minorityInterest": {}, "netIncomeFromContinuingOps": -2513248, "discontinuedOperations": {}, "extraordinaryItems": {}, "effectOfAccountingCharges": {}, "otherItems": {}, "netIncome": -2513248, "netIncomeApplicableToCommonShares": -2513248}, {"maxAge": 1, "endDate": "2019-03-31", "totalRevenue": 21101678, "costOfRevenue": 85640, "grossProfit": 21016038, "researchDevelopment": {}, "sellingGeneralAdministrative": 5354627, "nonRecurring": {}, "otherOperatingExpenses": 19806107, "totalOperatingExpenses": 25352521, "operatingIncome": -4250843, "totalOtherIncomeExpenseNet": 0, "ebit": 0, "interestExpense": {}, "incomeBeforeTax": -4250843, "incomeTaxExpense": -5829, "minorityInterest": {}, "netIncomeFromContinuingOps": -4245014, "discontinuedOperations": {}, "extraordinaryItems": {}, "effectOfAccountingCharges": {}, "otherItems": {}, "netIncome": -4245014, "netIncomeApplicableToCommonShares": -4245014}, {"maxAge": 1, "endDate": "2018-03-31", "totalRevenue": 19653550, "costOfRevenue": 58320, "grossProfit": 19595230, "researchDevelopment": {}, "sellingGeneralAdministrative": 5153025, "nonRecurring": {}, "otherOperatingExpenses": 9509283, "totalOperatingExpenses": 14884790, "operatingIncome": 4768760, "totalOtherIncomeExpenseNet": 0, "ebit": 0, "interestExpense": {}, "incomeBeforeTax": 4768760, "incomeTaxExpense": 1550065, "minorityInterest": {}, "netIncomeFromContinuingOps": 3218695, "discontinuedOperations": {}, "extraordinaryItems": {}, "effectOfAccountingCharges": {}, "otherItems": {}, "netIncome": 3218695, "netIncomeApplicableToCommonShares": 3218695}, {"maxAge": 1, "endDate": "2017-03-31", "totalRevenue": 13419835, "costOfRevenue": 85606, "grossProfit": 13334229, "researchDevelopment": {}, "sellingGeneralAdministrative": 2335055, "nonRecurring": {}, "otherOperatingExpenses": 9978721, "totalOperatingExpenses": 12544797, "operatingIncome": 875038, "totalOtherIncomeExpenseNet": 107639, "ebit": 0, "interestExpense": {}, "incomeBeforeTax": 982677, "incomeTaxExpense": 303741, "minorityInterest": {}, "netIncomeFromContinuingOps": 678936, "discontinuedOperations": {}, "extraordinaryItems": {}, "effectOfAccountingCharges": {}, "otherItems": {}, "netIncome": 678936, "netIncomeApplicableToCommonShares": 678936}], "maxAge": 86400}, "fundOwnership": {"ownershipList": [], "maxAge": 1}, "summaryDetail": {"maxAge": 1, "priceHint": 4, "previousClose": 1.69, "open": 1.7, "dayLow": 1.69, "dayHigh": 1.7, "regularMarketPreviousClose": 1.69, "regularMarketOpen": 1.7, "regularMarketDayLow": 1.69, "regularMarketDayHigh": 1.7, "trailingPE": "Infinity", "volume": 851, "regularMarketVolume": 851, "averageVolume": 149, "averageVolume10days": 0, "averageDailyVolume10Day": 0, "bid": 0.0, "ask": 1.69, "bidSize": 0, "askSize": 0, "marketCap": 139425008, "fiftyTwoWeekLow": 1.69, "fiftyTwoWeekHigh": 7.87, "fiftyDayAverage": 2.3136363, "twoHundredDayAverage": 3.7107353, "currency": "INR", "fromCurrency": null, "lastMarket": null, "algorithm": null, "tradeable": false}, "incomeStatementHistoryQuarterly": {"incomeStatementHistory": [{"maxAge": 1, "endDate": "2020-06-30", "totalRevenue": 4679000, "costOfRevenue": 0, "grossProfit": 4679000, "researchDevelopment": {}, "sellingGeneralAdministrative": 1081000, "nonRecurring": {}, "otherOperatingExpenses": 811000, "totalOperatingExpenses": 1907000, "operatingIncome": 2772000, "totalOtherIncomeExpenseNet": 31000, "ebit": 0, "interestExpense": {}, "incomeBeforeTax": 2803000, "incomeTaxExpense": 0, "minorityInterest": {}, "netIncomeFromContinuingOps": 2803000, "discontinuedOperations": {}, "extraordinaryItems": {}, "effectOfAccountingCharges": {}, "otherItems": {}, "netIncome": 2803000, "netIncomeApplicableToCommonShares": 2803000}, {"maxAge": 1, "endDate": "2020-03-31", "totalRevenue": 5200070, "costOfRevenue": 73608, "grossProfit": 5126462, "researchDevelopment": {}, "sellingGeneralAdministrative": 2078021, "nonRecurring": {}, "otherOperatingExpenses": 11256956, "totalOperatingExpenses": 13426043, "operatingIncome": -8225973, "totalOtherIncomeExpenseNet": 606106, "ebit": 0, "interestExpense": {}, "incomeBeforeTax": -7619867, "incomeTaxExpense": 1037381, "minorityInterest": {}, "netIncomeFromContinuingOps": -8657248, "discontinuedOperations": {}, "extraordinaryItems": {}, "effectOfAccountingCharges": {}, "otherItems": {}, "netIncome": -8657248, "netIncomeApplicableToCommonShares": -8657248}, {"maxAge": 1, "endDate": "2019-12-31", "totalRevenue": 5866000, "costOfRevenue": 0, "grossProfit": 5866000, "researchDevelopment": {}, "sellingGeneralAdministrative": 1175000, "nonRecurring": {}, "otherOperatingExpenses": 1322000, "totalOperatingExpenses": 2514000, "operatingIncome": 3352000, "totalOtherIncomeExpenseNet": 0, "ebit": 0, "interestExpense": {}, "incomeBeforeTax": 3352000, "incomeTaxExpense": 0, "minorityInterest": {}, "netIncomeFromContinuingOps": 3352000, "discontinuedOperations": {}, "extraordinaryItems": {}, "effectOfAccountingCharges": {}, "otherItems": {}, "netIncome": 3352000, "netIncomeApplicableToCommonShares": 3352000}, {"maxAge": 1, "endDate": "2019-09-30", "totalRevenue": 4032000, "costOfRevenue": 0, "grossProfit": 4032000, "researchDevelopment": {}, "sellingGeneralAdministrative": 1118000, "nonRecurring": {}, "otherOperatingExpenses": 458000, "totalOperatingExpenses": 1593000, "operatingIncome": 2439000, "totalOtherIncomeExpenseNet": 0, "ebit": 0, "interestExpense": {}, "incomeBeforeTax": 2439000, "incomeTaxExpense": 0, "minorityInterest": {}, "netIncomeFromContinuingOps": 2439000, "discontinuedOperations": {}, "extraordinaryItems": {}, "effectOfAccountingCharges": {}, "otherItems": {}, "netIncome": 2439000, "netIncomeApplicableToCommonShares": 2439000}], "maxAge": 86400}, "cashflowStatementHistoryQuarterly": {"cashflowStatements": [{"maxAge": 1, "endDate": "2020-06-30", "netIncome": 2803000, "changeToLiabilities": 0}, {"maxAge": 1, "endDate": "2020-03-31", "netIncome": -8657248, "changeToLiabilities": 0}, {"maxAge": 1, "endDate": "2019-12-31", "netIncome": 3352000, "changeToLiabilities": 0}, {"maxAge": 1, "endDate": "2019-09-30", "netIncome": 2439000, "changeToLiabilities": 0}], "maxAge": 86400}, "insiderHolders": {"holders": [{"maxAge": 1, "name": "Bafna (Jyothi)", "relation": "UNREPORTED", "url": "", "transactionDescription": "Gift", "latestTransDate": "2020-08-14", "positionDirect": 6277150, "positionDirectDate": "2020-08-14"}, {"maxAge": 1, "name": "Bafna (Vinay)", "relation": "Promoter", "url": "", "transactionDescription": "Acquisition", "latestTransDate": "2020-10-08", "positionDirect": 15784654, "positionDirectDate": "2020-10-08"}, {"maxAge": 1, "name": "Bai (Yeswanti M)", "relation": "Promoter", "url": "", "transactionDescription": "Sale", "latestTransDate": "2020-10-08", "positionDirect": 0, "positionDirectDate": "2020-10-08"}, {"maxAge": 1, "name": "Kanuga (Deepak) HUF", "relation": "Promoter", "url": "", "transactionDescription": "Sale", "latestTransDate": "2019-12-20", "positionDirect": 0, "positionDirectDate": "2019-12-20"}, {"maxAge": 1, "name": "Kumari (Anju)", "relation": "Promoter", "url": "", "transactionDescription": "Sale", "latestTransDate": "2020-10-08", "positionDirect": 550, "positionDirectDate": "2020-10-08"}], "maxAge": 1}, "calendarEvents": {"maxAge": 1, "earnings": {"earningsDate": ["2020-06-24 05:30:S"]}}, "upgradeDowngradeHistory": {"history": [], "maxAge": 86400}, "price": {"maxAge": 1, "regularMarketChangePercent": 0.0, "regularMarketChange": 0.0, "regularMarketTime": "2021-04-30 14:08:38", "priceHint": 4, "regularMarketPrice": 1.69, "regularMarketDayHigh": 1.7, "regularMarketDayLow": 1.69, "regularMarketVolume": 851, "averageDailyVolume10Day": 0, "averageDailyVolume3Month": 149, "regularMarketPreviousClose": 1.69, "regularMarketSource": "FREE_REALTIME", "regularMarketOpen": 1.7, "exchange": "BSE", "exchangeName": "BSE", "exchangeDataDelayedBy": 0, "marketState": "CLOSED", "quoteType": "EQUITY", "symbol": "SRESTHA.BO", "underlyingSymbol": null, "shortName": "Srestha Finvest Limited", "longName": "Srestha Finvest Limited", "currency": "INR", "quoteSourceName": "Delayed Quote", "currencySymbol": "\u20b9", "fromCurrency": null, "lastMarket": null, "marketCap": 139425008}, "balanceSheetHistory": {"balanceSheetStatements": [{"maxAge": 1, "endDate": "2020-03-31", "cash": 14029780, "netReceivables": 451280075, "otherCurrentAssets": 1227919, "totalCurrentAssets": 469757581, "propertyPlantEquipment": 95108, "otherAssets": 136147, "deferredLongTermAssetCharges": 79897, "totalAssets": 469988836, "otherCurrentLiab": 2429227, "longTermDebt": 295111041, "otherLiab": 2869138, "deferredLongTermLiab": 56250, "totalCurrentLiabilities": 2429227, "totalLiab": 300409406, "commonStock": 165000000, "retainedEarnings": 261218, "treasuryStock": -5681788, "capitalSurplus": 10000000, "otherStockholderEquity": -5681788, "totalStockholderEquity": 169579430, "netTangibleAssets": 169579430}, {"maxAge": 1, "endDate": "2019-03-31", "cash": 28124753, "netReceivables": 363911388, "otherCurrentAssets": 833308, "totalCurrentAssets": 399755189, "propertyPlantEquipment": 155566, "otherAssets": 326993, "deferredLongTermAssetCharges": 73868, "totalAssets": 400237748, "otherCurrentLiab": 2641562, "longTermDebt": 216988574, "otherLiab": 2441102, "deferredLongTermLiab": 253125, "totalCurrentLiabilities": 2641562, "totalLiab": 222071238, "commonStock": 165000000, "retainedEarnings": 2774466, "treasuryStock": 392044, "capitalSurplus": 10000000, "otherStockholderEquity": 392044, "totalStockholderEquity": 178166510, "netTangibleAssets": 178166510}, {"maxAge": 1, "endDate": "2018-03-31", "cash": 14423670, "netReceivables": 346960538, "otherCurrentAssets": 1193471, "totalCurrentAssets": 362577679, "propertyPlantEquipment": 261713, "otherAssets": 405539, "deferredLongTermAssetCharges": 68039, "totalAssets": 363244931, "otherCurrentLiab": 2756195, "longTermDebt": 175742293, "otherLiab": 2588094, "deferredLongTermLiab": 337500, "totalCurrentLiabilities": 2781195, "totalLiab": 181111582, "commonStock": 150000000, "retainedEarnings": 7133349, "capitalSurplus": 25000000, "totalStockholderEquity": 182133349, "netTangibleAssets": 182133349}, {"maxAge": 1, "endDate": "2017-03-31", "cash": 8078527, "netReceivables": 228727973, "otherCurrentAssets": 1046630, "totalCurrentAssets": 237853130, "propertyPlantEquipment": 357025, "otherAssets": 1276962, "deferredLongTermAssetCharges": 41966, "totalAssets": 239487117, "otherCurrentLiab": 453758, "deferredLongTermLiab": 506250, "totalCurrentLiabilities": 60572463, "totalLiab": 60572463, "commonStock": 150000000, "retainedEarnings": 3800785, "treasuryStock": 113869, "capitalSurplus": 25000000, "otherStockholderEquity": 113869, "totalStockholderEquity": 178914654, "netTangibleAssets": 178914654}], "maxAge": 86400}, "financialData": {"maxAge": 86400, "currentPrice": 1.69, "recommendationKey": "none", "grossProfits": 17347462, "financialCurrency": "INR"}}}