{"SRF.NS": {"assetProfile": {"address1": "Block-C", "address2": "Sector-45", "city": "Gurugram", "zip": "122003", "country": "India", "phone": "91 12 4435 4400", "fax": "91 12 4435 4500", "website": "http://www.srf.com", "industry": "Specialty Chemicals", "sector": "Basic Materials", "longBusinessSummary": "SRF Limited manufactures, purchases, and sells technical textiles, chemicals, packaging films, and other polymers. It operates through Technical Textiles Business, Chemicals Business, Packaging Film Business, and Others segments. The company offers tyre cord, belting, coated, and laminated fabrics; and industrial and polyester industrial yarns. It also provides fluorochemicals under the Floron, Dymel, Shakti, and Supertron brands, such as refrigerants for room air-conditioner, automobile air-conditioner, refrigerator, and chillers, as well as propellants for the pharmaceutical sector; and industrial chemicals used in various applications comprising feedstock for pharmaceutical and agrochemicals, metal de-greasing, foam blowing, and dry-cleaning. In addition, the company provides advanced intermediates for the agrochemical and pharmaceutical industries. Further, the company provides bi-axially oriented polyethylene terephthalate films under PETLAR brand and bi-axially oriented polypropylene films under OPLAR brand. It serves in India, Germany, the United States, Switzerland, Belgium, and internationally. The company was formerly known as Shri Ram Fibres and changed its name to SRF Limited in 1990. The company was founded in 1970 and is based in Gurugram, India. SRF Limited is a subsidiary of KAMA Holdings Limited.", "fullTimeEmployees": 6677, "companyOfficers": [{"maxAge": 1, "name": "Mr. Arun Bharat Ram", "age": 80, "title": "Exec. Chairman", "yearBorn": 1940, "fiscalYear": 2020, "totalPay": 68300000, "exercisedValue": 0, "unexercisedValue": 0}, {"maxAge": 1, "name": "Mr. Ashish Bharat Ram MBA", "age": 52, "title": "MD & Exec. Director", "yearBorn": 1968, "fiscalYear": 2020, "totalPay": 79400000, "exercisedValue": 0, "unexercisedValue": 0}, {"maxAge": 1, "name": "Mr. Rahul  Jain", "age": 45, "title": "Pres & CFO", "yearBorn": 1975, "fiscalYear": 2020, "totalPay": 14500000, "exercisedValue": 0, "unexercisedValue": 0}, {"maxAge": 1, "name": "Mr. Rajat  Lakhanpal", "title": "VP of Corp. Compliance, Company Sec. & Compliance Officer", "fiscalYear": 2020, "totalPay": 5900000, "exercisedValue": 0, "unexercisedValue": 0}, {"maxAge": 1, "name": "Mr. Kartik Bharat Ram MBA", "age": 49, "title": "Deputy MD & Exec. Director", "yearBorn": 1971, "fiscalYear": 2020, "totalPay": 78500000, "exercisedValue": 0, "unexercisedValue": 0}, {"maxAge": 1, "name": "Dr. Meenakshi  Gopinath", "age": 70, "title": "Director of CSR & Non-Exec. Non-Independent Director", "yearBorn": 1950, "fiscalYear": 2020, "totalPay": 1400000, "exercisedValue": 0, "unexercisedValue": 0}, {"maxAge": 1, "name": "Mr. Pramod Gopaldas Gujarathi", "age": 68, "title": "Director of Safety & Environment and Whole Time Director", "yearBorn": 1952, "fiscalYear": 2020, "totalPay": 1900000, "exercisedValue": 0, "unexercisedValue": 0}, {"maxAge": 1, "name": "Mr. Sanjay  Chatrath", "age": 56, "title": "CEO & Pres of Technical Textiles Bus.", "yearBorn": 1964, "fiscalYear": 2020, "totalPay": 25600000, "exercisedValue": 0, "unexercisedValue": 0}, {"maxAge": 1, "name": "Mr. Prashant  Yadav", "age": 50, "title": "Pres & CEO of Fluorochemicals Bus.", "yearBorn": 1970, "fiscalYear": 2020, "totalPay": 39800000, "exercisedValue": 0, "unexercisedValue": 0}, {"maxAge": 1, "name": "Mr. Prashant  Mehra", "age": 47, "title": "Pres & CEO of Packaging Films Bus., Coated Fabrics and Laminated Fabrics Bus.", "yearBorn": 1973, "fiscalYear": 2020, "totalPay": 41300000, "exercisedValue": 0, "unexercisedValue": 0}], "compensationAsOfEpochDate": "2020-12-31 05:30:00", "maxAge": 86400}, "recommendationTrend": {"trend": [{"period": "0m", "strongBuy": 0, "buy": 0, "hold": 0, "sell": 0, "strongSell": 0}, {"period": "-1m", "strongBuy": 7, "buy": 5, "hold": 4, "sell": 1, "strongSell": 0}, {"period": "-2m", "strongBuy": 6, "buy": 5, "hold": 4, "sell": 1, "strongSell": 0}, {"period": "-3m", "strongBuy": 6, "buy": 5, "hold": 4, "sell": 1, "strongSell": 0}], "maxAge": 86400}, "cashflowStatementHistory": {"cashflowStatements": [{"maxAge": 1, "endDate": "2020-03-31", "netIncome": 10190900000, "depreciation": 3855500000, "changeToNetincome": -793500000, "changeToAccountReceivables": 1407500000, "changeToLiabilities": -2720100000, "changeToInventory": 52600000, "changeToOperatingActivities": 1020900000, "totalCashFromOperatingActivities": 13044400000, "capitalExpenditures": -13891600000, "investments": -926800000, "otherCashflowsFromInvestingActivities": -304700000, "totalCashflowsFromInvestingActivities": -11803300000, "dividendsPaid": -803200000, "netBorrowings": 1018300000, "otherCashflowsFromFinancingActivities": -2205000000, "totalCashFromFinancingActivities": -1989900000, "effectOfExchangeRate": 17700000, "changeInCash": -731100000}, {"maxAge": 1, "endDate": "2019-03-31", "netIncome": 6416300000, "depreciation": 3531500000, "changeToNetincome": 2108900000, "changeToAccountReceivables": -3503300000, "changeToLiabilities": 3381800000, "changeToInventory": -2673400000, "changeToOperatingActivities": -370400000, "totalCashFromOperatingActivities": 8956400000, "capitalExpenditures": -10563800000, "investments": 331500000, "otherCashflowsFromInvestingActivities": 53100000, "totalCashflowsFromInvestingActivities": -10141800000, "dividendsPaid": -694100000, "netBorrowings": 5534100000, "otherCashflowsFromFinancingActivities": -2382900000, "totalCashFromFinancingActivities": 2457700000, "effectOfExchangeRate": -246900000, "changeInCash": 1025400000, "issuanceOfStock": 600000}, {"maxAge": 1, "endDate": "2018-03-31", "netIncome": 4617100000, "depreciation": 3109100000, "changeToNetincome": 894700000, "changeToAccountReceivables": -256700000, "changeToLiabilities": 2353400000, "changeToInventory": -1207300000, "changeToOperatingActivities": -2797900000, "totalCashFromOperatingActivities": 6779800000, "capitalExpenditures": -13001800000, "investments": 840200000, "otherCashflowsFromInvestingActivities": 35400000, "totalCashflowsFromInvestingActivities": -11953000000, "dividendsPaid": -689000000, "netBorrowings": 7079400000, "otherCashflowsFromFinancingActivities": -1439000000, "totalCashFromFinancingActivities": 4951400000, "effectOfExchangeRate": 215600000, "changeInCash": -6200000, "issuanceOfStock": 600000}, {"maxAge": 1, "endDate": "2017-03-31", "netIncome": 5149900000, "depreciation": 2775000000, "changeToNetincome": 1009700000, "changeToAccountReceivables": -1423800000, "changeToLiabilities": 943400000, "changeToInventory": -1670900000, "changeToOperatingActivities": -404400000, "totalCashFromOperatingActivities": 6454400000, "capitalExpenditures": -6739900000, "investments": -218600000, "otherCashflowsFromInvestingActivities": 495200000, "totalCashflowsFromInvestingActivities": -6132500000, "dividendsPaid": -689000000, "netBorrowings": -906300000, "otherCashflowsFromFinancingActivities": -1249100000, "totalCashFromFinancingActivities": -2844400000, "effectOfExchangeRate": 215600000, "changeInCash": -2522500000, "issuanceOfStock": 600000}], "maxAge": 86400}, "indexTrend": {"maxAge": 1, "symbol": "SP5", "peRatio": 19.7411, "pegRatio": 1.34172, "estimates": [{"period": "0q", "growth": 0.549}, {"period": "+1q", "growth": 0.431}, {"period": "0y", "growth": 0.305}, {"period": "+1y", "growth": 0.109}, {"period": "+5y", "growth": 0.120865}, {"period": "-5y"}]}, "defaultKeyStatistics": {"maxAge": 1, "priceHint": 2, "enterpriseValue": 409452118016, "forwardPE": 60.69939, "profitMargins": 0.13108, "floatShares": 24673350, "sharesOutstanding": 59245200, "heldPercentInsiders": 0.51498, "heldPercentInstitutions": 0.28597, "beta": 0.827775, "category": null, "bookValue": 949.37, "priceToBook": 6.774071, "fundFamily": null, "legalType": null, "lastFiscalYearEnd": "2020-03-31 05:30:00", "nextFiscalYearEnd": "2022-03-31 05:30:00", "mostRecentQuarter": "2020-12-31 05:30:00", "earningsQuarterlyGrowth": -0.053, "netIncomeToCommon": 10109599744, "trailingEps": 173.356, "forwardEps": 103.87, "pegRatio": -11.1, "lastSplitFactor": null, "enterpriseToRevenue": 5.352, "enterpriseToEbitda": 21.307}, "industryTrend": {"maxAge": 1, "symbol": null, "estimates": []}, "quoteType": {"exchange": "NSI", "quoteType": "EQUITY", "symbol": "SRF.NS", "underlyingSymbol": "SRF.NS", "shortName": "SRF LIMITED", "longName": "SRF Limited", "firstTradeDateEpochUtc": "2002-07-01 09:15:00", "timeZoneFullName": "Asia/Kolkata", "timeZoneShortName": "IST", "uuid": "2b8d7cee-3ce2-3f5a-811f-abaa0a4d7b67", "gmtOffSetMilliseconds": 19800000, "maxAge": 1}, "incomeStatementHistory": {"incomeStatementHistory": [{"maxAge": 1, "endDate": "2020-03-31", "totalRevenue": 72094100000, "costOfRevenue": 38907100000, "grossProfit": 33187000000, "researchDevelopment": {}, "sellingGeneralAdministrative": 5567000000, "nonRecurring": {}, "otherOperatingExpenses": 12951500000, "totalOperatingExpenses": 61311700000, "operatingIncome": 10782400000, "totalOtherIncomeExpenseNet": -1635400000, "ebit": 10782400000, "interestExpense": -1878100000, "incomeBeforeTax": 9147000000, "incomeTaxExpense": -12000000, "minorityInterest": {}, "netIncomeFromContinuingOps": 9159000000, "discontinuedOperations": 1031900000, "extraordinaryItems": {}, "effectOfAccountingCharges": {}, "otherItems": {}, "netIncome": 10190900000, "netIncomeApplicableToCommonShares": 10190900000}, {"maxAge": 1, "endDate": "2019-03-31", "totalRevenue": 70995900000, "costOfRevenue": 41445300000, "grossProfit": 29550600000, "researchDevelopment": {}, "sellingGeneralAdministrative": 4901300000, "nonRecurring": {}, "otherOperatingExpenses": 11369700000, "totalOperatingExpenses": 61298000000, "operatingIncome": 9697900000, "totalOtherIncomeExpenseNet": -2013600000, "ebit": 9697900000, "interestExpense": -1832400000, "incomeBeforeTax": 7684300000, "incomeTaxExpense": 1768500000, "minorityInterest": {}, "netIncomeFromContinuingOps": 5915800000, "discontinuedOperations": 500500000, "extraordinaryItems": {}, "effectOfAccountingCharges": {}, "otherItems": {}, "netIncome": 6416300000, "netIncomeApplicableToCommonShares": 6416300000}, {"maxAge": 1, "endDate": "2018-03-31", "totalRevenue": 55890400000, "costOfRevenue": 32074100000, "grossProfit": 23816300000, "researchDevelopment": {}, "sellingGeneralAdministrative": 5034700000, "nonRecurring": {}, "otherOperatingExpenses": 9320800000, "totalOperatingExpenses": 49587600000, "operatingIncome": 6302800000, "totalOtherIncomeExpenseNet": -486100000, "ebit": 6302800000, "interestExpense": -1086800000, "incomeBeforeTax": 5816700000, "incomeTaxExpense": 1199600000, "minorityInterest": {}, "netIncomeFromContinuingOps": 4617100000, "discontinuedOperations": 500500000, "extraordinaryItems": {}, "effectOfAccountingCharges": {}, "otherItems": {}, "netIncome": 4617100000, "netIncomeApplicableToCommonShares": 4617100000}, {"maxAge": 1, "endDate": "2017-03-31", "totalRevenue": 48218000000, "costOfRevenue": 25806700000, "grossProfit": 22411300000, "researchDevelopment": {}, "sellingGeneralAdministrative": 4584700000, "nonRecurring": {}, "otherOperatingExpenses": 8082800000, "totalOperatingExpenses": 41308600000, "operatingIncome": 6909400000, "totalOtherIncomeExpenseNet": -337500000, "ebit": 6909400000, "interestExpense": -869200000, "incomeBeforeTax": 6571900000, "incomeTaxExpense": 1422000000, "minorityInterest": {}, "netIncomeFromContinuingOps": 5149900000, "discontinuedOperations": 500500000, "extraordinaryItems": {}, "effectOfAccountingCharges": {}, "otherItems": {}, "netIncome": 5149900000, "netIncomeApplicableToCommonShares": 5149900000}], "maxAge": 86400}, "fundOwnership": {"ownershipList": [{"maxAge": 1, "reportDate": "2021-01-31", "organization": "Vanguard International Stock Index-Emerging Markets Stk", "pctHeld": 0.0047999998, "position": 282489, "value": 1516951805}, {"maxAge": 1, "reportDate": "2021-01-31", "organization": "Vanguard International Stock Index-Total Intl Stock Indx", "pctHeld": 0.0047, "position": 278900, "value": 1497679055}, {"maxAge": 1, "reportDate": "2021-03-31", "organization": "iShares Core MSCI Emerging Markets ETF", "pctHeld": 0.0042, "position": 251632, "value": 1361530425}, {"maxAge": 1, "reportDate": "2021-01-31", "organization": "DFA Emerging Markets Core Equity Portfolio", "pctHeld": 0.0028, "position": 163927, "value": 880279793}, {"maxAge": 1, "reportDate": "2020-12-31", "organization": "Morgan Stanley India Investment Fund", "pctHeld": 0.0021, "position": 126013, "value": 702383860}, {"maxAge": 1, "reportDate": "2021-01-31", "organization": "DFA Emerging Markets Small Cap Series", "pctHeld": 0.0013, "position": 77048, "value": 413743907}, {"maxAge": 1, "reportDate": "2021-02-28", "organization": "Blair (William) Mutual Funds, Inc.- Emerging Markets Small Cap Grw Fd", "pctHeld": 0.0011999999, "position": 70819, "value": 385110181}, {"maxAge": 1, "reportDate": "2021-02-28", "organization": "Blair (William) Mutual Funds, Inc.-Emerging Markets Growth Fund", "pctHeld": 0.001, "position": 58045, "value": 315645807}, {"maxAge": 1, "reportDate": "2021-01-31", "organization": "Financial Investors Tr-ALPS/Kotak India Growth Fund", "pctHeld": 0.00090000004, "position": 55758, "value": 299417672}, {"maxAge": 1, "reportDate": "2021-03-31", "organization": "iShares MSCI India Small Cap ETF", "pctHeld": 0.00090000004, "position": 55308, "value": 299260526}], "maxAge": 1}, "summaryDetail": {"maxAge": 1, "priceHint": 2, "previousClose": 6440.2, "open": 6421.1, "dayLow": 6386.35, "dayHigh": 6590.0, "regularMarketPreviousClose": 6440.2, "regularMarketOpen": 6421.1, "regularMarketDayLow": 6386.35, "regularMarketDayHigh": 6590.0, "dividendRate": 24.0, "dividendYield": 0.0037, "exDividendDate": "2021-01-29 05:30:00", "payoutRatio": 0.0687, "fiveYearAvgDividendYield": 0.55, "beta": 0.827775, "trailingPE": 37.09765, "forwardPE": 61.914894, "volume": 214259, "regularMarketVolume": 214259, "averageVolume": 181133, "averageVolume10days": 266609, "averageDailyVolume10Day": 266609, "bid": 0.0, "ask": 0.0, "bidSize": 0, "askSize": 0, "marketCap": 381011820544, "fiftyTwoWeekLow": 2702.0, "fiftyTwoWeekHigh": 6590.0, "priceToSalesTrailing12Months": 4.980404, "fiftyDayAverage": 5499.9824, "twoHundredDayAverage": 5166.376, "trailingAnnualDividendRate": 24.0, "trailingAnnualDividendYield": 0.0037265923, "currency": "INR", "fromCurrency": null, "lastMarket": null, "algorithm": null, "tradeable": false}, "insiderHolders": {"holders": [{"maxAge": 1, "name": "Bimal (Puri)", "relation": "UNREPORTED", "url": "", "transactionDescription": "Acquisition", "latestTransDate": "2020-03-31", "positionDirect": 1000, "positionDirectDate": "2020-03-31"}, {"maxAge": 1, "name": "Dalmia (Puneet Yadu)", "relation": "UNREPORTED", "url": "", "transactionDescription": "Sale", "latestTransDate": "2021-03-31", "positionDirect": 0, "positionDirectDate": "2021-03-31"}, {"maxAge": 1, "name": "Gupta (Yash)", "relation": "Director", "url": "", "transactionDescription": "Acquisition", "latestTransDate": "2020-11-12", "positionDirect": 200, "positionDirectDate": "2020-11-12"}, {"maxAge": 1, "name": "Jain (Anurag)", "relation": "UNREPORTED", "url": "", "transactionDescription": "Acquisition", "latestTransDate": "2020-09-08", "positionDirect": 21550, "positionDirectDate": "2020-09-08"}, {"maxAge": 1, "name": "Kama Holdings Ltd", "relation": "Promoter", "url": "", "transactionDescription": "Sale", "latestTransDate": "2020-10-17", "positionIndirect": 30049000, "positionIndirectDate": 1602892800}, {"maxAge": 1, "name": "Karmav Real Estate Holdings LLP", "relation": "Promoter", "url": "", "transactionDescription": "Sale", "latestTransDate": "2016-05-24", "positionDirect": 0, "positionDirectDate": "2016-05-24"}, {"maxAge": 1, "name": "Mehra (Prashant Ramesh)", "relation": "UNREPORTED", "url": "", "transactionDescription": "Acquisition", "latestTransDate": "2020-09-08", "positionDirect": 22470, "positionDirectDate": "2020-09-08"}, {"maxAge": 1, "name": "Mittal (Manish)", "relation": "UNREPORTED", "url": "", "transactionDescription": "Acquisition", "latestTransDate": "2021-02-26", "positionDirect": 1050, "positionDirectDate": "2021-02-26"}, {"maxAge": 1, "name": "Ram (Arun Bharat)", "relation": "Promoter", "url": "", "transactionDescription": "Acquisition", "latestTransDate": "2020-10-17", "positionIndirect": 27500, "positionIndirectDate": 1602892800}, {"maxAge": 1, "name": "Yadav (Prashant)", "relation": "UNREPORTED", "url": "", "transactionDescription": "Other", "latestTransDate": "2018-08-01", "positionDirect": 20200, "positionDirectDate": "2018-08-01"}], "maxAge": 1}, "calendarEvents": {"maxAge": 1, "earnings": {"earningsDate": [], "earningsAverage": 19.31, "earningsLow": 15.2, "earningsHigh": 23.65, "revenueAverage": 12990900000, "revenueLow": 12463000000, "revenueHigh": 13571200000}, "exDividendDate": "2021-01-29 05:30:00"}, "upgradeDowngradeHistory": {"history": [], "maxAge": 86400}, "price": {"maxAge": 1, "regularMarketChangePercent": -0.0014130147, "regularMarketChange": -9.100098, "regularMarketTime": "2021-04-30 15:30:00", "priceHint": 2, "regularMarketPrice": 6431.1, "regularMarketDayHigh": 6590.0, "regularMarketDayLow": 6386.35, "regularMarketVolume": 214259, "averageDailyVolume10Day": 266609, "averageDailyVolume3Month": 181133, "regularMarketPreviousClose": 6440.2, "regularMarketSource": "FREE_REALTIME", "regularMarketOpen": 6421.1, "exchange": "NSI", "exchangeName": "NSE", "exchangeDataDelayedBy": 15, "marketState": "CLOSED", "quoteType": "EQUITY", "symbol": "SRF.NS", "underlyingSymbol": null, "shortName": "SRF LIMITED", "longName": "SRF Limited", "currency": "INR", "quoteSourceName": "Delayed Quote", "currencySymbol": "\u20b9", "fromCurrency": null, "lastMarket": null, "marketCap": 381011820544}, "balanceSheetHistory": {"balanceSheetStatements": [{"maxAge": 1, "endDate": "2020-03-31", "cash": 1164400000, "shortTermInvestments": 7700000, "netReceivables": 12859600000, "inventory": 12012300000, "otherCurrentAssets": 930600000, "totalCurrentAssets": 29062000000, "longTermInvestments": 41600000, "propertyPlantEquipment": 76438000000, "goodWill": 6200000, "intangibleAssets": 1164600000, "otherAssets": 2055200000, "deferredLongTermAssetCharges": 142600000, "totalAssets": 108767600000, "accountsPayable": 11116900000, "shortLongTermDebt": 7807300000, "otherCurrentLiab": 3372400000, "longTermDebt": 23130700000, "otherLiab": 2484600000, "totalCurrentLiabilities": 33079300000, "totalLiab": 59434400000, "commonStock": 574800000, "retainedEarnings": 46914600000, "treasuryStock": 1843800000, "otherStockholderEquity": 1843800000, "totalStockholderEquity": 49333200000, "netTangibleAssets": 48162400000}, {"maxAge": 1, "endDate": "2019-03-31", "cash": 1895500000, "shortTermInvestments": 12900000, "netReceivables": 15423200000, "inventory": 12247400000, "otherCurrentAssets": 978400000, "totalCurrentAssets": 31722900000, "longTermInvestments": 29500000, "propertyPlantEquipment": 62500600000, "goodWill": 40800000, "intangibleAssets": 1088600000, "otherAssets": 3496600000, "totalAssets": 98879000000, "accountsPayable": 13824200000, "shortLongTermDebt": 4414600000, "otherCurrentLiab": 1560800000, "longTermDebt": 21613400000, "otherLiab": 3986100000, "totalCurrentLiabilities": 31986800000, "totalLiab": 57586300000, "commonStock": 574800000, "retainedEarnings": 37747700000, "treasuryStock": 2970200000, "otherStockholderEquity": 2970200000, "totalStockholderEquity": 41292700000, "netTangibleAssets": 40163300000}, {"maxAge": 1, "endDate": "2018-03-31", "cash": 870100000, "shortTermInvestments": 32500000, "netReceivables": 11338600000, "inventory": 9581800000, "otherCurrentAssets": 1079500000, "totalCurrentAssets": 24258900000, "longTermInvestments": 56200000, "propertyPlantEquipment": 55635900000, "goodWill": 40800000, "intangibleAssets": 1127300000, "otherAssets": 2511000000, "totalAssets": 83630100000, "accountsPayable": 10442400000, "shortLongTermDebt": 3838000000, "otherCurrentLiab": 1869200000, "longTermDebt": 19072600000, "otherLiab": 3590100000, "totalCurrentLiabilities": 25322100000, "totalLiab": 47984800000, "commonStock": 574200000, "retainedEarnings": 32171800000, "treasuryStock": 2899300000, "otherStockholderEquity": 2899300000, "totalStockholderEquity": 35645300000, "netTangibleAssets": 34477200000}, {"maxAge": 1, "endDate": "2017-03-31", "cash": 876300000, "shortTermInvestments": 296500000, "netReceivables": 8734000000, "inventory": 8381400000, "otherCurrentAssets": 909800000, "totalCurrentAssets": 20794400000, "longTermInvestments": 251200000, "propertyPlantEquipment": 45778300000, "goodWill": 49100000, "intangibleAssets": 807500000, "otherAssets": 2028800000, "deferredLongTermAssetCharges": 26000000, "totalAssets": 69709300000, "accountsPayable": 8089000000, "shortLongTermDebt": 4187800000, "otherCurrentLiab": 1753800000, "longTermDebt": 14318600000, "otherLiab": 3462200000, "totalCurrentLiabilities": 20101900000, "totalLiab": 37882700000, "commonStock": 574200000, "retainedEarnings": 28645200000, "treasuryStock": 2607200000, "otherStockholderEquity": 2607200000, "totalStockholderEquity": 31826600000, "netTangibleAssets": 30970000000}], "maxAge": 86400}, "earningsTrend": {"trend": [{"maxAge": 1, "period": "0q", "endDate": "2017-12-31", "growth": 0.059, "earningsEstimate": {"avg": 19.31, "low": 15.2, "high": 23.65, "yearAgoEps": 18.23, "numberOfAnalysts": 4, "growth": 0.059}, "revenueEstimate": {"avg": 12990900000, "low": 12463000000, "high": 13571200000, "numberOfAnalysts": 8, "yearAgoRevenue": 11880500000, "growth": 0.093}, "epsTrend": {"current": 19.31, "7daysAgo": 19.31, "30daysAgo": 23.65, "60daysAgo": 23.65, "90daysAgo": 23.65}, "epsRevisions": {"upLast7days": 0, "upLast30days": 0, "downLast30days": 0, "downLast90days": {}}}, {"maxAge": 1, "period": "+1q", "endDate": "2018-03-31", "growth": -0.017, "earningsEstimate": {"avg": 22.12, "low": 22.12, "high": 22.12, "yearAgoEps": 22.5, "numberOfAnalysts": 1, "growth": -0.017}, "revenueEstimate": {"avg": 15103200000, "low": 14342400000, "high": 15864000000, "numberOfAnalysts": 2, "yearAgoRevenue": 13258100000, "growth": 0.139}, "epsTrend": {"current": 22.12, "7daysAgo": 22.12, "30daysAgo": 22.12, "60daysAgo": 22.12, "90daysAgo": 22.12}, "epsRevisions": {"upLast7days": 0, "upLast30days": 0, "downLast30days": 0, "downLast90days": {}}}, {"maxAge": 1, "period": "0y", "endDate": "2018-03-31", "growth": -0.131, "earningsEstimate": {"avg": 77.94, "low": 70.2, "high": 89.7, "yearAgoEps": 89.69, "numberOfAnalysts": 11, "growth": -0.131}, "revenueEstimate": {"avg": 54244000000, "low": 51666200000, "high": 56238000000, "numberOfAnalysts": 11, "yearAgoRevenue": 48218000000, "growth": 0.125}, "epsTrend": {"current": 77.94, "7daysAgo": 77.95, "30daysAgo": 78.05, "60daysAgo": 78.05, "90daysAgo": 83.29}, "epsRevisions": {"upLast7days": 0, "upLast30days": 0, "downLast30days": 0, "downLast90days": {}}}, {"maxAge": 1, "period": "+1y", "endDate": "2019-03-31", "growth": 0.35900003, "earningsEstimate": {"avg": 105.95, "low": 90.6, "high": 119.4, "yearAgoEps": 77.94, "numberOfAnalysts": 12, "growth": 0.35900003}, "revenueEstimate": {"avg": 61255000000, "low": 57110100000, "high": 64333000000, "numberOfAnalysts": 12, "yearAgoRevenue": 54244000000, "growth": 0.129}, "epsTrend": {"current": 105.95, "7daysAgo": 104.72, "30daysAgo": 104.05, "60daysAgo": 104.05, "90daysAgo": 107.13}, "epsRevisions": {"upLast7days": 0, "upLast30days": 0, "downLast30days": 0, "downLast90days": {}}}, {"maxAge": 1, "period": "+5y", "endDate": null, "growth": -0.02, "earningsEstimate": {"avg": {}, "low": {}, "high": {}, "yearAgoEps": {}, "numberOfAnalysts": {}, "growth": {}}, "revenueEstimate": {"avg": {}, "low": {}, "high": {}, "numberOfAnalysts": {}, "yearAgoRevenue": {}, "growth": {}}, "epsTrend": {"current": {}, "7daysAgo": {}, "30daysAgo": {}, "60daysAgo": {}, "90daysAgo": {}}, "epsRevisions": {"upLast7days": {}, "upLast30days": {}, "downLast30days": {}, "downLast90days": {}}}, {"maxAge": 1, "period": "-5y", "endDate": null, "growth": 0.30407, "earningsEstimate": {"avg": {}, "low": {}, "high": {}, "yearAgoEps": {}, "numberOfAnalysts": {}, "growth": {}}, "revenueEstimate": {"avg": {}, "low": {}, "high": {}, "numberOfAnalysts": {}, "yearAgoRevenue": {}, "growth": {}}, "epsTrend": {"current": {}, "7daysAgo": {}, "30daysAgo": {}, "60daysAgo": {}, "90daysAgo": {}}, "epsRevisions": {"upLast7days": {}, "upLast30days": {}, "downLast30days": {}, "downLast90days": {}}}], "maxAge": 1}, "institutionOwnership": {"ownershipList": [], "maxAge": 1}, "majorHoldersBreakdown": {"maxAge": 1, "insidersPercentHeld": 0.51498, "institutionsPercentHeld": 0.28597, "institutionsFloatPercentHeld": 0.58959997, "institutionsCount": 83}, "balanceSheetHistoryQuarterly": {"balanceSheetStatements": [{"maxAge": 1, "endDate": "2020-12-31", "totalStockholderEquity": 54576200000, "netTangibleAssets": 53412200000}, {"maxAge": 1, "endDate": "2020-09-30", "cash": 1912400000, "shortTermInvestments": 5880500000, "netReceivables": 11022000000, "inventory": 11745500000, "otherCurrentAssets": 2439600000, "totalCurrentAssets": 33000000000, "longTermInvestments": 41600000, "propertyPlantEquipment": 78461000000, "goodWill": 6200000, "intangibleAssets": 1157800000, "otherAssets": 2427800000, "deferredLongTermAssetCharges": 154500000, "totalAssets": 115094400000, "accountsPayable": 11042700000, "otherCurrentLiab": 8373500000, "longTermDebt": 27697200000, "otherLiab": 3476900000, "totalCurrentLiabilities": 28664800000, "totalLiab": 60518200000, "commonStock": 574800000, "treasuryStock": 54001400000, "otherStockholderEquity": 54001400000, "totalStockholderEquity": 54576200000, "netTangibleAssets": 53412200000}, {"maxAge": 1, "endDate": "2020-06-30", "cash": 4115200000, "shortTermInvestments": 5706600000, "netReceivables": 10645600000, "inventory": 11236300000, "otherCurrentAssets": 2889000000, "totalCurrentAssets": 34592700000, "longTermInvestments": 41600000, "propertyPlantEquipment": 77940900000, "goodWill": 6200000, "intangibleAssets": 1146500000, "otherAssets": 2109900000, "deferredLongTermAssetCharges": 167200000, "totalAssets": 115837800000, "accountsPayable": 8772600000, "shortLongTermDebt": 5501200000, "otherCurrentLiab": 4877100000, "longTermDebt": 29881800000, "otherLiab": 2564600000, "totalCurrentLiabilities": 31165200000, "totalLiab": 64319300000, "commonStock": 585000000, "retainedEarnings": 49452900000, "treasuryStock": 1480600000, "otherStockholderEquity": 1480600000, "totalStockholderEquity": 51518500000, "netTangibleAssets": 50365800000}, {"maxAge": 1, "endDate": "2020-03-31", "cash": 1164400000, "shortTermInvestments": 7700000, "netReceivables": 12859600000, "inventory": 12012300000, "otherCurrentAssets": 930600000, "totalCurrentAssets": 29062000000, "longTermInvestments": 41600000, "propertyPlantEquipment": 76438000000, "goodWill": 6200000, "intangibleAssets": 1164600000, "otherAssets": 2055200000, "deferredLongTermAssetCharges": 142600000, "totalAssets": 108767600000, "accountsPayable": 11116900000, "shortLongTermDebt": 7807300000, "otherCurrentLiab": 3372400000, "longTermDebt": 23130700000, "otherLiab": 2484600000, "totalCurrentLiabilities": 33079300000, "totalLiab": 59434400000, "commonStock": 574800000, "retainedEarnings": 46914600000, "treasuryStock": 1843800000, "otherStockholderEquity": 1843800000, "totalStockholderEquity": 49333200000, "netTangibleAssets": 48162400000}], "maxAge": 86400}, "earningsHistory": {"history": [{"maxAge": 1, "epsActual": 18.23, "epsEstimate": 19.92, "epsDifference": -1.69, "surprisePercent": -0.085, "quarter": "2016-12-31", "period": "-4q"}, {"maxAge": 1, "epsActual": 22.5, "epsEstimate": 19.71, "epsDifference": 2.79, "surprisePercent": 0.142, "quarter": "2017-03-31", "period": "-3q"}, {"maxAge": 1, "epsActual": 18.08, "epsEstimate": 23.61, "epsDifference": -5.53, "surprisePercent": -0.234, "quarter": "2017-06-30", "period": "-2q"}, {"maxAge": 1, "epsActual": 17.9, "epsEstimate": 18.49, "epsDifference": -0.59, "surprisePercent": -0.032, "quarter": "2017-09-30", "period": "-1q"}], "maxAge": 86400}, "summaryProfile": {"address1": "Block-C", "address2": "Sector-45", "city": "Gurugram", "zip": "122003", "country": "India", "phone": "91 12 4435 4400", "fax": "91 12 4435 4500", "website": "http://www.srf.com", "industry": "Specialty Chemicals", "sector": "Basic Materials", "longBusinessSummary": "SRF Limited manufactures, purchases, and sells technical textiles, chemicals, packaging films, and other polymers. It operates through Technical Textiles Business, Chemicals Business, Packaging Film Business, and Others segments. The company offers tyre cord, belting, coated, and laminated fabrics; and industrial and polyester industrial yarns. It also provides fluorochemicals under the Floron, Dymel, Shakti, and Supertron brands, such as refrigerants for room air-conditioner, automobile air-conditioner, refrigerator, and chillers, as well as propellants for the pharmaceutical sector; and industrial chemicals used in various applications comprising feedstock for pharmaceutical and agrochemicals, metal de-greasing, foam blowing, and dry-cleaning. In addition, the company provides advanced intermediates for the agrochemical and pharmaceutical industries. Further, the company provides bi-axially oriented polyethylene terephthalate films under PETLAR brand and bi-axially oriented polypropylene films under OPLAR brand. It serves in India, Germany, the United States, Switzerland, Belgium, and internationally. The company was formerly known as Shri Ram Fibres and changed its name to SRF Limited in 1990. The company was founded in 1970 and is based in Gurugram, India. SRF Limited is a subsidiary of KAMA Holdings Limited.", "fullTimeEmployees": 6677, "companyOfficers": [], "maxAge": 86400}, "netSharePurchaseActivity": {"maxAge": 1, "period": "6m", "buyInfoCount": 0, "buyInfoShares": 0, "sellInfoCount": 0, "netInfoCount": 0, "netInfoShares": 0, "netPercentInsiderShares": 0.0, "totalInsiderShares": 30355682}, "insiderTransactions": {"transactions": [{"maxAge": 1, "shares": 17800, "value": 1305768, "filerUrl": "", "transactionText": "Sale at price 73.36 per share.", "filerName": "Dalmia (Puneet Yadu)", "filerRelation": "UNREPORTED", "moneyText": "", "startDate": "2021-03-31", "ownership": "D"}, {"maxAge": 1, "shares": 17800, "filerUrl": "", "transactionText": "Sale at price 0.00 per share.", "filerName": "Dalmia (Puneet Yadu)", "filerRelation": "UNREPORTED", "moneyText": "", "startDate": "2021-03-31", "ownership": "D"}, {"maxAge": 1, "shares": 250, "value": 18229, "filerUrl": "", "transactionText": "Acquisition at price 72.92 per share.", "filerName": "Mittal (Manish)", "filerRelation": "UNREPORTED", "moneyText": "", "startDate": "2021-02-26", "ownership": "D"}, {"maxAge": 1, "shares": 100, "value": 7555, "filerUrl": "", "transactionText": "Acquisition at price 75.56 per share.", "filerName": "Mittal (Manish)", "filerRelation": "UNREPORTED", "moneyText": "", "startDate": "2021-02-10", "ownership": "D"}, {"maxAge": 1, "shares": 700, "value": 51471, "filerUrl": "", "transactionText": "Acquisition at price 73.53 per share.", "filerName": "Mittal (Manish)", "filerRelation": "UNREPORTED", "moneyText": "", "startDate": "2021-01-28", "ownership": "D"}, {"maxAge": 1, "shares": 200, "value": 13516, "filerUrl": "", "transactionText": "Acquisition at price 67.58 per share.", "filerName": "Gupta (Yash)", "filerRelation": "Director", "moneyText": "", "startDate": "2020-11-12", "ownership": "D"}, {"maxAge": 1, "shares": 0, "filerUrl": "", "transactionText": "", "filerName": "Kama Holdings Ltd", "filerRelation": "Promoter", "moneyText": "", "startDate": "2020-10-17", "ownership": "I"}, {"maxAge": 1, "shares": 0, "filerUrl": "", "transactionText": "", "filerName": "Ram (Arun Bharat)", "filerRelation": "Promoter", "moneyText": "", "startDate": "2020-10-17", "ownership": "I"}, {"maxAge": 1, "shares": 450, "value": 24760, "filerUrl": "", "transactionText": "Acquisition at price 55.02 per share.", "filerName": "Jain (Anurag)", "filerRelation": "UNREPORTED", "moneyText": "", "startDate": "2020-09-08", "ownership": "D"}, {"maxAge": 1, "shares": 350, "value": 19073, "filerUrl": "", "transactionText": "Acquisition at price 54.50 per share.", "filerName": "Mehra (Prashant Ramesh)", "filerRelation": "UNREPORTED", "moneyText": "", "startDate": "2020-09-08", "ownership": "D"}, {"maxAge": 1, "shares": 200, "filerUrl": "", "transactionText": "", "filerName": "Bimal (Puri)", "filerRelation": "UNREPORTED", "moneyText": "", "startDate": "2020-03-31", "ownership": "D"}, {"maxAge": 1, "shares": 17800, "filerUrl": "", "transactionText": "", "filerName": "Dalmia (Puneet Yadu)", "filerRelation": "UNREPORTED", "moneyText": "", "startDate": "2020-03-25", "ownership": "D"}, {"maxAge": 1, "shares": 300, "filerUrl": "", "transactionText": "", "filerName": "Bimal (Puri)", "filerRelation": "UNREPORTED", "moneyText": "", "startDate": "2020-03-18", "ownership": "D"}, {"maxAge": 1, "shares": 20000, "filerUrl": "", "transactionText": "", "filerName": "Jain (Anurag)", "filerRelation": "UNREPORTED", "moneyText": "", "startDate": "2018-08-01", "ownership": "D"}, {"maxAge": 1, "shares": 20000, "filerUrl": "", "transactionText": "", "filerName": "Yadav (Prashant)", "filerRelation": "UNREPORTED", "moneyText": "", "startDate": "2018-08-01", "ownership": "D"}, {"maxAge": 1, "shares": 27500, "filerUrl": "", "transactionText": "", "filerName": "Karmav Real Estate Holdings LLP", "filerRelation": "Promoter", "moneyText": "", "startDate": "2016-05-24", "ownership": "D"}, {"maxAge": 1, "shares": 27500, "filerUrl": "", "transactionText": "", "filerName": "Ram (Arun Bharat)", "filerRelation": "Executive Chairman", "moneyText": "", "startDate": "2016-05-24", "ownership": "D"}, {"maxAge": 1, "shares": 150, "filerUrl": "", "transactionText": "", "filerName": "Vellayan (Subbiah)", "filerRelation": "Director (Non-Executive)", "moneyText": "", "startDate": "2016-05-19", "ownership": "D"}, {"maxAge": 1, "shares": 7750, "filerUrl": "", "transactionText": "", "filerName": "Vellayan (Subbiah)", "filerRelation": "Director (Non-Executive)", "moneyText": "", "startDate": "2016-05-17", "ownership": "D"}, {"maxAge": 1, "shares": 8000, "filerUrl": "", "transactionText": "", "filerName": "Rajgopal (R M)", "filerRelation": "UNREPORTED", "moneyText": "", "startDate": "2015-11-16", "ownership": "D"}, {"maxAge": 1, "shares": 25000, "filerUrl": "", "transactionText": "", "filerName": "Rajgopal (R M)", "filerRelation": "UNREPORTED", "moneyText": "", "startDate": "2015-11-13", "ownership": "D"}, {"maxAge": 1, "shares": 7000, "filerUrl": "", "transactionText": "", "filerName": "Rajgopal (R M)", "filerRelation": "UNREPORTED", "moneyText": "", "startDate": "2015-08-14", "ownership": "D"}, {"maxAge": 1, "shares": 4000, "filerUrl": "", "transactionText": "", "filerName": "Kama Holdings Ltd", "filerRelation": "Promoter", "moneyText": "", "startDate": "2015-08-12", "ownership": "D"}, {"maxAge": 1, "shares": 48000, "filerUrl": "", "transactionText": "", "filerName": "Karmav Real Estate Holdings LLP", "filerRelation": "Promoter", "moneyText": "", "startDate": "2015-08-12", "ownership": "D"}, {"maxAge": 1, "shares": 45000, "filerUrl": "", "transactionText": "", "filerName": "Kama Holdings Ltd", "filerRelation": "Promoter", "moneyText": "", "startDate": "2015-08-11", "ownership": "D"}, {"maxAge": 1, "shares": 135591, "filerUrl": "", "transactionText": "", "filerName": "Amansa Holding Pvt Ltd", "filerRelation": "Institution- Corporation", "moneyText": "", "startDate": "2015-05-13", "ownership": "D"}, {"maxAge": 1, "shares": 1000, "filerUrl": "", "transactionText": "", "filerName": "Mittal (Yogesh)", "filerRelation": "UNREPORTED", "moneyText": "", "startDate": "2015-03-30", "ownership": "D"}, {"maxAge": 1, "shares": 400, "filerUrl": "", "transactionText": "", "filerName": "Joshi (Anoop Kumar)", "filerRelation": "Senior Vice President", "moneyText": "", "startDate": "2014-08-12", "ownership": "D"}, {"maxAge": 1, "shares": 2000, "filerUrl": "", "transactionText": "", "filerName": "Subramaniam (Ramani)", "filerRelation": "UNREPORTED", "moneyText": "", "startDate": "2014-05-26", "ownership": "D"}, {"maxAge": 1, "shares": 2000, "filerUrl": "", "transactionText": "", "filerName": "Subramaniam (Ramani)", "filerRelation": "UNREPORTED", "moneyText": "", "startDate": "2014-05-22", "ownership": "D"}, {"maxAge": 1, "shares": 300, "filerUrl": "", "transactionText": "", "filerName": "Joshi (Anoop Kumar)", "filerRelation": "Senior Vice President", "moneyText": "", "startDate": "2014-05-19", "ownership": "D"}, {"maxAge": 1, "shares": 200, "filerUrl": "", "transactionText": "", "filerName": "Joshi (Anoop Kumar)", "filerRelation": "Senior Vice President", "moneyText": "", "startDate": "2014-05-15", "ownership": "D"}, {"maxAge": 1, "shares": 500, "filerUrl": "", "transactionText": "", "filerName": "Joshi (Anoop Kumar)", "filerRelation": "Senior Vice President", "moneyText": "", "startDate": "2014-05-14", "ownership": "D"}, {"maxAge": 1, "shares": 3929, "filerUrl": "", "transactionText": "", "filerName": "Jagannathan (Ravikant)", "filerRelation": "UNREPORTED", "moneyText": "", "startDate": "2014-03-04", "ownership": "D"}, {"maxAge": 1, "shares": 2673, "filerUrl": "", "transactionText": "", "filerName": "Jagannathan (Ravikant)", "filerRelation": "UNREPORTED", "moneyText": "", "startDate": "2014-02-28", "ownership": "D"}, {"maxAge": 1, "shares": 5208, "filerUrl": "", "transactionText": "", "filerName": "Vellayan (Subbiah)", "filerRelation": "Director (Non-Executive)", "moneyText": "", "startDate": "2014-02-28", "ownership": "D"}, {"maxAge": 1, "shares": 158092, "filerUrl": "", "transactionText": "", "filerName": "Kama Holdings Ltd", "filerRelation": "Promoter", "moneyText": "", "startDate": "2013-12-12", "ownership": "D"}, {"maxAge": 1, "shares": 59152, "filerUrl": "", "transactionText": "", "filerName": "Kama Holdings Ltd", "filerRelation": "Promoter", "moneyText": "", "startDate": "2013-09-30", "ownership": "D"}, {"maxAge": 1, "shares": 111000, "filerUrl": "", "transactionText": "", "filerName": "Kama Holdings Ltd", "filerRelation": "Promoter", "moneyText": "", "startDate": "2013-09-27", "ownership": "D"}, {"maxAge": 1, "shares": 8003, "filerUrl": "", "transactionText": "", "filerName": "Kama Holdings Ltd", "filerRelation": "Promoter", "moneyText": "", "startDate": "2013-09-02", "ownership": "D"}, {"maxAge": 1, "shares": 4183, "filerUrl": "", "transactionText": "", "filerName": "Kama Holdings Ltd", "filerRelation": "Promoter", "moneyText": "", "startDate": "2013-08-28", "ownership": "D"}, {"maxAge": 1, "shares": 119131, "filerUrl": "", "transactionText": "", "filerName": "Kama Holdings Ltd", "filerRelation": "Promoter", "moneyText": "", "startDate": "2013-06-27", "ownership": "D"}, {"maxAge": 1, "shares": 192113, "filerUrl": "", "transactionText": "", "filerName": "Kama Holdings Ltd", "filerRelation": "Promoter", "moneyText": "", "startDate": "2013-06-25", "ownership": "D"}, {"maxAge": 1, "shares": 17097, "filerUrl": "", "transactionText": "", "filerName": "Kama Holdings Ltd", "filerRelation": "Promoter", "moneyText": "", "startDate": "2013-06-24", "ownership": "D"}, {"maxAge": 1, "shares": 121202, "filerUrl": "", "transactionText": "", "filerName": "Kama Holdings Ltd", "filerRelation": "Promoter", "moneyText": "", "startDate": "2013-06-21", "ownership": "D"}, {"maxAge": 1, "shares": 39377, "filerUrl": "", "transactionText": "", "filerName": "Kama Holdings Ltd", "filerRelation": "Promoter", "moneyText": "", "startDate": "2013-06-20", "ownership": "D"}, {"maxAge": 1, "shares": 18741, "filerUrl": "", "transactionText": "", "filerName": "Kama Holdings Ltd", "filerRelation": "Promoter", "moneyText": "", "startDate": "2013-06-19", "ownership": "D"}, {"maxAge": 1, "shares": 544947, "filerUrl": "", "transactionText": "", "filerName": "Kama Holdings Ltd", "filerRelation": "Promoter", "moneyText": "", "startDate": "2013-06-18", "ownership": "D"}, {"maxAge": 1, "shares": 40000, "filerUrl": "", "transactionText": "", "filerName": "Kama Holdings Ltd", "filerRelation": "Promoter", "moneyText": "", "startDate": "2012-03-23", "ownership": "D"}, {"maxAge": 1, "shares": 75000, "filerUrl": "", "transactionText": "", "filerName": "Kama Holdings Ltd", "filerRelation": "Promoter", "moneyText": "", "startDate": "2012-03-23", "ownership": "D"}, {"maxAge": 1, "shares": 40000, "filerUrl": "", "transactionText": "", "filerName": "Ram (Arun Bharat)", "filerRelation": "Executive Chairman", "moneyText": "", "startDate": "2012-03-23", "ownership": "D"}], "maxAge": 1}, "sectorTrend": {"maxAge": 1, "symbol": null, "estimates": []}, "incomeStatementHistoryQuarterly": {"incomeStatementHistory": [{"maxAge": 1, "endDate": "2020-12-31", "totalRevenue": 21464100000, "costOfRevenue": 12132400000, "grossProfit": 9331700000, "researchDevelopment": {}, "sellingGeneralAdministrative": 1578600000, "nonRecurring": {}, "otherOperatingExpenses": 2306700000, "totalOperatingExpenses": 17183300000, "operatingIncome": 4280800000, "totalOtherIncomeExpenseNet": 146700000, "ebit": 4280800000, "interestExpense": -284900000, "incomeBeforeTax": 4427500000, "incomeTaxExpense": 1185000000, "minorityInterest": {}, "netIncomeFromContinuingOps": 3242500000, "discontinuedOperations": 4800000, "extraordinaryItems": {}, "effectOfAccountingCharges": {}, "otherItems": {}, "netIncome": 3247300000, "netIncomeApplicableToCommonShares": 3247300000}, {"maxAge": 1, "endDate": "2020-09-30", "totalRevenue": 21008300000, "costOfRevenue": 11447600000, "grossProfit": 9560700000, "researchDevelopment": {}, "sellingGeneralAdministrative": 1507400000, "nonRecurring": {}, "otherOperatingExpenses": 2232500000, "totalOperatingExpenses": 16327700000, "operatingIncome": 4680600000, "totalOtherIncomeExpenseNet": -359900000, "ebit": 4680600000, "interestExpense": -361500000, "incomeBeforeTax": 4320700000, "incomeTaxExpense": 1163900000, "minorityInterest": {}, "netIncomeFromContinuingOps": 3156800000, "discontinuedOperations": -4800000, "extraordinaryItems": {}, "effectOfAccountingCharges": {}, "otherItems": {}, "netIncome": 3152000000, "netIncomeApplicableToCommonShares": 3152000000}, {"maxAge": 1, "endDate": "2020-06-30", "totalRevenue": 15451500000, "costOfRevenue": 7415200000, "grossProfit": 8036300000, "researchDevelopment": {}, "sellingGeneralAdministrative": 1374900000, "nonRecurring": {}, "otherOperatingExpenses": 3028900000, "totalOperatingExpenses": 12859200000, "operatingIncome": 2592300000, "totalOtherIncomeExpenseNet": -330600000, "ebit": 2592300000, "interestExpense": -431600000, "incomeBeforeTax": 2261700000, "incomeTaxExpense": 493000000, "minorityInterest": {}, "netIncomeFromContinuingOps": 1768700000, "discontinuedOperations": 2200000, "extraordinaryItems": {}, "effectOfAccountingCharges": {}, "otherItems": {}, "netIncome": 1770900000, "netIncomeApplicableToCommonShares": 1770900000}, {"maxAge": 1, "endDate": "2020-03-31", "totalRevenue": 18578300000, "costOfRevenue": 6202600000, "grossProfit": 12375700000, "researchDevelopment": {}, "sellingGeneralAdministrative": 1617800000, "nonRecurring": {}, "otherOperatingExpenses": 6789900000, "totalOperatingExpenses": 15624000000, "operatingIncome": 2954300000, "totalOtherIncomeExpenseNet": -757900000, "ebit": 2954300000, "interestExpense": -337500000, "incomeBeforeTax": 2196400000, "incomeTaxExpense": 254800000, "minorityInterest": {}, "netIncomeFromContinuingOps": 1941600000, "discontinuedOperations": -84100000, "extraordinaryItems": {}, "effectOfAccountingCharges": {}, "otherItems": {}, "netIncome": 1857500000, "netIncomeApplicableToCommonShares": 1857500000}], "maxAge": 86400}, "cashflowStatementHistoryQuarterly": {"cashflowStatements": [{"maxAge": 1, "endDate": "2020-12-31", "netIncome": 3247300000, "changeToLiabilities": 0}, {"maxAge": 1, "endDate": "2020-09-30", "netIncome": 3152000000, "depreciation": 1148600000, "changeToNetincome": 733100000, "changeToAccountReceivables": -606300000, "changeToLiabilities": 2240800000, "changeToInventory": -549400000, "changeToOperatingActivities": -303200000, "totalCashFromOperatingActivities": 5807200000, "capitalExpenditures": -2243500000, "investments": 361400000, "otherCashflowsFromInvestingActivities": 1091900000, "totalCashflowsFromInvestingActivities": -783800000, "dividendsPaid": -283500000, "netBorrowings": -5835300000, "otherCashflowsFromFinancingActivities": -306300000, "totalCashFromFinancingActivities": -6425100000, "effectOfExchangeRate": -200000, "changeInCash": -1401900000}, {"maxAge": 1, "endDate": "2020-06-30", "netIncome": 1770900000, "depreciation": 1031800000, "changeToNetincome": 582700000, "changeToAccountReceivables": -1645200000, "changeToLiabilities": -2202000000, "changeToInventory": 820600000, "changeToOperatingActivities": 1035400000, "totalCashFromOperatingActivities": 1402600000, "capitalExpenditures": -1954800000, "investments": -2223800000, "otherCashflowsFromInvestingActivities": -791100000, "totalCashflowsFromInvestingActivities": -4968100000, "dividendsPaid": -3900000, "netBorrowings": 6276500000, "otherCashflowsFromFinancingActivities": -652300000, "totalCashFromFinancingActivities": 5620300000, "effectOfExchangeRate": 7300000, "changeInCash": 2062100000}, {"maxAge": 1, "endDate": "2020-03-31", "netIncome": 1857500000, "depreciation": 1031800000, "changeToNetincome": 582700000, "changeToAccountReceivables": -1645200000, "changeToLiabilities": 0, "changeToInventory": 820600000, "changeToOperatingActivities": 1035400000, "totalCashFromOperatingActivities": 1402600000, "capitalExpenditures": -1954800000, "investments": -2223800000, "otherCashflowsFromInvestingActivities": -791100000, "totalCashflowsFromInvestingActivities": -4968100000, "dividendsPaid": -3900000, "netBorrowings": 6276500000, "otherCashflowsFromFinancingActivities": -652300000, "totalCashFromFinancingActivities": 5620300000, "effectOfExchangeRate": 7300000, "changeInCash": 2062100000}], "maxAge": 86400}, "earnings": {"maxAge": 86400, "earningsChart": {"quarterly": [{"date": "4Q2016", "actual": 18.23, "estimate": 19.92}, {"date": "1Q2017", "actual": 22.5, "estimate": 19.71}, {"date": "2Q2017", "actual": 18.08, "estimate": 23.61}, {"date": "3Q2017", "actual": 17.9, "estimate": 18.49}], "currentQuarterEstimate": 19.31, "currentQuarterEstimateDate": "4Q", "currentQuarterEstimateYear": 2017, "earningsDate": []}, "financialsChart": {"yearly": [{"date": 2017, "revenue": 48218000000, "earnings": 5149900000}, {"date": 2018, "revenue": 55890400000, "earnings": 4617100000}, {"date": 2019, "revenue": 70995900000, "earnings": 6416300000}, {"date": 2020, "revenue": 72094100000, "earnings": 10190900000}], "quarterly": [{"date": "1Q2020", "revenue": 18578300000, "earnings": 1857500000}, {"date": "2Q2020", "revenue": 15451500000, "earnings": 1770900000}, {"date": "3Q2020", "revenue": 21008300000, "earnings": 3152000000}, {"date": "4Q2020", "revenue": 21464100000, "earnings": 3247300000}]}, "financialCurrency": "INR"}, "financialData": {"maxAge": 86400, "currentPrice": 6431.1, "targetHighPrice": 2202.0, "targetLowPrice": 1386.0, "targetMeanPrice": 1781.73, "targetMedianPrice": 1764.0, "recommendationMean": 2.0, "recommendationKey": "buy", "numberOfAnalystOpinions": 15, "totalCash": 7792900096, "totalCashPerShare": 132.205, "ebitda": 19217074176, "totalDebt": 37625098240, "totalRevenue": 76502196224, "debtToEquity": 68.94, "revenuePerShare": 1322.545, "grossProfits": 33187000000, "earningsGrowth": -0.077, "revenueGrowth": 0.16, "grossMargins": 0.49765, "ebitdaMargins": 0.25120002, "operatingMargins": 0.19083, "profitMargins": 0.13108, "financialCurrency": "INR"}}}