{"SRHHYPOLTD.BO": {"recommendationTrend": {"trend": [{"period": "0m", "strongBuy": 0, "buy": 0, "hold": 0, "sell": 0, "strongSell": 0}, {"period": "-1m", "strongBuy": 0, "buy": 0, "hold": 0, "sell": 0, "strongSell": 0}, {"period": "-2m", "strongBuy": 0, "buy": 0, "hold": 0, "sell": 0, "strongSell": 0}, {"period": "-3m", "strongBuy": 0, "buy": 0, "hold": 0, "sell": 0, "strongSell": 0}], "maxAge": 86400}, "cashflowStatementHistory": {"cashflowStatements": [{"maxAge": 1, "endDate": "2020-03-31", "netIncome": 379072000, "depreciation": 502737000, "changeToNetincome": 32096000, "changeToAccountReceivables": 58656000, "changeToLiabilities": -168322000, "changeToInventory": 3400000, "changeToOperatingActivities": 170753000, "totalCashFromOperatingActivities": 978392000, "capitalExpenditures": -80583000, "otherCashflowsFromInvestingActivities": -295436000, "totalCashflowsFromInvestingActivities": -376019000, "dividendsPaid": -41386000, "netBorrowings": -85671000, "otherCashflowsFromFinancingActivities": -76572000, "totalCashFromFinancingActivities": -203629000, "changeInCash": 398744000}, {"maxAge": 1, "endDate": "2019-03-31", "netIncome": 204257000, "depreciation": 449186000, "changeToNetincome": 231746000, "changeToAccountReceivables": -309455000, "changeToLiabilities": 189656000, "changeToInventory": -5259000, "changeToOperatingActivities": -162887000, "totalCashFromOperatingActivities": 597244000, "capitalExpenditures": -449438000, "investments": 276818000, "otherCashflowsFromInvestingActivities": -62611000, "totalCashflowsFromInvestingActivities": -235231000, "dividendsPaid": -39252000, "netBorrowings": -240355000, "otherCashflowsFromFinancingActivities": -157635000, "totalCashFromFinancingActivities": -374039000, "changeInCash": -12025000, "issuanceOfStock": 63203000}, {"maxAge": 1, "endDate": "2018-03-31", "netIncome": 366063000, "depreciation": 186607000, "changeToNetincome": -46314000, "changeToAccountReceivables": -266881000, "changeToLiabilities": -118382000, "changeToInventory": -77349000, "changeToOperatingActivities": 7450000, "totalCashFromOperatingActivities": 51194000, "capitalExpenditures": -279755000, "investments": 276818000, "otherCashflowsFromInvestingActivities": 6116000, "totalCashflowsFromInvestingActivities": -273639000, "dividendsPaid": -27986000, "netBorrowings": 199419000, "otherCashflowsFromFinancingActivities": -69999000, "totalCashFromFinancingActivities": 161477000, "changeInCash": -60966000, "issuanceOfStock": 60043000}, {"maxAge": 1, "endDate": "2017-03-31", "netIncome": 87336151, "depreciation": 103514210, "changeToNetincome": -46314000, "changeToAccountReceivables": -40103087, "changeToLiabilities": -196340757, "changeToInventory": 99934382, "changeToOperatingActivities": -129859013, "totalCashFromOperatingActivities": -75518114, "capitalExpenditures": -13191731, "investments": 276818000, "otherCashflowsFromInvestingActivities": 6116000, "totalCashflowsFromInvestingActivities": -13191731, "dividendsPaid": -27986000, "netBorrowings": 8406571, "otherCashflowsFromFinancingActivities": 98219343, "totalCashFromFinancingActivities": 106625914, "changeInCash": 17916069, "issuanceOfStock": 60043000}], "maxAge": 86400}, "institutionOwnership": {"ownershipList": [], "maxAge": 1}, "balanceSheetHistoryQuarterly": {"balanceSheetStatements": [{"maxAge": 1, "endDate": "2020-06-30", "totalStockholderEquity": 3115620000, "netTangibleAssets": 3115620000}, {"maxAge": 1, "endDate": "2020-03-31", "cash": 864260000, "shortTermInvestments": 29493000, "netReceivables": 828632000, "inventory": 367083000, "otherCurrentAssets": 386761000, "totalCurrentAssets": 2476229000, "longTermInvestments": 184259000, "propertyPlantEquipment": 1407905000, "otherAssets": 380037000, "totalAssets": 4448430000, "accountsPayable": 249922000, "otherCurrentLiab": 479927000, "longTermDebt": 9438000, "otherLiab": 79388000, "totalCurrentLiabilities": 1151179000, "totalLiab": 1332810000, "commonStock": 171648000, "treasuryStock": 2943972000, "otherStockholderEquity": 2943972000, "totalStockholderEquity": 3115620000, "netTangibleAssets": 3115620000}, {"maxAge": 1, "endDate": "2019-12-31", "totalStockholderEquity": 3155324000, "netTangibleAssets": 3155324000}, {"maxAge": 1, "endDate": "2019-09-30", "cash": 457288000, "shortTermInvestments": 5697000, "netReceivables": 788084000, "inventory": 392220000, "otherCurrentAssets": 409301000, "totalCurrentAssets": 2052590000, "longTermInvestments": 403084000, "propertyPlantEquipment": 1852641000, "otherAssets": 119828000, "totalAssets": 4428143000, "accountsPayable": 274977000, "otherCurrentLiab": 399705000, "longTermDebt": 41928000, "otherLiab": 270240000, "totalCurrentLiabilities": 960651000, "totalLiab": 1272819000, "commonStock": 171648000, "treasuryStock": 2983676000, "otherStockholderEquity": 2983676000, "totalStockholderEquity": 3155324000, "netTangibleAssets": 3155324000}], "maxAge": 86400}, "earningsHistory": {"history": [{"maxAge": 1, "epsActual": {}, "epsEstimate": {}, "epsDifference": {}, "surprisePercent": {}, "quarter": {}, "period": "-4q"}, {"maxAge": 1, "epsActual": {}, "epsEstimate": {}, "epsDifference": {}, "surprisePercent": {}, "quarter": {}, "period": "-3q"}, {"maxAge": 1, "epsActual": {}, "epsEstimate": {}, "epsDifference": {}, "surprisePercent": {}, "quarter": {}, "period": "-2q"}, {"maxAge": 1, "epsActual": 0.78, "epsEstimate": 3.83, "epsDifference": -3.05, "surprisePercent": -0.796, "quarter": "2017-12-31", "period": "-1q"}], "maxAge": 86400}, "indexTrend": {"maxAge": 1, "symbol": "SP5", "peRatio": 19.7411, "pegRatio": 1.34172, "estimates": [{"period": "0q", "growth": 0.549}, {"period": "+1q", "growth": 0.431}, {"period": "0y", "growth": 0.305}, {"period": "+1y", "growth": 0.109}, {"period": "+5y", "growth": 0.120865}, {"period": "-5y"}]}, "industryTrend": {"maxAge": 1, "symbol": null, "estimates": []}, "insiderTransactions": {"transactions": [{"maxAge": 1, "shares": 415737, "filerUrl": "", "transactionText": "", "filerName": "Bharath (T G)", "filerRelation": "Promoter", "moneyText": "", "startDate": "2018-09-27", "ownership": "D"}, {"maxAge": 1, "shares": 315737, "filerUrl": "", "transactionText": "", "filerName": "Bharath (T G)", "filerRelation": "Promoter", "moneyText": "", "startDate": "2018-03-26", "ownership": "D"}, {"maxAge": 1, "shares": 215737, "filerUrl": "", "transactionText": "", "filerName": "Bharath (T G)", "filerRelation": "Promoter", "moneyText": "", "startDate": "2018-03-26", "ownership": "D"}, {"maxAge": 1, "shares": 2931854, "filerUrl": "", "transactionText": "", "filerName": "Gopal (Gowri)", "filerRelation": "UNREPORTED", "moneyText": "", "startDate": "2017-03-31", "ownership": "D"}, {"maxAge": 1, "shares": 1857788, "filerUrl": "", "transactionText": "", "filerName": "Gopal (Gowri)", "filerRelation": "UNREPORTED", "moneyText": "", "startDate": "2017-03-31", "ownership": "D"}, {"maxAge": 1, "shares": 2594573, "filerUrl": "", "transactionText": "", "filerName": "Gopal (Gowri)", "filerRelation": "UNREPORTED", "moneyText": "", "startDate": "2017-03-31", "ownership": "D"}, {"maxAge": 1, "shares": 337281, "filerUrl": "", "transactionText": "", "filerName": "Gopal (Gowri)", "filerRelation": "UNREPORTED", "moneyText": "", "startDate": "2017-03-31", "ownership": "D"}, {"maxAge": 1, "shares": 315737, "filerUrl": "", "transactionText": "", "filerName": "Bharath (T G)", "filerRelation": "Promoter", "moneyText": "", "startDate": "2017-03-31", "ownership": "D"}, {"maxAge": 1, "shares": 15737, "filerUrl": "", "transactionText": "", "filerName": "Bharath (T G)", "filerRelation": "Promoter", "moneyText": "", "startDate": "2017-03-31", "ownership": "D"}, {"maxAge": 1, "shares": 215737, "filerUrl": "", "transactionText": "", "filerName": "Bharath (T G)", "filerRelation": "Promoter", "moneyText": "", "startDate": "2017-03-31", "ownership": "D"}, {"maxAge": 1, "shares": 100000, "filerUrl": "", "transactionText": "", "filerName": "Bharath (T G)", "filerRelation": "Promoter", "moneyText": "", "startDate": "2017-03-31", "ownership": "D"}], "maxAge": 1}, "quoteType": {"exchange": "BSE", "quoteType": "EQUITY", "symbol": "SRHHYPOLTD.BO", "underlyingSymbol": "SRHHYPOLTD.BO", "shortName": "SREE RAYALASEEMA HI-STRENGTH H", "longName": "Sree Rayalaseema Hi-Strength Hypo Limited", "firstTradeDateEpochUtc": "2001-12-31 09:15:00", "timeZoneFullName": "Asia/Kolkata", "timeZoneShortName": "IST", "uuid": "cc899b98-ec0a-3463-b7ce-acc614ba9718", "gmtOffSetMilliseconds": 19800000, "maxAge": 1}, "incomeStatementHistory": {"incomeStatementHistory": [{"maxAge": 1, "endDate": "2020-03-31", "totalRevenue": 6891022000, "costOfRevenue": 4365821000, "grossProfit": 2525201000, "researchDevelopment": {}, "sellingGeneralAdministrative": 225272000, "nonRecurring": {}, "otherOperatingExpenses": 1295023000, "totalOperatingExpenses": 6388853000, "operatingIncome": 502169000, "totalOtherIncomeExpenseNet": -47727000, "ebit": 502169000, "interestExpense": -86896000, "incomeBeforeTax": 454442000, "incomeTaxExpense": 75370000, "minorityInterest": {}, "netIncomeFromContinuingOps": 379072000, "discontinuedOperations": {}, "extraordinaryItems": {}, "effectOfAccountingCharges": {}, "otherItems": {}, "netIncome": 379072000, "netIncomeApplicableToCommonShares": 379072000}, {"maxAge": 1, "endDate": "2019-03-31", "totalRevenue": 7021405000, "costOfRevenue": 4986606000, "grossProfit": 2034799000, "researchDevelopment": {}, "sellingGeneralAdministrative": 241606000, "nonRecurring": {}, "otherOperatingExpenses": 763052000, "totalOperatingExpenses": 6485898000, "operatingIncome": 535507000, "totalOtherIncomeExpenseNet": -113446000, "ebit": 535507000, "interestExpense": -74171000, "incomeBeforeTax": 422061000, "incomeTaxExpense": 217804000, "minorityInterest": {}, "netIncomeFromContinuingOps": 204257000, "discontinuedOperations": {}, "extraordinaryItems": {}, "effectOfAccountingCharges": {}, "otherItems": {}, "netIncome": 204257000, "netIncomeApplicableToCommonShares": 204257000}, {"maxAge": 1, "endDate": "2018-03-31", "totalRevenue": 5460759000, "costOfRevenue": 4114615000, "grossProfit": 1346144000, "researchDevelopment": {}, "sellingGeneralAdministrative": 214297000, "nonRecurring": {}, "otherOperatingExpenses": 671960000, "totalOperatingExpenses": 5187479000, "operatingIncome": 273280000, "totalOtherIncomeExpenseNet": 96854000, "ebit": 273280000, "interestExpense": -53031000, "incomeBeforeTax": 370134000, "incomeTaxExpense": 4071000, "minorityInterest": {}, "netIncomeFromContinuingOps": 366063000, "discontinuedOperations": {}, "extraordinaryItems": {}, "effectOfAccountingCharges": {}, "otherItems": {}, "netIncome": 366063000, "netIncomeApplicableToCommonShares": 366063000}, {"maxAge": 1, "endDate": "2017-03-31", "totalRevenue": 1642877077, "costOfRevenue": 972726593, "grossProfit": 670150484, "researchDevelopment": {}, "sellingGeneralAdministrative": 54426386, "nonRecurring": {}, "otherOperatingExpenses": 401484198, "totalOperatingExpenses": 1532151387, "operatingIncome": 110725690, "totalOtherIncomeExpenseNet": -24310221, "ebit": 110725690, "interestExpense": -24949147, "incomeBeforeTax": 86415469, "incomeTaxExpense": -920682, "minorityInterest": {}, "netIncomeFromContinuingOps": 87336151, "discontinuedOperations": {}, "extraordinaryItems": {}, "effectOfAccountingCharges": {}, "otherItems": {}, "netIncome": 87336151, "netIncomeApplicableToCommonShares": 87336151}], "maxAge": 86400}, "fundOwnership": {"ownershipList": [], "maxAge": 1}, "summaryDetail": {"maxAge": 1, "priceHint": 2, "previousClose": 277.75, "open": 271.1, "dayLow": 265.0, "dayHigh": 285.0, "regularMarketPreviousClose": 277.75, "regularMarketOpen": 271.1, "regularMarketDayLow": 265.0, "regularMarketDayHigh": 285.0, "trailingPE": 10.99295, "forwardPE": 14.829968, "volume": 4670, "regularMarketVolume": 4670, "averageVolume": 6953, "averageVolume10days": 1791, "averageDailyVolume10Day": 1791, "bid": 276.0, "ask": 285.0, "bidSize": 0, "askSize": 0, "marketCap": 4790695936, "fiftyTwoWeekLow": 65.05, "fiftyTwoWeekHigh": 285.0, "fiftyDayAverage": 242.21515, "twoHundredDayAverage": 199.5, "trailingAnnualDividendRate": 2.5, "trailingAnnualDividendYield": 0.0090009, "currency": "INR", "fromCurrency": null, "lastMarket": null, "algorithm": null, "tradeable": false}, "sectorTrend": {"maxAge": 1, "symbol": null, "estimates": []}, "incomeStatementHistoryQuarterly": {"incomeStatementHistory": [{"maxAge": 1, "endDate": "2020-06-30", "totalRevenue": 1947951000, "costOfRevenue": 1224938000, "grossProfit": 723013000, "researchDevelopment": {}, "sellingGeneralAdministrative": 51921000, "nonRecurring": {}, "otherOperatingExpenses": 348470000, "totalOperatingExpenses": 1751417000, "operatingIncome": 196534000, "totalOtherIncomeExpenseNet": -11916000, "ebit": 196534000, "interestExpense": -21625000, "incomeBeforeTax": 184618000, "incomeTaxExpense": 48735000, "minorityInterest": {}, "netIncomeFromContinuingOps": 135883000, "discontinuedOperations": {}, "extraordinaryItems": {}, "effectOfAccountingCharges": {}, "otherItems": {}, "netIncome": 135883000, "netIncomeApplicableToCommonShares": 135883000}, {"maxAge": 1, "endDate": "2020-03-31", "totalRevenue": 1797033000, "costOfRevenue": 1251840000, "grossProfit": 545193000, "researchDevelopment": {}, "sellingGeneralAdministrative": 71276000, "nonRecurring": {}, "otherOperatingExpenses": 248616000, "totalOperatingExpenses": 1697416000, "operatingIncome": 99617000, "totalOtherIncomeExpenseNet": -2325000, "ebit": 99617000, "interestExpense": -24945000, "incomeBeforeTax": 97292000, "incomeTaxExpense": -16317000, "minorityInterest": {}, "netIncomeFromContinuingOps": 113609000, "discontinuedOperations": {}, "extraordinaryItems": {}, "effectOfAccountingCharges": {}, "otherItems": {}, "netIncome": 113609000, "netIncomeApplicableToCommonShares": 113609000}, {"maxAge": 1, "endDate": "2019-12-31", "totalRevenue": 1730237000, "costOfRevenue": 1082298000, "grossProfit": 647939000, "researchDevelopment": {}, "sellingGeneralAdministrative": 50268000, "nonRecurring": {}, "otherOperatingExpenses": 312906000, "totalOperatingExpenses": 1571157000, "operatingIncome": 159080000, "totalOtherIncomeExpenseNet": -7771000, "ebit": 159080000, "interestExpense": -19068000, "incomeBeforeTax": 151309000, "incomeTaxExpense": 46198000, "minorityInterest": {}, "netIncomeFromContinuingOps": 105111000, "discontinuedOperations": {}, "extraordinaryItems": {}, "effectOfAccountingCharges": {}, "otherItems": {}, "netIncome": 105111000, "netIncomeApplicableToCommonShares": 105111000}, {"maxAge": 1, "endDate": "2019-09-30", "totalRevenue": 1621138000, "costOfRevenue": 945150000, "grossProfit": 675988000, "researchDevelopment": {}, "sellingGeneralAdministrative": 52127000, "nonRecurring": {}, "otherOperatingExpenses": 370606000, "totalOperatingExpenses": 1493567000, "operatingIncome": 127571000, "totalOtherIncomeExpenseNet": -17862000, "ebit": 127571000, "interestExpense": -20680000, "incomeBeforeTax": 109709000, "incomeTaxExpense": 28488000, "minorityInterest": {}, "netIncomeFromContinuingOps": 81221000, "discontinuedOperations": {}, "extraordinaryItems": {}, "effectOfAccountingCharges": {}, "otherItems": {}, "netIncome": 81221000, "netIncomeApplicableToCommonShares": 81221000}], "maxAge": 86400}, "cashflowStatementHistoryQuarterly": {"cashflowStatements": [{"maxAge": 1, "endDate": "2020-06-30", "netIncome": 135883000, "changeToLiabilities": 0}, {"maxAge": 1, "endDate": "2020-03-31", "netIncome": 113609000, "changeToLiabilities": 0}, {"maxAge": 1, "endDate": "2019-12-31", "netIncome": 105111000, "changeToLiabilities": 0}, {"maxAge": 1, "endDate": "2019-09-30", "netIncome": 81221000, "changeToLiabilities": 0}], "maxAge": 86400}, "insiderHolders": {"holders": [{"maxAge": 1, "name": "Bharath (T G)", "relation": "Promoter", "url": "", "transactionDescription": "Other", "latestTransDate": "2018-09-27", "positionDirect": 515737, "positionDirectDate": "2018-09-27"}, {"maxAge": 1, "name": "Gopal (Gowri)", "relation": "UNREPORTED", "url": "", "transactionDescription": "Other", "latestTransDate": "2017-03-31", "positionDirect": 736785, "positionDirectDate": "2017-03-31"}], "maxAge": 1}, "earnings": {"maxAge": 86400, "earningsChart": {"quarterly": [{"date": "4Q2017", "actual": 0.78, "estimate": 3.83}], "currentQuarterEstimateDate": "1Q", "currentQuarterEstimateYear": 2018, "earningsDate": []}, "financialsChart": {"yearly": [{"date": 2017, "revenue": 1642877077, "earnings": 87336151}, {"date": 2018, "revenue": 5460759000, "earnings": 366063000}, {"date": 2019, "revenue": 7021405000, "earnings": 204257000}, {"date": 2020, "revenue": 6891022000, "earnings": 379072000}], "quarterly": [{"date": "3Q2019", "revenue": 1621138000, "earnings": 81221000}, {"date": "4Q2019", "revenue": 1730237000, "earnings": 105111000}, {"date": "1Q2020", "revenue": 1797033000, "earnings": 113609000}, {"date": "2Q2020", "revenue": 1947951000, "earnings": 135883000}]}, "financialCurrency": "INR"}, "calendarEvents": {"maxAge": 1, "earnings": {"earningsDate": [], "revenueAverage": 1812190000}}, "upgradeDowngradeHistory": {"history": [], "maxAge": 86400}, "price": {"maxAge": 1, "regularMarketChangePercent": 0.0048605083, "regularMarketChange": 1.3500061, "regularMarketTime": "2021-04-30 15:28:03", "priceHint": 2, "regularMarketPrice": 279.1, "regularMarketDayHigh": 285.0, "regularMarketDayLow": 265.0, "regularMarketVolume": 4670, "averageDailyVolume10Day": 1791, "averageDailyVolume3Month": 6953, "regularMarketPreviousClose": 277.75, "regularMarketSource": "FREE_REALTIME", "regularMarketOpen": 271.1, "exchange": "BSE", "exchangeName": "BSE", "exchangeDataDelayedBy": 0, "marketState": "CLOSED", "quoteType": "EQUITY", "symbol": "SRHHYPOLTD.BO", "underlyingSymbol": null, "shortName": "SREE RAYALASEEMA HI-STRENGTH H", "longName": "Sree Rayalaseema Hi-Strength Hypo Limited", "currency": "INR", "quoteSourceName": "Delayed Quote", "currencySymbol": "\u20b9", "fromCurrency": null, "lastMarket": null, "marketCap": 4790695936}, "balanceSheetHistory": {"balanceSheetStatements": [{"maxAge": 1, "endDate": "2020-03-31", "cash": 864260000, "shortTermInvestments": 29493000, "netReceivables": 828632000, "inventory": 367083000, "otherCurrentAssets": 386761000, "totalCurrentAssets": 2476229000, "longTermInvestments": 184259000, "propertyPlantEquipment": 1407905000, "otherAssets": 380037000, "totalAssets": 4448430000, "accountsPayable": 249922000, "otherCurrentLiab": 479927000, "longTermDebt": 9438000, "otherLiab": 79388000, "totalCurrentLiabilities": 1151179000, "totalLiab": 1332810000, "commonStock": 171648000, "treasuryStock": 2943972000, "otherStockholderEquity": 2943972000, "totalStockholderEquity": 3115620000, "netTangibleAssets": 3115620000}, {"maxAge": 1, "endDate": "2019-03-31", "cash": 17762000, "netReceivables": 1133048000, "inventory": 370483000, "otherCurrentAssets": 417208000, "totalCurrentAssets": 1945020000, "longTermInvestments": 650577000, "propertyPlantEquipment": 1943819000, "otherAssets": 158768000, "totalAssets": 4698184000, "accountsPayable": 418243000, "shortLongTermDebt": 63855000, "otherCurrentLiab": 182730000, "longTermDebt": 59449000, "otherLiab": 204992000, "totalCurrentLiabilities": 1180593000, "totalLiab": 1445034000, "commonStock": 171648000, "retainedEarnings": 2330676000, "treasuryStock": 448167000, "capitalSurplus": 302659000, "otherStockholderEquity": 448167000, "totalStockholderEquity": 3253150000, "netTangibleAssets": 3253150000}, {"maxAge": 1, "endDate": "2018-03-31", "cash": 29787000, "netReceivables": 791892000, "inventory": 365225000, "otherCurrentAssets": 275845000, "totalCurrentAssets": 1466304000, "longTermInvestments": 1052114000, "propertyPlantEquipment": 1943567000, "otherAssets": 141408000, "totalAssets": 4603393000, "accountsPayable": 228587000, "shortLongTermDebt": 85034000, "otherCurrentLiab": 240790000, "longTermDebt": 216928000, "otherLiab": 76790000, "totalCurrentLiabilities": 1129807000, "totalLiab": 1423525000, "commonStock": 163066000, "retainedEarnings": 2165671000, "treasuryStock": 624160000, "capitalSurplus": 226971000, "otherStockholderEquity": 624160000, "totalStockholderEquity": 3179868000, "netTangibleAssets": 3179868000}, {"maxAge": 1, "endDate": "2017-03-31", "cash": 75904192, "netReceivables": 641808132, "inventory": 121647168, "otherCurrentAssets": 305561999, "totalCurrentAssets": 1145285401, "longTermInvestments": 232619339, "propertyPlantEquipment": 1874718736, "otherAssets": 147420685, "totalAssets": 3400044161, "accountsPayable": 39793222, "shortLongTermDebt": 52556960, "otherCurrentLiab": 265987640, "longTermDebt": 274307288, "otherLiab": 330653065, "totalCurrentLiabilities": 830054963, "totalLiab": 1435015316, "commonStock": 147166890, "retainedEarnings": 1725283091, "treasuryStock": 5820690, "capitalSurplus": 86758174, "otherStockholderEquity": 5820690, "totalStockholderEquity": 1965028845, "netTangibleAssets": 1965028845}], "maxAge": 86400}, "earningsTrend": {"trend": [{"maxAge": 1, "period": "0q", "endDate": "2018-03-31", "growth": {}, "earningsEstimate": {"avg": 0.0, "low": 0.0, "high": 0.0, "yearAgoEps": {}, "numberOfAnalysts": 0, "growth": {}}, "revenueEstimate": {"avg": 1812190000, "low": 0, "high": 0, "numberOfAnalysts": 0, "yearAgoRevenue": {}, "growth": {}}, "epsTrend": {"current": 0.0, "7daysAgo": 0.0, "30daysAgo": 0.0, "60daysAgo": 0.0, "90daysAgo": 0.0}, "epsRevisions": {"upLast7days": 0, "upLast30days": 0, "downLast30days": 0, "downLast90days": {}}}, {"maxAge": 1, "period": "+1q", "endDate": "2018-06-30", "growth": {}, "earningsEstimate": {"avg": 0.0, "low": 0.0, "high": 0.0, "yearAgoEps": {}, "numberOfAnalysts": 0, "growth": {}}, "revenueEstimate": {"avg": 1681310000, "low": 0, "high": 0, "numberOfAnalysts": 0, "yearAgoRevenue": {}, "growth": {}}, "epsTrend": {"current": 0.0, "7daysAgo": 0.0, "30daysAgo": 0.0, "60daysAgo": 0.0, "90daysAgo": 0.0}, "epsRevisions": {"upLast7days": 0, "upLast30days": 0, "downLast30days": 0, "downLast90days": {}}}, {"maxAge": 1, "period": "0y", "endDate": "2018-03-31", "growth": {}, "earningsEstimate": {"avg": 0.0, "low": 0.0, "high": 0.0, "yearAgoEps": {}, "numberOfAnalysts": 0, "growth": {}}, "revenueEstimate": {"avg": 5589280000, "low": 4749630000, "high": 4749630000, "numberOfAnalysts": 1, "yearAgoRevenue": {}, "growth": {}}, "epsTrend": {"current": 0.0, "7daysAgo": 15.75, "30daysAgo": 15.75, "60daysAgo": 15.75, "90daysAgo": 15.75}, "epsRevisions": {"upLast7days": 0, "upLast30days": 0, "downLast30days": 0, "downLast90days": {}}}, {"maxAge": 1, "period": "+1y", "endDate": "2019-03-31", "growth": {}, "earningsEstimate": {"avg": 0.0, "low": 0.0, "high": 0.0, "yearAgoEps": {}, "numberOfAnalysts": 0, "growth": {}}, "revenueEstimate": {"avg": 5528570000, "low": 5528570000, "high": 5528570000, "numberOfAnalysts": 1, "yearAgoRevenue": 5589280000, "growth": -0.011}, "epsTrend": {"current": 0.0, "7daysAgo": 18.82, "30daysAgo": 18.82, "60daysAgo": 18.82, "90daysAgo": 18.82}, "epsRevisions": {"upLast7days": 0, "upLast30days": 0, "downLast30days": 0, "downLast90days": {}}}, {"maxAge": 1, "period": "+5y", "endDate": null, "growth": {}, "earningsEstimate": {"avg": {}, "low": {}, "high": {}, "yearAgoEps": {}, "numberOfAnalysts": {}, "growth": {}}, "revenueEstimate": {"avg": {}, "low": {}, "high": {}, "numberOfAnalysts": {}, "yearAgoRevenue": {}, "growth": {}}, "epsTrend": {"current": {}, "7daysAgo": {}, "30daysAgo": {}, "60daysAgo": {}, "90daysAgo": {}}, "epsRevisions": {"upLast7days": {}, "upLast30days": {}, "downLast30days": {}, "downLast90days": {}}}, {"maxAge": 1, "period": "-5y", "endDate": null, "growth": {}, "earningsEstimate": {"avg": {}, "low": {}, "high": {}, "yearAgoEps": {}, "numberOfAnalysts": {}, "growth": {}}, "revenueEstimate": {"avg": {}, "low": {}, "high": {}, "numberOfAnalysts": {}, "yearAgoRevenue": {}, "growth": {}}, "epsTrend": {"current": {}, "7daysAgo": {}, "30daysAgo": {}, "60daysAgo": {}, "90daysAgo": {}}, "epsRevisions": {"upLast7days": {}, "upLast30days": {}, "downLast30days": {}, "downLast90days": {}}}], "maxAge": 1}, "financialData": {"maxAge": 86400, "currentPrice": 279.1, "recommendationKey": "none", "grossProfits": 2525201000, "financialCurrency": "INR"}}}