{"SRHHYPOLTD.NS": {"assetProfile": {"address1": "216, K.J.S.Complex", "address2": "Bhagya Nagar", "city": "Kurnool", "zip": "518004", "country": "India", "phone": "91 85 1822 8750", "fax": "91 85 1822 6656", "website": "http://www.srhhl.com", "industry": "Chemicals", "sector": "Basic Materials", "longBusinessSummary": "Sree Rayalaseema Hi-Strength Hypo Limited engages in the manufacture and sale of chemicals in India. The company operates in two segments, Chemical Manufacturing and Power generation. It offers chloramine, purichlor, oleum, sodium dichloroisocyanurate, hydrogen gas, aluminum sulphate, stable bleaching powder, sodium hydride, sodium methoxide powder, sodium methoxide solution, calcium hypochlorite, and water treatment chemicals; and sulphuric, chloro sulphonic, hydrochloric, and monochloro acetic acids. The company is also involved in the generation of power through thermal, solar, and wind mills; and coal trading business. Sree Rayalaseema Hi-Strength Hypo Limited also exports its products. The company was incorporated in 2005 and is based in Kurnool, India.", "fullTimeEmployees": 430, "companyOfficers": [{"maxAge": 1, "name": "Mr. Tumbalam Gooty Bharath", "age": 44, "title": "Chairman & MD", "yearBorn": 1976, "fiscalYear": 2020, "totalPay": 20129032, "exercisedValue": 0, "unexercisedValue": 0}, {"maxAge": 1, "name": "Mr. Shaik Ifthekhar Ahmed", "title": "CFO and GM of Fin. & Accounting", "fiscalYear": 2020, "totalPay": 893000, "exercisedValue": 0, "unexercisedValue": 0}, {"maxAge": 1, "name": "Ms. Vobugari  Surekha", "age": 50, "title": "GM, Compliance Officer & Company Sec.", "yearBorn": 1970, "fiscalYear": 2020, "totalPay": 775000, "exercisedValue": 0, "unexercisedValue": 0}], "compensationAsOfEpochDate": "2020-12-31 05:30:00", "maxAge": 86400}, "recommendationTrend": {"trend": [{"period": "0m", "strongBuy": 0, "buy": 0, "hold": 0, "sell": 0, "strongSell": 0}, {"period": "-1m", "strongBuy": 0, "buy": 0, "hold": 0, "sell": 0, "strongSell": 0}, {"period": "-2m", "strongBuy": 0, "buy": 0, "hold": 0, "sell": 0, "strongSell": 0}, {"period": "-3m", "strongBuy": 0, "buy": 0, "hold": 0, "sell": 0, "strongSell": 0}], "maxAge": 86400}, "cashflowStatementHistory": {"cashflowStatements": [{"maxAge": 1, "endDate": "2020-03-31", "netIncome": 379072000, "depreciation": 502737000, "changeToNetincome": 46848000, "changeToAccountReceivables": 58656000, "changeToLiabilities": -168322000, "changeToInventory": 3400000, "changeToOperatingActivities": 170753000, "totalCashFromOperatingActivities": 993144000, "capitalExpenditures": -80583000, "otherCashflowsFromInvestingActivities": -295436000, "totalCashflowsFromInvestingActivities": -376019000, "dividendsPaid": -41386000, "netBorrowings": -85671000, "otherCashflowsFromFinancingActivities": -91324000, "totalCashFromFinancingActivities": -218381000, "changeInCash": 398744000}, {"maxAge": 1, "endDate": "2019-03-31", "netIncome": 204257000, "depreciation": 449186000, "changeToNetincome": 231746000, "changeToAccountReceivables": -309455000, "changeToLiabilities": 189656000, "changeToInventory": -5259000, "changeToOperatingActivities": -162887000, "totalCashFromOperatingActivities": 597244000, "capitalExpenditures": -449438000, "investments": 276818000, "otherCashflowsFromInvestingActivities": -62611000, "totalCashflowsFromInvestingActivities": -235231000, "dividendsPaid": -39252000, "netBorrowings": -240355000, "otherCashflowsFromFinancingActivities": -157635000, "totalCashFromFinancingActivities": -374039000, "changeInCash": -12025000, "issuanceOfStock": 63203000}, {"maxAge": 1, "endDate": "2018-03-31", "netIncome": 366063000, "depreciation": 186607000, "changeToNetincome": -46314000, "changeToAccountReceivables": -266881000, "changeToLiabilities": -118382000, "changeToInventory": -77349000, "changeToOperatingActivities": 7450000, "totalCashFromOperatingActivities": 51194000, "capitalExpenditures": -279755000, "investments": 276818000, "otherCashflowsFromInvestingActivities": 6116000, "totalCashflowsFromInvestingActivities": -273639000, "dividendsPaid": -27986000, "netBorrowings": 199419000, "otherCashflowsFromFinancingActivities": -69999000, "totalCashFromFinancingActivities": 161477000, "changeInCash": -60966000, "issuanceOfStock": 60043000}, {"maxAge": 1, "endDate": "2017-03-31", "netIncome": 87336151, "depreciation": 103514210, "changeToNetincome": -46314000, "changeToAccountReceivables": -40103087, "changeToLiabilities": -196340757, "changeToInventory": 99934382, "changeToOperatingActivities": -129859013, "totalCashFromOperatingActivities": -75518114, "capitalExpenditures": -13191731, "investments": 276818000, "otherCashflowsFromInvestingActivities": 6116000, "totalCashflowsFromInvestingActivities": -13191731, "dividendsPaid": -27986000, "netBorrowings": 8406571, "otherCashflowsFromFinancingActivities": 98219343, "totalCashFromFinancingActivities": 106625914, "changeInCash": 17916069, "issuanceOfStock": 60043000}], "maxAge": 86400}, "indexTrend": {"maxAge": 1, "symbol": "SP5", "peRatio": 19.7411, "pegRatio": 1.34172, "estimates": [{"period": "0q", "growth": 0.549}, {"period": "+1q", "growth": 0.431}, {"period": "0y", "growth": 0.305}, {"period": "+1y", "growth": 0.109}, {"period": "+5y", "growth": 0.120865}, {"period": "-5y"}]}, "defaultKeyStatistics": {"maxAge": 1, "priceHint": 2, "enterpriseValue": 4003701504, "forwardPE": 14.707757, "profitMargins": 0.07437, "floatShares": 11777900, "sharesOutstanding": 17164800, "heldPercentInsiders": 0.64162004, "heldPercentInstitutions": 0.0, "beta": 1.443124, "category": null, "bookValue": 208.347, "priceToBook": 1.3285528, "fundFamily": null, "legalType": null, "lastFiscalYearEnd": "2020-03-31 05:30:00", "nextFiscalYearEnd": "2022-03-31 05:30:00", "mostRecentQuarter": "2020-12-31 05:30:00", "earningsQuarterlyGrowth": 0.639, "netIncomeToCommon": 583510016, "trailingEps": 33.987, "forwardEps": 18.82, "lastSplitFactor": null, "enterpriseToRevenue": 0.51, "enterpriseToEbitda": 3.11}, "industryTrend": {"maxAge": 1, "symbol": null, "estimates": []}, "quoteType": {"exchange": "NSI", "quoteType": "EQUITY", "symbol": "SRHHYPOLTD.NS", "underlyingSymbol": "SRHHYPOLTD.NS", "shortName": "SREE RAYALASEEMA H", "longName": "Sree Rayalaseema Hi-Strength Hypo Limited", "firstTradeDateEpochUtc": "2007-05-08 09:15:00", "timeZoneFullName": "Asia/Kolkata", "timeZoneShortName": "IST", "uuid": "d0c619fb-cc70-3274-bcfc-60e7cf2f63bb", "gmtOffSetMilliseconds": 19800000, "maxAge": 1}, "incomeStatementHistory": {"incomeStatementHistory": [{"maxAge": 1, "endDate": "2020-03-31", "totalRevenue": 6891022000, "costOfRevenue": 4783731000, "grossProfit": 2107291000, "researchDevelopment": {}, "sellingGeneralAdministrative": 232227000, "nonRecurring": {}, "otherOperatingExpenses": 853048000, "totalOperatingExpenses": 6371743000, "operatingIncome": 519279000, "totalOtherIncomeExpenseNet": -64837000, "ebit": 519279000, "interestExpense": -15213000, "incomeBeforeTax": 454442000, "incomeTaxExpense": 75370000, "minorityInterest": {}, "netIncomeFromContinuingOps": 379072000, "discontinuedOperations": {}, "extraordinaryItems": {}, "effectOfAccountingCharges": {}, "otherItems": {}, "netIncome": 379072000, "netIncomeApplicableToCommonShares": 379072000}, {"maxAge": 1, "endDate": "2019-03-31", "totalRevenue": 7021405000, "costOfRevenue": 4986606000, "grossProfit": 2034799000, "researchDevelopment": {}, "sellingGeneralAdministrative": 241606000, "nonRecurring": {}, "otherOperatingExpenses": 763052000, "totalOperatingExpenses": 6485898000, "operatingIncome": 535507000, "totalOtherIncomeExpenseNet": -113446000, "ebit": 535507000, "interestExpense": -74171000, "incomeBeforeTax": 422061000, "incomeTaxExpense": 217804000, "minorityInterest": {}, "netIncomeFromContinuingOps": 204257000, "discontinuedOperations": {}, "extraordinaryItems": {}, "effectOfAccountingCharges": {}, "otherItems": {}, "netIncome": 204257000, "netIncomeApplicableToCommonShares": 204257000}, {"maxAge": 1, "endDate": "2018-03-31", "totalRevenue": 5460759000, "costOfRevenue": 4114615000, "grossProfit": 1346144000, "researchDevelopment": {}, "sellingGeneralAdministrative": 214297000, "nonRecurring": {}, "otherOperatingExpenses": 671960000, "totalOperatingExpenses": 5187479000, "operatingIncome": 273280000, "totalOtherIncomeExpenseNet": 96854000, "ebit": 273280000, "interestExpense": -53031000, "incomeBeforeTax": 370134000, "incomeTaxExpense": 4071000, "minorityInterest": {}, "netIncomeFromContinuingOps": 366063000, "discontinuedOperations": {}, "extraordinaryItems": {}, "effectOfAccountingCharges": {}, "otherItems": {}, "netIncome": 366063000, "netIncomeApplicableToCommonShares": 366063000}, {"maxAge": 1, "endDate": "2017-03-31", "totalRevenue": 1642877077, "costOfRevenue": 972726593, "grossProfit": 670150484, "researchDevelopment": {}, "sellingGeneralAdministrative": 54426386, "nonRecurring": {}, "otherOperatingExpenses": 401484198, "totalOperatingExpenses": 1532151387, "operatingIncome": 110725690, "totalOtherIncomeExpenseNet": -24310221, "ebit": 110725690, "interestExpense": -24949147, "incomeBeforeTax": 86415469, "incomeTaxExpense": -920682, "minorityInterest": {}, "netIncomeFromContinuingOps": 87336151, "discontinuedOperations": {}, "extraordinaryItems": {}, "effectOfAccountingCharges": {}, "otherItems": {}, "netIncome": 87336151, "netIncomeApplicableToCommonShares": 87336151}], "maxAge": 86400}, "fundOwnership": {"ownershipList": [], "maxAge": 1}, "summaryDetail": {"maxAge": 1, "priceHint": 2, "previousClose": 277.55, "open": 276.6, "dayLow": 272.0, "dayHigh": 284.9, "regularMarketPreviousClose": 277.55, "regularMarketOpen": 276.6, "regularMarketDayLow": 272.0, "regularMarketDayHigh": 284.9, "dividendRate": 2.5, "dividendYield": 0.009, "exDividendDate": "2020-11-20 05:30:00", "payoutRatio": 0.0736, "fiveYearAvgDividendYield": 1.33, "beta": 1.443124, "trailingPE": 8.14429, "forwardPE": 14.707757, "volume": 11449, "regularMarketVolume": 11449, "averageVolume": 41695, "averageVolume10days": 14072, "averageDailyVolume10Day": 14072, "bid": 0.0, "ask": 0.0, "bidSize": 0, "askSize": 0, "marketCap": 4754648576, "fiftyTwoWeekLow": 79.5, "fiftyTwoWeekHigh": 313.15, "priceToSalesTrailing12Months": 0.6059815, "fiftyDayAverage": 253.24559, "twoHundredDayAverage": 225.01312, "trailingAnnualDividendRate": 2.5, "trailingAnnualDividendYield": 0.009007387, "currency": "INR", "fromCurrency": null, "lastMarket": null, "algorithm": null, "tradeable": false}, "insiderHolders": {"holders": [{"maxAge": 1, "name": "Bharath (T G)", "relation": "Promoter", "url": "", "transactionDescription": "Other", "latestTransDate": "2018-09-27", "positionDirect": 515737, "positionDirectDate": "2018-09-27"}, {"maxAge": 1, "name": "Gopal (Gowri)", "relation": "UNREPORTED", "url": "", "transactionDescription": "Other", "latestTransDate": "2017-03-31", "positionDirect": 2931854, "positionDirectDate": "2017-03-31"}], "maxAge": 1}, "calendarEvents": {"maxAge": 1, "earnings": {"earningsDate": [], "revenueAverage": 1812190000}, "exDividendDate": "2020-11-20 05:30:00"}, "upgradeDowngradeHistory": {"history": [], "maxAge": 86400}, "price": {"maxAge": 1, "regularMarketChangePercent": -0.002702216, "regularMarketChange": -0.75, "regularMarketTime": "2021-04-30 15:29:46", "priceHint": 2, "regularMarketPrice": 276.8, "regularMarketDayHigh": 284.9, "regularMarketDayLow": 272.0, "regularMarketVolume": 11449, "averageDailyVolume10Day": 14072, "averageDailyVolume3Month": 41695, "regularMarketPreviousClose": 277.55, "regularMarketSource": "FREE_REALTIME", "regularMarketOpen": 276.6, "exchange": "NSI", "exchangeName": "NSE", "exchangeDataDelayedBy": 15, "marketState": "CLOSED", "quoteType": "EQUITY", "symbol": "SRHHYPOLTD.NS", "underlyingSymbol": null, "shortName": "SREE RAYALASEEMA H", "longName": "Sree Rayalaseema Hi-Strength Hypo Limited", "currency": "INR", "quoteSourceName": "Delayed Quote", "currencySymbol": "\u20b9", "fromCurrency": null, "lastMarket": null, "marketCap": 4754648576}, "balanceSheetHistory": {"balanceSheetStatements": [{"maxAge": 1, "endDate": "2020-03-31", "cash": 416506000, "netReceivables": 1063204000, "inventory": 367083000, "otherCurrentAssets": 617281000, "totalCurrentAssets": 2476229000, "longTermInvestments": 184259000, "propertyPlantEquipment": 1407905000, "otherAssets": 380037000, "totalAssets": 4448430000, "accountsPayable": 249922000, "shortLongTermDebt": 58294000, "otherCurrentLiab": 350461000, "longTermDebt": 9438000, "otherLiab": 79388000, "totalCurrentLiabilities": 1151179000, "totalLiab": 1332810000, "commonStock": 171648000, "retainedEarnings": 2658091000, "treasuryStock": -16778000, "capitalSurplus": 302659000, "otherStockholderEquity": -16778000, "totalStockholderEquity": 3115620000, "netTangibleAssets": 3115620000}, {"maxAge": 1, "endDate": "2019-03-31", "cash": 17762000, "netReceivables": 1133048000, "inventory": 370483000, "otherCurrentAssets": 417208000, "totalCurrentAssets": 1945020000, "longTermInvestments": 650577000, "propertyPlantEquipment": 1943819000, "otherAssets": 158768000, "totalAssets": 4698184000, "accountsPayable": 418243000, "shortLongTermDebt": 63855000, "otherCurrentLiab": 182730000, "longTermDebt": 59449000, "otherLiab": 204992000, "totalCurrentLiabilities": 1180593000, "totalLiab": 1445034000, "commonStock": 171648000, "retainedEarnings": 2330676000, "treasuryStock": 448167000, "capitalSurplus": 302659000, "otherStockholderEquity": 448167000, "totalStockholderEquity": 3253150000, "netTangibleAssets": 3253150000}, {"maxAge": 1, "endDate": "2018-03-31", "cash": 29787000, "netReceivables": 791892000, "inventory": 365225000, "otherCurrentAssets": 275845000, "totalCurrentAssets": 1466304000, "longTermInvestments": 1052114000, "propertyPlantEquipment": 1943567000, "otherAssets": 141408000, "totalAssets": 4603393000, "accountsPayable": 228587000, "shortLongTermDebt": 85034000, "otherCurrentLiab": 240790000, "longTermDebt": 216928000, "otherLiab": 76790000, "totalCurrentLiabilities": 1129807000, "totalLiab": 1423525000, "commonStock": 163066000, "retainedEarnings": 2165671000, "treasuryStock": 624160000, "capitalSurplus": 226971000, "otherStockholderEquity": 624160000, "totalStockholderEquity": 3179868000, "netTangibleAssets": 3179868000}, {"maxAge": 1, "endDate": "2017-03-31", "cash": 75904192, "netReceivables": 641808132, "inventory": 121647168, "otherCurrentAssets": 305561999, "totalCurrentAssets": 1145285401, "longTermInvestments": 232619339, "propertyPlantEquipment": 1874718736, "otherAssets": 147420685, "totalAssets": 3400044161, "accountsPayable": 39793222, "shortLongTermDebt": 52556960, "otherCurrentLiab": 265987640, "longTermDebt": 274307288, "otherLiab": 330653065, "totalCurrentLiabilities": 830054963, "totalLiab": 1435015316, "commonStock": 147166890, "retainedEarnings": 1725283091, "treasuryStock": 5820690, "capitalSurplus": 86758174, "otherStockholderEquity": 5820690, "totalStockholderEquity": 1965028845, "netTangibleAssets": 1965028845}], "maxAge": 86400}, "earningsTrend": {"trend": [{"maxAge": 1, "period": "0q", "endDate": "2018-03-31", "growth": {}, "earningsEstimate": {"avg": 0.0, "low": 0.0, "high": 0.0, "yearAgoEps": {}, "numberOfAnalysts": 0, "growth": {}}, "revenueEstimate": {"avg": 1812190000, "low": 0, "high": 0, "numberOfAnalysts": 0, "yearAgoRevenue": {}, "growth": {}}, "epsTrend": {"current": 0.0, "7daysAgo": 0.0, "30daysAgo": 0.0, "60daysAgo": 0.0, "90daysAgo": 0.0}, "epsRevisions": {"upLast7days": 0, "upLast30days": 0, "downLast30days": 0, "downLast90days": {}}}, {"maxAge": 1, "period": "+1q", "endDate": "2018-06-30", "growth": {}, "earningsEstimate": {"avg": 0.0, "low": 0.0, "high": 0.0, "yearAgoEps": {}, "numberOfAnalysts": 0, "growth": {}}, "revenueEstimate": {"avg": 0, "low": 0, "high": 0, "numberOfAnalysts": 0, "yearAgoRevenue": {}, "growth": {}}, "epsTrend": {"current": 0.0, "7daysAgo": 0.0, "30daysAgo": 0.0, "60daysAgo": 0.0, "90daysAgo": 0.0}, "epsRevisions": {"upLast7days": 0, "upLast30days": 0, "downLast30days": 0, "downLast90days": {}}}, {"maxAge": 1, "period": "0y", "endDate": "2018-03-31", "growth": {}, "earningsEstimate": {"avg": 0.0, "low": 0.0, "high": 0.0, "yearAgoEps": {}, "numberOfAnalysts": 0, "growth": {}}, "revenueEstimate": {"avg": 5554660000, "low": 4749630000, "high": 4749630000, "numberOfAnalysts": 1, "yearAgoRevenue": {}, "growth": {}}, "epsTrend": {"current": 0.0, "7daysAgo": 15.75, "30daysAgo": 15.75, "60daysAgo": 15.75, "90daysAgo": 15.75}, "epsRevisions": {"upLast7days": 0, "upLast30days": 0, "downLast30days": 0, "downLast90days": {}}}, {"maxAge": 1, "period": "+1y", "endDate": "2019-03-31", "growth": {}, "earningsEstimate": {"avg": 18.82, "low": 18.82, "high": 18.82, "yearAgoEps": {}, "numberOfAnalysts": 1, "growth": {}}, "revenueEstimate": {"avg": 5528570000, "low": 5528570000, "high": 5528570000, "numberOfAnalysts": 1, "yearAgoRevenue": 5554660000, "growth": -0.005}, "epsTrend": {"current": 18.82, "7daysAgo": 18.82, "30daysAgo": 18.82, "60daysAgo": 18.82, "90daysAgo": 18.82}, "epsRevisions": {"upLast7days": 0, "upLast30days": 0, "downLast30days": 0, "downLast90days": {}}}, {"maxAge": 1, "period": "+5y", "endDate": null, "growth": {}, "earningsEstimate": {"avg": {}, "low": {}, "high": {}, "yearAgoEps": {}, "numberOfAnalysts": {}, "growth": {}}, "revenueEstimate": {"avg": {}, "low": {}, "high": {}, "numberOfAnalysts": {}, "yearAgoRevenue": {}, "growth": {}}, "epsTrend": {"current": {}, "7daysAgo": {}, "30daysAgo": {}, "60daysAgo": {}, "90daysAgo": {}}, "epsRevisions": {"upLast7days": {}, "upLast30days": {}, "downLast30days": {}, "downLast90days": {}}}, {"maxAge": 1, "period": "-5y", "endDate": null, "growth": {}, "earningsEstimate": {"avg": {}, "low": {}, "high": {}, "yearAgoEps": {}, "numberOfAnalysts": {}, "growth": {}}, "revenueEstimate": {"avg": {}, "low": {}, "high": {}, "numberOfAnalysts": {}, "yearAgoRevenue": {}, "growth": {}}, "epsTrend": {"current": {}, "7daysAgo": {}, "30daysAgo": {}, "60daysAgo": {}, "90daysAgo": {}}, "epsRevisions": {"upLast7days": {}, "upLast30days": {}, "downLast30days": {}, "downLast90days": {}}}], "maxAge": 1}, "institutionOwnership": {"ownershipList": [], "maxAge": 1}, "majorHoldersBreakdown": {"maxAge": 1, "insidersPercentHeld": 0.64162004, "institutionsPercentHeld": 0.0, "institutionsFloatPercentHeld": 0.0, "institutionsCount": 0}, "balanceSheetHistoryQuarterly": {"balanceSheetStatements": [{"maxAge": 1, "endDate": "2020-12-31", "totalStockholderEquity": 3576373000, "netTangibleAssets": 3576373000}, {"maxAge": 1, "endDate": "2020-09-30", "cash": 1138744000, "shortTermInvestments": 36358000, "netReceivables": 718495000, "inventory": 263909000, "otherCurrentAssets": 326569000, "totalCurrentAssets": 2484075000, "longTermInvestments": 395430000, "propertyPlantEquipment": 1158114000, "otherAssets": 386191000, "totalAssets": 4423810000, "accountsPayable": 162074000, "otherCurrentLiab": 223547000, "longTermDebt": 10174000, "otherLiab": 32502000, "totalCurrentLiabilities": 720432000, "totalLiab": 847437000, "commonStock": 171648000, "treasuryStock": 3404725000, "otherStockholderEquity": 3404725000, "totalStockholderEquity": 3576373000, "netTangibleAssets": 3576373000}, {"maxAge": 1, "endDate": "2020-06-30", "totalStockholderEquity": 3115620000, "netTangibleAssets": 3115620000}, {"maxAge": 1, "endDate": "2020-03-31", "cash": 416506000, "netReceivables": 1063204000, "inventory": 367083000, "otherCurrentAssets": 617281000, "totalCurrentAssets": 2476229000, "longTermInvestments": 184259000, "propertyPlantEquipment": 1407905000, "otherAssets": 380037000, "totalAssets": 4448430000, "accountsPayable": 249922000, "shortLongTermDebt": 58294000, "otherCurrentLiab": 350461000, "longTermDebt": 9438000, "otherLiab": 79388000, "totalCurrentLiabilities": 1151179000, "totalLiab": 1332810000, "commonStock": 171648000, "retainedEarnings": 2658091000, "treasuryStock": -16778000, "capitalSurplus": 302659000, "otherStockholderEquity": -16778000, "totalStockholderEquity": 3115620000, "netTangibleAssets": 3115620000}], "maxAge": 86400}, "earningsHistory": {"history": [{"maxAge": 1, "epsActual": {}, "epsEstimate": {}, "epsDifference": {}, "surprisePercent": {}, "quarter": {}, "period": "-4q"}, {"maxAge": 1, "epsActual": {}, "epsEstimate": {}, "epsDifference": {}, "surprisePercent": {}, "quarter": {}, "period": "-3q"}, {"maxAge": 1, "epsActual": {}, "epsEstimate": {}, "epsDifference": {}, "surprisePercent": {}, "quarter": {}, "period": "-2q"}, {"maxAge": 1, "epsActual": 0.78, "epsEstimate": 3.83, "epsDifference": -3.05, "surprisePercent": -0.796, "quarter": "2017-12-31", "period": "-1q"}], "maxAge": 86400}, "summaryProfile": {"address1": "216, K.J.S.Complex", "address2": "Bhagya Nagar", "city": "Kurnool", "zip": "518004", "country": "India", "phone": "91 85 1822 8750", "fax": "91 85 1822 6656", "website": "http://www.srhhl.com", "industry": "Chemicals", "sector": "Basic Materials", "longBusinessSummary": "Sree Rayalaseema Hi-Strength Hypo Limited engages in the manufacture and sale of chemicals in India. The company operates in two segments, Chemical Manufacturing and Power generation. It offers chloramine, purichlor, oleum, sodium dichloroisocyanurate, hydrogen gas, aluminum sulphate, stable bleaching powder, sodium hydride, sodium methoxide powder, sodium methoxide solution, calcium hypochlorite, and water treatment chemicals; and sulphuric, chloro sulphonic, hydrochloric, and monochloro acetic acids. The company is also involved in the generation of power through thermal, solar, and wind mills; and coal trading business. Sree Rayalaseema Hi-Strength Hypo Limited also exports its products. The company was incorporated in 2005 and is based in Kurnool, India.", "fullTimeEmployees": 430, "companyOfficers": [], "maxAge": 86400}, "netSharePurchaseActivity": {"maxAge": 1, "period": "6m", "buyInfoCount": 0, "buyInfoShares": 0, "sellInfoCount": 0, "netInfoCount": 0, "netInfoShares": 0, "netPercentInsiderShares": 0.0, "totalInsiderShares": 11012411}, "insiderTransactions": {"transactions": [{"maxAge": 1, "shares": 415737, "filerUrl": "", "transactionText": "", "filerName": "Bharath (T G)", "filerRelation": "Promoter", "moneyText": "", "startDate": "2018-09-27", "ownership": "D"}, {"maxAge": 1, "shares": 215737, "filerUrl": "", "transactionText": "", "filerName": "Bharath (T G)", "filerRelation": "Promoter", "moneyText": "", "startDate": "2018-03-26", "ownership": "D"}, {"maxAge": 1, "shares": 315737, "filerUrl": "", "transactionText": "", "filerName": "Bharath (T G)", "filerRelation": "Promoter", "moneyText": "", "startDate": "2018-03-26", "ownership": "D"}, {"maxAge": 1, "shares": 315737, "filerUrl": "", "transactionText": "", "filerName": "Bharath (T G)", "filerRelation": "Promoter", "moneyText": "", "startDate": "2017-03-31", "ownership": "D"}, {"maxAge": 1, "shares": 15737, "filerUrl": "", "transactionText": "", "filerName": "Bharath (T G)", "filerRelation": "Promoter", "moneyText": "", "startDate": "2017-03-31", "ownership": "D"}, {"maxAge": 1, "shares": 337281, "filerUrl": "", "transactionText": "", "filerName": "Gopal (Gowri)", "filerRelation": "UNREPORTED", "moneyText": "", "startDate": "2017-03-31", "ownership": "D"}, {"maxAge": 1, "shares": 2594573, "filerUrl": "", "transactionText": "", "filerName": "Gopal (Gowri)", "filerRelation": "UNREPORTED", "moneyText": "", "startDate": "2017-03-31", "ownership": "D"}, {"maxAge": 1, "shares": 215737, "filerUrl": "", "transactionText": "", "filerName": "Bharath (T G)", "filerRelation": "Promoter", "moneyText": "", "startDate": "2017-03-31", "ownership": "D"}, {"maxAge": 1, "shares": 1857788, "filerUrl": "", "transactionText": "", "filerName": "Gopal (Gowri)", "filerRelation": "UNREPORTED", "moneyText": "", "startDate": "2017-03-31", "ownership": "D"}, {"maxAge": 1, "shares": 2931854, "filerUrl": "", "transactionText": "", "filerName": "Gopal (Gowri)", "filerRelation": "UNREPORTED", "moneyText": "", "startDate": "2017-03-31", "ownership": "D"}, {"maxAge": 1, "shares": 100000, "filerUrl": "", "transactionText": "", "filerName": "Bharath (T G)", "filerRelation": "Promoter", "moneyText": "", "startDate": "2017-03-31", "ownership": "D"}], "maxAge": 1}, "sectorTrend": {"maxAge": 1, "symbol": null, "estimates": []}, "incomeStatementHistoryQuarterly": {"incomeStatementHistory": [{"maxAge": 1, "endDate": "2020-12-31", "totalRevenue": 2068701000, "costOfRevenue": 1425792000, "grossProfit": 642909000, "researchDevelopment": {}, "sellingGeneralAdministrative": 54345000, "nonRecurring": {}, "otherOperatingExpenses": 226110000, "totalOperatingExpenses": 1832340000, "operatingIncome": 236361000, "totalOtherIncomeExpenseNet": -4590000, "ebit": 236361000, "interestExpense": -10421000, "incomeBeforeTax": 231771000, "incomeTaxExpense": 59450000, "minorityInterest": {}, "netIncomeFromContinuingOps": 172321000, "discontinuedOperations": {}, "extraordinaryItems": {}, "effectOfAccountingCharges": {}, "otherItems": {}, "netIncome": 172321000, "netIncomeApplicableToCommonShares": 172321000}, {"maxAge": 1, "endDate": "2020-09-30", "totalRevenue": 2032509000, "costOfRevenue": 1301266000, "grossProfit": 731243000, "researchDevelopment": {}, "sellingGeneralAdministrative": 51591000, "nonRecurring": {}, "otherOperatingExpenses": 324613000, "totalOperatingExpenses": 1803563000, "operatingIncome": 228946000, "totalOtherIncomeExpenseNet": -10636000, "ebit": 228946000, "interestExpense": -18763000, "incomeBeforeTax": 218310000, "incomeTaxExpense": 56611000, "minorityInterest": {}, "netIncomeFromContinuingOps": 161699000, "discontinuedOperations": {}, "extraordinaryItems": {}, "effectOfAccountingCharges": {}, "otherItems": {}, "netIncome": 161699000, "netIncomeApplicableToCommonShares": 161699000}, {"maxAge": 1, "endDate": "2020-06-30", "totalRevenue": 1947951000, "costOfRevenue": 1224938000, "grossProfit": 723013000, "researchDevelopment": {}, "sellingGeneralAdministrative": 51921000, "nonRecurring": {}, "otherOperatingExpenses": 348470000, "totalOperatingExpenses": 1751417000, "operatingIncome": 196534000, "totalOtherIncomeExpenseNet": -11916000, "ebit": 196534000, "interestExpense": -21625000, "incomeBeforeTax": 184618000, "incomeTaxExpense": 48735000, "minorityInterest": {}, "netIncomeFromContinuingOps": 135883000, "discontinuedOperations": {}, "extraordinaryItems": {}, "effectOfAccountingCharges": {}, "otherItems": {}, "netIncome": 135883000, "netIncomeApplicableToCommonShares": 135883000}, {"maxAge": 1, "endDate": "2020-03-31", "totalRevenue": 1797033000, "costOfRevenue": 1669750000, "grossProfit": 127283000, "researchDevelopment": {}, "sellingGeneralAdministrative": 78231000, "nonRecurring": {}, "otherOperatingExpenses": -193359000, "totalOperatingExpenses": 1680306000, "operatingIncome": 116727000, "totalOtherIncomeExpenseNet": -19436000, "ebit": 116727000, "interestExpense": -21625000, "incomeBeforeTax": 97291000, "incomeTaxExpense": -16317000, "minorityInterest": {}, "netIncomeFromContinuingOps": 113608000, "discontinuedOperations": {}, "extraordinaryItems": {}, "effectOfAccountingCharges": {}, "otherItems": {}, "netIncome": 113608000, "netIncomeApplicableToCommonShares": 113608000}], "maxAge": 86400}, "cashflowStatementHistoryQuarterly": {"cashflowStatements": [{"maxAge": 1, "endDate": "2020-12-31", "netIncome": 172321000, "changeToLiabilities": 0}, {"maxAge": 1, "endDate": "2020-09-30", "netIncome": 161699000, "changeToLiabilities": 0}, {"maxAge": 1, "endDate": "2020-06-30", "netIncome": 135883000, "changeToLiabilities": 0}, {"maxAge": 1, "endDate": "2020-03-31", "netIncome": 113608000, "changeToLiabilities": 0}], "maxAge": 86400}, "earnings": {"maxAge": 86400, "earningsChart": {"quarterly": [{"date": "4Q2017", "actual": 0.78, "estimate": 3.83}], "currentQuarterEstimateDate": "1Q", "currentQuarterEstimateYear": 2018, "earningsDate": []}, "financialsChart": {"yearly": [{"date": 2017, "revenue": 1642877077, "earnings": 87336151}, {"date": 2018, "revenue": 5460759000, "earnings": 366063000}, {"date": 2019, "revenue": 7021405000, "earnings": 204257000}, {"date": 2020, "revenue": 6891022000, "earnings": 379072000}], "quarterly": [{"date": "1Q2020", "revenue": 1797033000, "earnings": 113608000}, {"date": "2Q2020", "revenue": 1947951000, "earnings": 135883000}, {"date": "3Q2020", "revenue": 2032509000, "earnings": 161699000}, {"date": "4Q2020", "revenue": 2068701000, "earnings": 172321000}]}, "financialCurrency": "INR"}, "financialData": {"maxAge": 86400, "currentPrice": 276.8, "recommendationMean": 2.0, "recommendationKey": "buy", "totalCash": 1175101952, "totalCashPerShare": 68.465, "ebitda": 1287420288, "totalDebt": 415088992, "totalRevenue": 7846194176, "debtToEquity": 11.606, "revenuePerShare": 457.057, "grossProfits": 2107291000, "earningsGrowth": 0.641, "revenueGrowth": 0.196, "grossMargins": 0.28351, "ebitdaMargins": 0.16408001, "operatingMargins": 0.09923001, "profitMargins": 0.07437, "financialCurrency": "INR"}}}