{"SRIKPRIND.BO": {"cashflowStatementHistory": {"cashflowStatements": [{"maxAge": 1, "endDate": "2020-03-31", "netIncome": 37889000, "depreciation": 37841000, "changeToNetincome": -58485980, "changeToAccountReceivables": 4239650, "changeToLiabilities": 0, "changeToInventory": 70460434, "changeToOperatingActivities": -139990753, "totalCashFromOperatingActivities": -48046649, "otherCashflowsFromInvestingActivities": 45695032, "totalCashflowsFromInvestingActivities": 97883620, "netBorrowings": -49081980, "otherCashflowsFromFinancingActivities": -16753095, "totalCashFromFinancingActivities": -65835075, "changeInCash": -15998104}, {"maxAge": 1, "endDate": "2019-03-31", "netIncome": 78334038, "depreciation": 42302327, "changeToNetincome": -31147365, "changeToAccountReceivables": 45646000, "changeToLiabilities": 0, "changeToInventory": 17784000, "changeToOperatingActivities": -92300000, "totalCashFromOperatingActivities": 60619000, "capitalExpenditures": -235153000, "otherCashflowsFromInvestingActivities": 8232000, "totalCashflowsFromInvestingActivities": -226921000, "dividendsPaid": -20135000, "netBorrowings": 215680000, "otherCashflowsFromFinancingActivities": -24359000, "totalCashFromFinancingActivities": 171186000, "changeInCash": 4884000}, {"maxAge": 1, "endDate": "2018-03-31", "netIncome": 63004623, "depreciation": 41503814, "changeToNetincome": 9809563, "changeToAccountReceivables": -125771000, "changeToLiabilities": 0, "changeToInventory": -299000, "changeToOperatingActivities": -99314000, "totalCashFromOperatingActivities": -111066000, "capitalExpenditures": -9488000, "otherCashflowsFromInvestingActivities": 21075000, "totalCashflowsFromInvestingActivities": 11587000, "dividendsPaid": -30646000, "netBorrowings": 65977000, "otherCashflowsFromFinancingActivities": -32841000, "totalCashFromFinancingActivities": 2490000, "changeInCash": -96989000}, {"maxAge": 1, "endDate": "2017-03-31", "netIncome": 82585149, "depreciation": 35774521, "changeToNetincome": 31553330, "changeToAccountReceivables": 23224000, "changeToLiabilities": 0, "changeToInventory": 73321000, "changeToOperatingActivities": -46593000, "totalCashFromOperatingActivities": 199865000, "capitalExpenditures": -128113000, "otherCashflowsFromInvestingActivities": 22028000, "totalCashflowsFromInvestingActivities": -106085000, "dividendsPaid": -17602000, "netBorrowings": 18165000, "otherCashflowsFromFinancingActivities": -34332000, "totalCashFromFinancingActivities": -33769000, "changeInCash": 60011000}], "maxAge": 86400}, "institutionOwnership": {"ownershipList": [], "maxAge": 1}, "balanceSheetHistoryQuarterly": {"balanceSheetStatements": [{"maxAge": 1, "endDate": "2020-06-30", "cash": 17950000, "shortTermInvestments": 180834000, "netReceivables": 159061000, "inventory": 58124000, "totalCurrentAssets": 415969000, "propertyPlantEquipment": 992744000, "otherAssets": 10807000, "totalAssets": 1419520000, "accountsPayable": 16208000, "shortLongTermDebt": 15092000, "otherCurrentLiab": 92012000, "longTermDebt": 132746000, "otherLiab": 181303000, "totalCurrentLiabilities": 123312000, "totalLiab": 437361000, "commonStock": 201457000, "treasuryStock": 780702000, "otherStockholderEquity": 780702000, "totalStockholderEquity": 982159000, "netTangibleAssets": 982159000}, {"maxAge": 1, "endDate": "2020-03-31", "cash": 18226000, "shortTermInvestments": 188129000, "netReceivables": 160003000, "inventory": 59445000, "totalCurrentAssets": 425803000, "longTermInvestments": 10809000, "propertyPlantEquipment": 1020999000, "totalAssets": 1457611000, "accountsPayable": 17552000, "shortLongTermDebt": 10992000, "otherCurrentLiab": 103793000, "longTermDebt": 156411000, "otherLiab": 183546000, "totalCurrentLiabilities": 132337000, "totalLiab": 472294000, "commonStock": 201457000, "treasuryStock": 783860000, "otherStockholderEquity": 783860000, "totalStockholderEquity": 985317000, "netTangibleAssets": 985317000}, {"maxAge": 1, "endDate": "2019-12-31", "cash": 69802000, "shortTermInvestments": 186323000, "netReceivables": 215553000, "inventory": 84424000, "totalCurrentAssets": 556102000, "longTermInvestments": 11494000, "propertyPlantEquipment": 1029077000, "totalAssets": 1596673000, "accountsPayable": 175950000, "shortLongTermDebt": 66445000, "otherCurrentLiab": 64372000, "longTermDebt": 165475000, "otherLiab": 115337000, "totalCurrentLiabilities": 306767000, "totalLiab": 587579000, "commonStock": 201457000, "treasuryStock": 807637000, "otherStockholderEquity": 807637000, "totalStockholderEquity": 1009094000, "netTangibleAssets": 1009094000}, {"maxAge": 1, "endDate": "2019-09-30", "cash": 94304000, "shortTermInvestments": 134931000, "netReceivables": 170801000, "inventory": 130801000, "totalCurrentAssets": 530837000, "longTermInvestments": 2969000, "propertyPlantEquipment": 1045841000, "otherAssets": 8525000, "totalAssets": 1588172000, "accountsPayable": 111170000, "shortLongTermDebt": 81079000, "otherCurrentLiab": 47137000, "longTermDebt": 159125000, "otherLiab": 192868000, "totalCurrentLiabilities": 239386000, "totalLiab": 591379000, "commonStock": 201457000, "treasuryStock": 795336000, "otherStockholderEquity": 795336000, "totalStockholderEquity": 996793000, "netTangibleAssets": 996793000}], "maxAge": 86400}, "indexTrend": {"maxAge": 1, "symbol": "SP5", "peRatio": 19.7411, "pegRatio": 1.34172, "estimates": [{"period": "0q", "growth": 0.549}, {"period": "+1q", "growth": 0.431}, {"period": "0y", "growth": 0.305}, {"period": "+1y", "growth": 0.109}, {"period": "+5y", "growth": 0.120859005}, {"period": "-5y"}]}, "quoteType": {"exchange": "BSE", "quoteType": "EQUITY", "symbol": "SRIKPRIND.BO", "underlyingSymbol": "SRIKPRIND.BO", "shortName": "SRI KPR INDUSTRIES LTD.", "longName": "Sri KPR Industries Limited", "firstTradeDateEpochUtc": "2000-10-11 09:15:00", "timeZoneFullName": "Asia/Kolkata", "timeZoneShortName": "IST", "uuid": "a75df5bd-2130-3a28-93d5-51570f4f78d3", "gmtOffSetMilliseconds": 19800000, "maxAge": 1}, "incomeStatementHistory": {"incomeStatementHistory": [{"maxAge": 1, "endDate": "2020-03-31", "totalRevenue": 167493000, "costOfRevenue": 77594000, "grossProfit": 89899000, "researchDevelopment": {}, "sellingGeneralAdministrative": 10771000, "nonRecurring": {}, "otherOperatingExpenses": 7855000, "totalOperatingExpenses": 134061000, "operatingIncome": 33432000, "totalOtherIncomeExpenseNet": -16755000, "ebit": 33432000, "interestExpense": -16755000, "incomeBeforeTax": 16677000, "incomeTaxExpense": -21212000, "minorityInterest": {}, "netIncomeFromContinuingOps": 37889000, "discontinuedOperations": {}, "extraordinaryItems": {}, "effectOfAccountingCharges": {}, "otherItems": {}, "netIncome": 37889000, "netIncomeApplicableToCommonShares": 37889000}, {"maxAge": 1, "endDate": "2019-03-31", "totalRevenue": 358591408, "costOfRevenue": 137577209, "grossProfit": 221014199, "researchDevelopment": {}, "sellingGeneralAdministrative": 15672906, "nonRecurring": {}, "otherOperatingExpenses": 55306607, "totalOperatingExpenses": 250859049, "operatingIncome": 107732359, "totalOtherIncomeExpenseNet": -54729031, "ebit": 107732359, "interestExpense": -22819485, "incomeBeforeTax": 53003328, "incomeTaxExpense": -25330710, "minorityInterest": {}, "netIncomeFromContinuingOps": 78334038, "discontinuedOperations": {}, "extraordinaryItems": {}, "effectOfAccountingCharges": {}, "otherItems": {}, "netIncome": 78334038, "netIncomeApplicableToCommonShares": 78334038}, {"maxAge": 1, "endDate": "2018-03-31", "totalRevenue": 584105460, "costOfRevenue": 367277765, "grossProfit": 216827695, "researchDevelopment": {}, "sellingGeneralAdministrative": 20164997, "nonRecurring": {}, "otherOperatingExpenses": 47685523, "totalOperatingExpenses": 476632099, "operatingIncome": 107473361, "totalOtherIncomeExpenseNet": -20124547, "ebit": 107473361, "interestExpense": -25736889, "incomeBeforeTax": 87348814, "incomeTaxExpense": 24344191, "minorityInterest": {}, "netIncomeFromContinuingOps": 63004623, "discontinuedOperations": {}, "extraordinaryItems": {}, "effectOfAccountingCharges": {}, "otherItems": {}, "netIncome": 63004623, "netIncomeApplicableToCommonShares": 63004623}, {"maxAge": 1, "endDate": "2017-03-31", "totalRevenue": 907881609, "costOfRevenue": 671268349, "grossProfit": 236613260, "researchDevelopment": {}, "sellingGeneralAdministrative": 18478059, "nonRecurring": {}, "otherOperatingExpenses": 55375795, "totalOperatingExpenses": 780896724, "operatingIncome": 126984885, "totalOtherIncomeExpenseNet": -14427883, "ebit": 126984885, "interestExpense": -30902367, "incomeBeforeTax": 112557002, "incomeTaxExpense": 29971853, "minorityInterest": {}, "netIncomeFromContinuingOps": 82585149, "discontinuedOperations": {}, "extraordinaryItems": {}, "effectOfAccountingCharges": {}, "otherItems": {}, "netIncome": 82585149, "netIncomeApplicableToCommonShares": 82585149}], "maxAge": 86400}, "fundOwnership": {"ownershipList": [], "maxAge": 1}, "summaryDetail": {"maxAge": 1, "priceHint": 2, "previousClose": 12.71, "open": 13.0, "dayLow": 11.46, "dayHigh": 13.0, "regularMarketPreviousClose": 12.71, "regularMarketOpen": 13.0, "regularMarketDayLow": 11.46, "regularMarketDayHigh": 13.0, "trailingPE": 8.2349205, "volume": 368, "regularMarketVolume": 368, "averageVolume": 1124, "averageVolume10days": 57, "averageDailyVolume10Day": 57, "bid": 12.3, "ask": 12.97, "bidSize": 0, "askSize": 0, "marketCap": 261289728, "fiftyTwoWeekLow": 5.65, "fiftyTwoWeekHigh": 15.09, "fiftyDayAverage": 11.984546, "twoHundredDayAverage": 10.249853, "currency": "INR", "fromCurrency": null, "lastMarket": null, "algorithm": null, "tradeable": false}, "incomeStatementHistoryQuarterly": {"incomeStatementHistory": [{"maxAge": 1, "endDate": "2020-06-30", "totalRevenue": 16112000, "costOfRevenue": 1028000, "grossProfit": 15084000, "researchDevelopment": {}, "sellingGeneralAdministrative": 1678000, "nonRecurring": {}, "otherOperatingExpenses": 3815000, "totalOperatingExpenses": 15776000, "operatingIncome": 336000, "totalOtherIncomeExpenseNet": -4853000, "ebit": 336000, "interestExpense": -4853000, "incomeBeforeTax": -4517000, "incomeTaxExpense": -1359000, "minorityInterest": {}, "netIncomeFromContinuingOps": -3158000, "discontinuedOperations": {}, "extraordinaryItems": {}, "effectOfAccountingCharges": {}, "otherItems": {}, "netIncome": -3158000, "netIncomeApplicableToCommonShares": -3158000}, {"maxAge": 1, "endDate": "2020-03-31", "totalRevenue": 17099000, "costOfRevenue": 27621000, "grossProfit": -10522000, "researchDevelopment": {}, "sellingGeneralAdministrative": 2025000, "nonRecurring": {}, "otherOperatingExpenses": 17503000, "totalOperatingExpenses": 51630000, "operatingIncome": -34531000, "totalOtherIncomeExpenseNet": -5168000, "ebit": -34531000, "interestExpense": -5168000, "incomeBeforeTax": -39699000, "incomeTaxExpense": -9706000, "minorityInterest": {}, "netIncomeFromContinuingOps": -29993000, "discontinuedOperations": {}, "extraordinaryItems": {}, "effectOfAccountingCharges": {}, "otherItems": {}, "netIncome": -29993000, "netIncomeApplicableToCommonShares": -29993000}, {"maxAge": 1, "endDate": "2019-12-31", "totalRevenue": 65651000, "costOfRevenue": 47775000, "grossProfit": 17876000, "researchDevelopment": {}, "sellingGeneralAdministrative": 2345000, "nonRecurring": {}, "otherOperatingExpenses": -20951000, "totalOperatingExpenses": 45988000, "operatingIncome": 19663000, "totalOtherIncomeExpenseNet": -3081000, "ebit": 19663000, "interestExpense": -3081000, "incomeBeforeTax": 16582000, "incomeTaxExpense": 4281000, "minorityInterest": {}, "netIncomeFromContinuingOps": 12301000, "discontinuedOperations": {}, "extraordinaryItems": {}, "effectOfAccountingCharges": {}, "otherItems": {}, "netIncome": 12301000, "netIncomeApplicableToCommonShares": 12301000}, {"maxAge": 1, "endDate": "2019-09-30", "totalRevenue": 54431000, "costOfRevenue": 3073000, "grossProfit": 51358000, "researchDevelopment": {}, "sellingGeneralAdministrative": 2803000, "nonRecurring": {}, "otherOperatingExpenses": -155000, "totalOperatingExpenses": 11680000, "operatingIncome": 42751000, "totalOtherIncomeExpenseNet": -4196000, "ebit": 42751000, "interestExpense": -4196000, "incomeBeforeTax": 38555000, "incomeTaxExpense": -14198000, "minorityInterest": {}, "netIncomeFromContinuingOps": 52753000, "discontinuedOperations": {}, "extraordinaryItems": {}, "effectOfAccountingCharges": {}, "otherItems": {}, "netIncome": 52753000, "netIncomeApplicableToCommonShares": 52753000}], "maxAge": 86400}, "cashflowStatementHistoryQuarterly": {"cashflowStatements": [{"maxAge": 1, "endDate": "2020-06-30", "netIncome": -3158000, "depreciation": 9255000, "changeToNetincome": -1465000, "changeToAccountReceivables": 942000, "changeToLiabilities": 0, "changeToInventory": 3643000, "changeToOperatingActivities": -16796000, "totalCashFromOperatingActivities": -7579000, "otherCashflowsFromInvestingActivities": 2233000, "totalCashflowsFromInvestingActivities": 21233000, "netBorrowings": 49824000, "otherCashflowsFromFinancingActivities": -63753000, "totalCashFromFinancingActivities": -13929000, "changeInCash": -275000}, {"maxAge": 1, "endDate": "2020-03-31", "netIncome": -29993000, "depreciation": 9255000, "changeToNetincome": -1465000, "changeToAccountReceivables": 942000, "changeToLiabilities": 0, "changeToInventory": 3643000, "changeToOperatingActivities": -16796000, "totalCashFromOperatingActivities": -7579000, "otherCashflowsFromInvestingActivities": 2233000, "totalCashflowsFromInvestingActivities": 21233000, "netBorrowings": 49824000, "otherCashflowsFromFinancingActivities": -63753000, "totalCashFromFinancingActivities": -13929000, "changeInCash": -275000}, {"maxAge": 1, "endDate": "2019-12-31", "netIncome": 12301000, "depreciation": 9255000, "changeToNetincome": -1465000, "changeToAccountReceivables": 942000, "changeToLiabilities": 0, "changeToInventory": 3643000, "changeToOperatingActivities": -16796000, "totalCashFromOperatingActivities": -7579000, "otherCashflowsFromInvestingActivities": 2233000, "totalCashflowsFromInvestingActivities": 21233000, "netBorrowings": 49824000, "otherCashflowsFromFinancingActivities": -63753000, "totalCashFromFinancingActivities": -13929000, "changeInCash": -275000}, {"maxAge": 1, "endDate": "2019-09-30", "netIncome": 52753000, "depreciation": 9255000, "changeToNetincome": -1465000, "changeToAccountReceivables": 942000, "changeToLiabilities": 0, "changeToInventory": 3643000, "changeToOperatingActivities": -16796000, "totalCashFromOperatingActivities": -7579000, "otherCashflowsFromInvestingActivities": 2233000, "totalCashflowsFromInvestingActivities": 21233000, "netBorrowings": 49824000, "otherCashflowsFromFinancingActivities": -63753000, "totalCashFromFinancingActivities": -13929000, "changeInCash": -275000}], "maxAge": 86400}, "insiderHolders": {"holders": [], "maxAge": 1}, "calendarEvents": {"maxAge": 1, "earnings": {"earningsDate": []}}, "upgradeDowngradeHistory": {"history": [], "maxAge": 86400}, "price": {"maxAge": 1, "regularMarketChangePercent": 0.020456351, "regularMarketChange": 0.26000023, "regularMarketTime": "2021-04-30 15:42:31", "priceHint": 2, "regularMarketPrice": 12.97, "regularMarketDayHigh": 13.0, "regularMarketDayLow": 11.46, "regularMarketVolume": 368, "averageDailyVolume10Day": 57, "averageDailyVolume3Month": 1124, "regularMarketPreviousClose": 12.71, "regularMarketSource": "FREE_REALTIME", "regularMarketOpen": 13.0, "exchange": "BSE", "exchangeName": "BSE", "exchangeDataDelayedBy": 0, "marketState": "CLOSED", "quoteType": "EQUITY", "symbol": "SRIKPRIND.BO", "underlyingSymbol": null, "shortName": "SRI KPR INDUSTRIES LTD.", "longName": "Sri KPR Industries Limited", "currency": "INR", "quoteSourceName": "Delayed Quote", "currencySymbol": "\u20b9", "fromCurrency": null, "lastMarket": null, "marketCap": 261289728}, "balanceSheetHistory": {"balanceSheetStatements": [{"maxAge": 1, "endDate": "2020-03-31", "cash": 18226000, "shortTermInvestments": 188129000, "netReceivables": 160003000, "inventory": 59445000, "totalCurrentAssets": 425803000, "longTermInvestments": 10809000, "propertyPlantEquipment": 1020999000, "totalAssets": 1457611000, "accountsPayable": 17552000, "shortLongTermDebt": 10992000, "otherCurrentLiab": 103793000, "longTermDebt": 156411000, "otherLiab": 183546000, "totalCurrentLiabilities": 132337000, "totalLiab": 472294000, "commonStock": 201457000, "treasuryStock": 783860000, "otherStockholderEquity": 783860000, "totalStockholderEquity": 985317000, "netTangibleAssets": 985317000}, {"maxAge": 1, "endDate": "2019-03-31"}, {"maxAge": 1, "endDate": "2018-03-31", "cash": 30726000, "netReceivables": 209888000, "inventory": 150021000, "otherCurrentAssets": 223427000, "totalCurrentAssets": 614062000, "longTermInvestments": 11695000, "propertyPlantEquipment": 918178000, "otherAssets": 11300000, "totalAssets": 1555235000, "accountsPayable": 178532000, "otherCurrentLiab": 66417000, "longTermDebt": 206700000, "otherLiab": 139636000, "totalCurrentLiabilities": 316994000, "totalLiab": 663330000, "commonStock": 201457000, "treasuryStock": 690448000, "otherStockholderEquity": 690448000, "totalStockholderEquity": 891905000, "netTangibleAssets": 891905000}, {"maxAge": 1, "endDate": "2017-03-31", "cash": 127715190, "shortTermInvestments": 5000000, "netReceivables": 84117353, "inventory": 149132376, "otherCurrentAssets": 153915316, "totalCurrentAssets": 520469465, "longTermInvestments": 2969700, "propertyPlantEquipment": 663887143, "otherAssets": 8742612, "totalAssets": 1196068920, "accountsPayable": 164308392, "shortLongTermDebt": 24300338, "otherCurrentLiab": 59363506, "longTermDebt": 177980281, "otherLiab": 102379976, "totalCurrentLiabilities": 382139180, "totalLiab": 662499437, "commonStock": 201456950, "retainedEarnings": 327410227, "treasuryStock": 4702306, "otherStockholderEquity": 4702306, "totalStockholderEquity": 533569483, "netTangibleAssets": 533569483}], "maxAge": 86400}, "financialData": {"maxAge": 86400, "currentPrice": 12.97, "recommendationKey": "none", "grossProfits": 89899000, "financialCurrency": "INR"}}}