{"SRMCL.BO": {"cashflowStatementHistory": {"cashflowStatements": [{"maxAge": 1, "endDate": "2020-03-31", "netIncome": 54301000, "depreciation": 2793000, "changeToNetincome": 86665000, "changeToAccountReceivables": -77818000, "changeToLiabilities": -12101000, "changeToInventory": -903000, "changeToOperatingActivities": -61884000, "totalCashFromOperatingActivities": -8947000, "capitalExpenditures": -6739000, "otherCashflowsFromInvestingActivities": 9311000, "totalCashflowsFromInvestingActivities": 13268000, "netBorrowings": 23367000, "otherCashflowsFromFinancingActivities": -25753000, "totalCashFromFinancingActivities": -2386000, "changeInCash": 1935000}, {"maxAge": 1, "endDate": "2019-03-31", "netIncome": 36416000, "depreciation": 3479000, "changeToNetincome": 62791000, "changeToAccountReceivables": -110299000, "changeToLiabilities": -21174000, "changeToInventory": -9104000, "changeToOperatingActivities": 32025000, "totalCashFromOperatingActivities": -5866000, "capitalExpenditures": -1278000, "otherCashflowsFromInvestingActivities": 3463000, "totalCashflowsFromInvestingActivities": 3880000, "netBorrowings": 31543000, "otherCashflowsFromFinancingActivities": -29814000, "totalCashFromFinancingActivities": 1729000, "changeInCash": -257000}, {"maxAge": 1, "endDate": "2018-03-31", "netIncome": -38417000, "depreciation": 3938000, "changeToNetincome": -9823000, "changeToAccountReceivables": 4761000, "changeToLiabilities": 10365000, "changeToInventory": 258000, "changeToOperatingActivities": 47964000, "totalCashFromOperatingActivities": 19046000, "capitalExpenditures": -1278000, "investments": 185000, "otherCashflowsFromInvestingActivities": 1202000, "totalCashflowsFromInvestingActivities": 13957000, "netBorrowings": -8401000, "otherCashflowsFromFinancingActivities": -24269000, "totalCashFromFinancingActivities": -32670000, "changeInCash": 333000}, {"maxAge": 1, "endDate": "2017-03-31", "netIncome": 444000, "depreciation": 6432000, "changeToNetincome": -27072000, "changeToAccountReceivables": -3412000, "changeToLiabilities": -23676000, "changeToInventory": 7507000, "changeToOperatingActivities": 10730000, "totalCashFromOperatingActivities": -29047000, "capitalExpenditures": -1278000, "investments": -83000, "otherCashflowsFromInvestingActivities": 1229000, "totalCashflowsFromInvestingActivities": 3228000, "netBorrowings": 52240000, "otherCashflowsFromFinancingActivities": -26636000, "totalCashFromFinancingActivities": 25604000, "changeInCash": -215000}], "maxAge": 86400}, "institutionOwnership": {"ownershipList": [], "maxAge": 1}, "balanceSheetHistoryQuarterly": {"balanceSheetStatements": [{"maxAge": 1, "endDate": "2020-06-30", "totalStockholderEquity": 88842000, "netTangibleAssets": 88842000}, {"maxAge": 1, "endDate": "2020-03-31", "cash": 2235000, "netReceivables": 201537000, "inventory": 269757000, "otherCurrentAssets": 6815000, "totalCurrentAssets": 480928000, "propertyPlantEquipment": 50310000, "otherAssets": 54558000, "deferredLongTermAssetCharges": 46015000, "totalAssets": 585796000, "accountsPayable": 21159000, "shortLongTermDebt": 7715000, "otherCurrentLiab": 33719000, "longTermDebt": 99976000, "otherLiab": 73684000, "totalCurrentLiabilities": 323294000, "totalLiab": 496954000, "commonStock": 71183000, "retainedEarnings": -283974000, "treasuryStock": 193526000, "capitalSurplus": 108107000, "otherStockholderEquity": 193526000, "totalStockholderEquity": 88842000, "netTangibleAssets": 88842000}, {"maxAge": 1, "endDate": "2019-12-31", "totalStockholderEquity": 79376000, "netTangibleAssets": 79376000}, {"maxAge": 1, "endDate": "2019-09-30", "cash": 3305000, "netReceivables": 227733000, "inventory": 277322000, "otherCurrentAssets": 11008000, "totalCurrentAssets": 519368000, "propertyPlantEquipment": 62299000, "otherAssets": 115525000, "deferredLongTermAssetCharges": 102148000, "totalAssets": 697192000, "accountsPayable": 25086000, "otherCurrentLiab": 165672000, "longTermDebt": 107820000, "otherLiab": 75358000, "minorityInterest": 1000, "totalCurrentLiabilities": 434637000, "totalLiab": 617815000, "commonStock": 71183000, "treasuryStock": 8193000, "otherStockholderEquity": 8193000, "totalStockholderEquity": 79376000, "netTangibleAssets": 79376000}], "maxAge": 86400}, "indexTrend": {"maxAge": 1, "symbol": "SP5", "peRatio": 19.7411, "pegRatio": 1.34172, "estimates": [{"period": "0q", "growth": 0.549}, {"period": "+1q", "growth": 0.431}, {"period": "0y", "growth": 0.305}, {"period": "+1y", "growth": 0.109}, {"period": "+5y", "growth": 0.120859005}, {"period": "-5y"}]}, "insiderTransactions": {"transactions": [{"maxAge": 1, "shares": 1208326, "value": 141253, "filerUrl": "", "transactionText": "Acquisition at price 0.12 per share.", "filerName": "Lakshminarayanaswamy (D)", "filerRelation": "Managing Director", "moneyText": "", "startDate": "2020-09-18", "ownership": "D"}, {"maxAge": 1, "shares": 27000, "filerUrl": "", "transactionText": "", "filerName": "Sri Ramakrishna Yarn Carriers Ltd", "filerRelation": "Promoter", "moneyText": "", "startDate": "2016-04-01", "ownership": "D"}, {"maxAge": 1, "shares": 27000, "filerUrl": "", "transactionText": "", "filerName": "Lakshminarayanaswamy (D)", "filerRelation": "Managing Director", "moneyText": "", "startDate": "2016-03-23", "ownership": "D"}, {"maxAge": 1, "shares": 801739, "filerUrl": "", "transactionText": "", "filerName": "Doraiswamy (R)", "filerRelation": "Executive Chairman", "moneyText": "", "startDate": "2015-07-25", "ownership": "D"}, {"maxAge": 1, "shares": 801739, "filerUrl": "", "transactionText": "", "filerName": "Lakshminarayanaswamy (D)", "filerRelation": "Managing Director", "moneyText": "", "startDate": "2015-07-25", "ownership": "D"}, {"maxAge": 1, "shares": 134227, "filerUrl": "", "transactionText": "", "filerName": "Lakshminarayanaswamy (D)", "filerRelation": "Managing Director", "moneyText": "", "startDate": "2013-07-12", "ownership": "D"}, {"maxAge": 1, "shares": 134227, "filerUrl": "", "transactionText": "", "filerName": "Nagaswarna (L)", "filerRelation": "Chief Executive Officer", "moneyText": "", "startDate": "2013-07-12", "ownership": "D"}, {"maxAge": 1, "shares": 268571, "filerUrl": "", "transactionText": "", "filerName": "Lakshminarayanaswamy (D)", "filerRelation": "Managing Director", "moneyText": "", "startDate": "2013-04-19", "ownership": "D"}], "maxAge": 1}, "quoteType": {"exchange": "BSE", "quoteType": "EQUITY", "symbol": "SRMCL.BO", "underlyingSymbol": "SRMCL.BO", "shortName": "SRI RAMAKRISHNA MILLS (COIMBAT", "longName": "Sri Ramakrishna Mills (Coimbatore) Limited", "firstTradeDateEpochUtc": "2002-08-05 09:15:00", "timeZoneFullName": "Asia/Kolkata", "timeZoneShortName": "IST", "uuid": "d12fb1f8-cc06-3dc6-b916-8792325fddd5", "gmtOffSetMilliseconds": 19800000, "maxAge": 1}, "incomeStatementHistory": {"incomeStatementHistory": [{"maxAge": 1, "endDate": "2020-03-31", "totalRevenue": 313967000, "costOfRevenue": 107461000, "grossProfit": 206506000, "researchDevelopment": {}, "sellingGeneralAdministrative": 49246000, "nonRecurring": {}, "otherOperatingExpenses": 13778000, "totalOperatingExpenses": 173278000, "operatingIncome": 140689000, "totalOtherIncomeExpenseNet": -28294000, "ebit": 140689000, "interestExpense": -25953000, "incomeBeforeTax": 112395000, "incomeTaxExpense": 58096000, "minorityInterest": {}, "netIncomeFromContinuingOps": 54299000, "discontinuedOperations": {}, "extraordinaryItems": {}, "effectOfAccountingCharges": {}, "otherItems": {}, "netIncome": 54301000, "netIncomeApplicableToCommonShares": 54301000}, {"maxAge": 1, "endDate": "2019-03-31", "totalRevenue": 270731000, "costOfRevenue": 107436000, "grossProfit": 163295000, "researchDevelopment": {}, "sellingGeneralAdministrative": 41325000, "nonRecurring": {}, "otherOperatingExpenses": 18069000, "totalOperatingExpenses": 170309000, "operatingIncome": 100422000, "totalOtherIncomeExpenseNet": -26011000, "ebit": 100422000, "interestExpense": -29677000, "incomeBeforeTax": 74411000, "incomeTaxExpense": 37996000, "minorityInterest": 2000, "netIncomeFromContinuingOps": 36415000, "discontinuedOperations": {}, "extraordinaryItems": {}, "effectOfAccountingCharges": {}, "otherItems": {}, "netIncome": 36416000, "netIncomeApplicableToCommonShares": 36416000}, {"maxAge": 1, "endDate": "2018-03-31", "totalRevenue": 133299000, "costOfRevenue": 120332000, "grossProfit": 12967000, "researchDevelopment": {}, "sellingGeneralAdministrative": 42483000, "nonRecurring": {}, "otherOperatingExpenses": 17558000, "totalOperatingExpenses": 184311000, "operatingIncome": -51012000, "totalOtherIncomeExpenseNet": -9445000, "ebit": -51012000, "interestExpense": -23882000, "incomeBeforeTax": -60457000, "incomeTaxExpense": -22040000, "minorityInterest": 2000, "netIncomeFromContinuingOps": -38417000, "discontinuedOperations": {}, "extraordinaryItems": {}, "effectOfAccountingCharges": {}, "otherItems": {}, "netIncome": -38417000, "netIncomeApplicableToCommonShares": -38417000}, {"maxAge": 1, "endDate": "2017-03-31", "totalRevenue": 108835000, "costOfRevenue": 98224000, "grossProfit": 10611000, "researchDevelopment": {}, "sellingGeneralAdministrative": 37121000, "nonRecurring": {}, "otherOperatingExpenses": 17072000, "totalOperatingExpenses": 158849000, "operatingIncome": -50014000, "totalOtherIncomeExpenseNet": 50276000, "ebit": -50014000, "interestExpense": -26009000, "incomeBeforeTax": 262000, "incomeTaxExpense": -182000, "minorityInterest": 2000, "netIncomeFromContinuingOps": 444000, "discontinuedOperations": {}, "extraordinaryItems": {}, "effectOfAccountingCharges": {}, "otherItems": {}, "netIncome": 444000, "netIncomeApplicableToCommonShares": 444000}], "maxAge": 86400}, "fundOwnership": {"ownershipList": [], "maxAge": 1}, "summaryDetail": {"maxAge": 1, "priceHint": 2, "previousClose": 10.9, "open": 10.55, "dayLow": 10.5, "dayHigh": 10.55, "regularMarketPreviousClose": 10.9, "regularMarketOpen": 10.55, "regularMarketDayLow": 10.5, "regularMarketDayHigh": 10.55, "trailingPE": 9.545454, "volume": 427, "regularMarketVolume": 427, "averageVolume": 165, "averageVolume10days": 0, "averageDailyVolume10Day": 0, "bid": 10.5, "ask": 11.45, "bidSize": 0, "askSize": 0, "marketCap": 74742464, "fiftyTwoWeekLow": 6.85, "fiftyTwoWeekHigh": 10.55, "fiftyDayAverage": 8.158484, "twoHundredDayAverage": 7.987681, "currency": "INR", "fromCurrency": null, "lastMarket": null, "algorithm": null, "tradeable": false}, "incomeStatementHistoryQuarterly": {"incomeStatementHistory": [{"maxAge": 1, "endDate": "2020-06-30", "totalRevenue": 2344000, "costOfRevenue": 4000, "grossProfit": 2340000, "researchDevelopment": {}, "sellingGeneralAdministrative": 8283000, "nonRecurring": {}, "otherOperatingExpenses": 4932000, "totalOperatingExpenses": 13917000, "operatingIncome": -11573000, "totalOtherIncomeExpenseNet": -5859000, "ebit": -11573000, "interestExpense": -6914000, "incomeBeforeTax": -17432000, "incomeTaxExpense": 0, "minorityInterest": {}, "netIncomeFromContinuingOps": -17432000, "discontinuedOperations": {}, "extraordinaryItems": {}, "effectOfAccountingCharges": {}, "otherItems": {}, "netIncome": -17432000, "netIncomeApplicableToCommonShares": -17432000}, {"maxAge": 1, "endDate": "2020-03-31", "totalRevenue": 140994000, "costOfRevenue": 82844000, "grossProfit": 58150000, "researchDevelopment": {}, "sellingGeneralAdministrative": 13866000, "nonRecurring": {}, "otherOperatingExpenses": -23437000, "totalOperatingExpenses": 73494000, "operatingIncome": 67500000, "totalOtherIncomeExpenseNet": -13150000, "ebit": 67500000, "interestExpense": -8781000, "incomeBeforeTax": 54350000, "incomeTaxExpense": 48230000, "minorityInterest": {}, "netIncomeFromContinuingOps": 6120000, "discontinuedOperations": {}, "extraordinaryItems": {}, "effectOfAccountingCharges": {}, "otherItems": {}, "netIncome": 6122000, "netIncomeApplicableToCommonShares": 6122000}, {"maxAge": 1, "endDate": "2019-12-31", "totalRevenue": 34746000, "costOfRevenue": 3170000, "grossProfit": 31576000, "researchDevelopment": {}, "sellingGeneralAdministrative": 11991000, "nonRecurring": {}, "otherOperatingExpenses": 11357000, "totalOperatingExpenses": 27375000, "operatingIncome": 7371000, "totalOtherIncomeExpenseNet": -4039000, "ebit": 7371000, "interestExpense": -4476000, "incomeBeforeTax": 3332000, "incomeTaxExpense": 583000, "minorityInterest": {}, "netIncomeFromContinuingOps": 2749000, "discontinuedOperations": {}, "extraordinaryItems": {}, "effectOfAccountingCharges": {}, "otherItems": {}, "netIncome": 2749000, "netIncomeApplicableToCommonShares": 2749000}, {"maxAge": 1, "endDate": "2019-09-30", "totalRevenue": 61970000, "costOfRevenue": 12457000, "grossProfit": 49513000, "researchDevelopment": {}, "sellingGeneralAdministrative": 12354000, "nonRecurring": {}, "otherOperatingExpenses": 12792000, "totalOperatingExpenses": 38461000, "operatingIncome": 23509000, "totalOtherIncomeExpenseNet": -5456000, "ebit": 23509000, "interestExpense": -5711000, "incomeBeforeTax": 18053000, "incomeTaxExpense": 1660000, "minorityInterest": 1000, "netIncomeFromContinuingOps": 16393000, "discontinuedOperations": {}, "extraordinaryItems": {}, "effectOfAccountingCharges": {}, "otherItems": {}, "netIncome": 16393000, "netIncomeApplicableToCommonShares": 16393000}], "maxAge": 86400}, "cashflowStatementHistoryQuarterly": {"cashflowStatements": [{"maxAge": 1, "endDate": "2020-06-30", "netIncome": -17432000, "changeToLiabilities": 0}, {"maxAge": 1, "endDate": "2020-03-31", "netIncome": 6122000, "changeToLiabilities": 0}, {"maxAge": 1, "endDate": "2019-12-31", "netIncome": 2749000, "changeToLiabilities": 0}, {"maxAge": 1, "endDate": "2019-09-30", "netIncome": 16393000, "changeToLiabilities": 0}], "maxAge": 86400}, "insiderHolders": {"holders": [{"maxAge": 1, "name": "Doraiswamy (R)", "relation": "Executive Chairman", "url": "", "transactionDescription": "Other", "latestTransDate": "2015-07-25", "positionDirect": 0, "positionDirectDate": "2015-07-25"}, {"maxAge": 1, "name": "Lakshminarayanaswamy (D)", "relation": "Managing Director", "url": "", "transactionDescription": "Acquisition", "latestTransDate": "2020-09-18", "positionDirect": 232500, "positionDirectDate": "2020-09-18"}, {"maxAge": 1, "name": "Nagaswarna (L)", "relation": "Chief Executive Officer", "url": "", "transactionDescription": "Gift", "latestTransDate": "2013-07-12", "positionDirect": 937264, "positionDirectDate": "2013-07-12"}, {"maxAge": 1, "name": "Sri Ramakrishna Yarn Carriers Ltd", "relation": "Promoter", "url": "", "transactionDescription": "Acquisition", "latestTransDate": "2016-04-01", "positionDirect": 112450, "positionDirectDate": "2016-04-01"}], "maxAge": 1}, "calendarEvents": {"maxAge": 1, "earnings": {"earningsDate": []}}, "upgradeDowngradeHistory": {"history": [], "maxAge": 86400}, "price": {"maxAge": 1, "regularMarketChangePercent": -0.036697213, "regularMarketChange": -0.39999962, "regularMarketTime": "2021-04-30 11:15:00", "priceHint": 2, "regularMarketPrice": 10.5, "regularMarketDayHigh": 10.55, "regularMarketDayLow": 10.5, "regularMarketVolume": 427, "averageDailyVolume10Day": 0, "averageDailyVolume3Month": 165, "regularMarketPreviousClose": 10.9, "regularMarketSource": "FREE_REALTIME", "regularMarketOpen": 10.55, "exchange": "BSE", "exchangeName": "BSE", "exchangeDataDelayedBy": 0, "marketState": "CLOSED", "quoteType": "EQUITY", "symbol": "SRMCL.BO", "underlyingSymbol": null, "shortName": "SRI RAMAKRISHNA MILLS (COIMBAT", "longName": "Sri Ramakrishna Mills (Coimbatore) Limited", "currency": "INR", "quoteSourceName": "Delayed Quote", "currencySymbol": "\u20b9", "fromCurrency": null, "lastMarket": null, "marketCap": 74742464}, "balanceSheetHistory": {"balanceSheetStatements": [{"maxAge": 1, "endDate": "2020-03-31", "cash": 2235000, "netReceivables": 201537000, "inventory": 269757000, "otherCurrentAssets": 6815000, "totalCurrentAssets": 480928000, "propertyPlantEquipment": 50310000, "otherAssets": 54558000, "deferredLongTermAssetCharges": 46015000, "totalAssets": 585796000, "accountsPayable": 21159000, "shortLongTermDebt": 7715000, "otherCurrentLiab": 33719000, "longTermDebt": 99976000, "otherLiab": 73684000, "totalCurrentLiabilities": 323294000, "totalLiab": 496954000, "commonStock": 71183000, "retainedEarnings": -283974000, "treasuryStock": 193526000, "capitalSurplus": 108107000, "otherStockholderEquity": 193526000, "totalStockholderEquity": 88842000, "netTangibleAssets": 88842000}, {"maxAge": 1, "endDate": "2019-03-31", "cash": 300000, "netReceivables": 124672000, "inventory": 268853000, "otherCurrentAssets": 17034000, "totalCurrentAssets": 411382000, "propertyPlantEquipment": 64014000, "otherAssets": 129257000, "deferredLongTermAssetCharges": 101855000, "totalAssets": 604653000, "accountsPayable": 33260000, "shortLongTermDebt": 7215000, "otherCurrentLiab": 109713000, "longTermDebt": 126253000, "otherLiab": 83569000, "minorityInterest": 2000, "totalCurrentLiabilities": 360860000, "totalLiab": 570682000, "commonStock": 71183000, "retainedEarnings": -376099000, "treasuryStock": 230778000, "capitalSurplus": 108107000, "otherStockholderEquity": 230778000, "totalStockholderEquity": 33969000, "netTangibleAssets": 33969000}, {"maxAge": 1, "endDate": "2018-03-31", "cash": 557000, "netReceivables": 13599000, "inventory": 234086000, "otherCurrentAssets": 12818000, "totalCurrentAssets": 262680000, "propertyPlantEquipment": 92148000, "otherAssets": 168897000, "deferredLongTermAssetCharges": 139824000, "totalAssets": 523725000, "accountsPayable": 54465000, "shortLongTermDebt": 16470000, "otherCurrentLiab": 93077000, "longTermDebt": 155568000, "otherLiab": 57360000, "minorityInterest": 2000, "totalCurrentLiabilities": 313177000, "totalLiab": 526105000, "commonStock": 71183000, "retainedEarnings": -412503000, "treasuryStock": 230831000, "capitalSurplus": 108107000, "otherStockholderEquity": 230831000, "totalStockholderEquity": -2382000, "netTangibleAssets": -2382000}, {"maxAge": 1, "endDate": "2017-03-31", "cash": 223000, "netReceivables": 19009000, "inventory": 234344000, "otherCurrentAssets": 18616000, "totalCurrentAssets": 274234000, "longTermInvestments": 185000, "propertyPlantEquipment": 98440000, "otherAssets": 193274000, "deferredLongTermAssetCharges": 117687000, "totalAssets": 566133000, "accountsPayable": 44094000, "shortLongTermDebt": 12015000, "otherCurrentLiab": 91546000, "longTermDebt": 182023000, "otherLiab": 58014000, "minorityInterest": 2000, "totalCurrentLiabilities": 276099000, "totalLiab": 516136000, "commonStock": 71183000, "retainedEarnings": -360356000, "treasuryStock": 231061000, "capitalSurplus": 108107000, "otherStockholderEquity": 231061000, "totalStockholderEquity": 49995000, "netTangibleAssets": 49995000}], "maxAge": 86400}, "financialData": {"maxAge": 86400, "currentPrice": 10.5, "recommendationKey": "none", "grossProfits": 206506000, "financialCurrency": "INR"}}}