{"SRPL.NS": {"assetProfile": {"address1": "Imperial Heights", "address2": "Tower-B, Second Floor Office No. B-206, 150 Feet Ring Road Opposite Big Bazar", "city": "Rajkot", "zip": "360005", "country": "India", "phone": "91 28 1258 1152", "website": "http://www.shreeramproteins.com", "industry": "Farm Products", "sector": "Consumer Defensive", "longBusinessSummary": "Shree Ram Proteins Limited engages in pressing and crushing of cotton seeds in India. Its products include cotton linter, seed meal, seed hull, seed wash oil, and seed refine oil; and soybean meal, rapeseed meal, groundnut meal, and raw cotton bales. The company also exports its products. Shree Ram Proteins Limited was incorporated in 2008 and is based in Rajkot, India.", "fullTimeEmployees": 24, "companyOfficers": [{"maxAge": 1, "name": "Mr. Lalitkumar Chandulal Vasoya", "age": 39, "title": "Chairman & MD", "yearBorn": 1981, "fiscalYear": 2020, "totalPay": 720000, "exercisedValue": 0, "unexercisedValue": 0}, {"maxAge": 1, "name": "Mr. Rameskumarhbhai Popatbhai Bhadani", "age": 48, "title": "Chief Financial Officer", "yearBorn": 1972, "fiscalYear": 2020, "totalPay": 224000, "exercisedValue": 0, "unexercisedValue": 0}, {"maxAge": 1, "name": "Mr. Bhupendrabhai Kanjibhai Bhadani", "age": 46, "title": "Company Sec. & Compliance Officer", "yearBorn": 1974, "fiscalYear": 2020, "totalPay": 292000, "exercisedValue": 0, "unexercisedValue": 0}, {"maxAge": 1, "name": "Mr. Lavjibhai Valjibhai Savaliya", "age": 55, "title": "Promoter & Whole-Time Director", "yearBorn": 1965, "fiscalYear": 2020, "totalPay": 500000, "exercisedValue": 0, "unexercisedValue": 0}], "compensationAsOfEpochDate": "2020-12-31 05:30:00", "maxAge": 86400}, "cashflowStatementHistory": {"cashflowStatements": [{"maxAge": 1, "endDate": "2020-03-31", "netIncome": 26106499, "depreciation": 11713295, "changeToNetincome": 38819109, "changeToAccountReceivables": -143851375, "changeToLiabilities": 36090468, "changeToInventory": 83399123, "changeToOperatingActivities": 1684073, "totalCashFromOperatingActivities": 53961192, "capitalExpenditures": -109000, "otherCashflowsFromInvestingActivities": 4670419, "totalCashflowsFromInvestingActivities": 4561419, "netBorrowings": -24607113, "otherCashflowsFromFinancingActivities": -33304461, "totalCashFromFinancingActivities": -57911574, "changeInCash": 611036}, {"maxAge": 1, "endDate": "2019-03-31", "netIncome": 33441228, "depreciation": 12932347, "changeToNetincome": 26774384, "changeToAccountReceivables": 154880996, "changeToLiabilities": -120771224, "changeToInventory": -5328670, "changeToOperatingActivities": -17164399, "totalCashFromOperatingActivities": 84764662, "capitalExpenditures": -5474596, "otherCashflowsFromInvestingActivities": 2086570, "totalCashflowsFromInvestingActivities": -550267, "netBorrowings": -46928349, "otherCashflowsFromFinancingActivities": -34548280, "totalCashFromFinancingActivities": -81476629, "changeInCash": 2737766}, {"maxAge": 1, "endDate": "2018-03-31", "netIncome": 18123194, "depreciation": 14236800, "changeToNetincome": 40654293, "changeToAccountReceivables": -147984901, "changeToLiabilities": 26423059, "changeToInventory": -96168940, "changeToOperatingActivities": 7649623, "totalCashFromOperatingActivities": -137066872, "capitalExpenditures": -6852982, "otherCashflowsFromInvestingActivities": -4310866, "totalCashflowsFromInvestingActivities": -11163848, "netBorrowings": -12190453, "otherCashflowsFromFinancingActivities": -35136816, "totalCashFromFinancingActivities": 151692731, "changeInCash": 3462012, "issuanceOfStock": 199020000}, {"maxAge": 1, "endDate": "2017-03-31", "netIncome": 5866357, "depreciation": 16339927, "changeToNetincome": 39208801, "changeToAccountReceivables": -6770926, "changeToLiabilities": 66701730, "changeToInventory": -51369010, "changeToOperatingActivities": 1698440, "totalCashFromOperatingActivities": 71675319, "capitalExpenditures": -691683, "otherCashflowsFromInvestingActivities": 1004812, "totalCashflowsFromInvestingActivities": 313129, "netBorrowings": -35581249, "otherCashflowsFromFinancingActivities": -37719992, "totalCashFromFinancingActivities": -73301241, "changeInCash": -1312793, "issuanceOfStock": 199020000}], "maxAge": 86400}, "institutionOwnership": {"ownershipList": [], "maxAge": 1}, "majorHoldersBreakdown": {"maxAge": 1}, "balanceSheetHistoryQuarterly": {"balanceSheetStatements": [{"maxAge": 1, "endDate": "2020-12-31", "totalStockholderEquity": 426066000, "netTangibleAssets": 426066000}, {"maxAge": 1, "endDate": "2020-09-30", "cash": 6028000, "netReceivables": 506122000, "inventory": 399838000, "otherCurrentAssets": -1000, "totalCurrentAssets": 911987000, "longTermInvestments": 16000, "propertyPlantEquipment": 79018000, "otherAssets": 1583000, "totalAssets": 992604000, "accountsPayable": 78479000, "otherCurrentLiab": 21131000, "longTermDebt": 120147000, "otherLiab": 5274000, "totalCurrentLiabilities": 441117000, "totalLiab": 566538000, "commonStock": 214200000, "treasuryStock": 211866000, "otherStockholderEquity": 211866000, "totalStockholderEquity": 426066000, "netTangibleAssets": 426066000}, {"maxAge": 1, "endDate": "2020-06-30", "totalStockholderEquity": 455122156, "netTangibleAssets": 455122156}, {"maxAge": 1, "endDate": "2019-12-31"}], "maxAge": 86400}, "indexTrend": {"maxAge": 1, "symbol": "SP5", "peRatio": 19.7411, "pegRatio": 1.34172, "estimates": [{"period": "0q", "growth": 0.549}, {"period": "+1q", "growth": 0.431}, {"period": "0y", "growth": 0.305}, {"period": "+1y", "growth": 0.109}, {"period": "+5y", "growth": 0.120865}, {"period": "-5y"}]}, "defaultKeyStatistics": {"maxAge": 1, "priceHint": 2, "enterpriseValue": 1038550976, "profitMargins": -0.0076, "floatShares": 8049986, "sharesOutstanding": 21420000, "beta": -0.136489, "category": null, "bookValue": 19.956, "priceToBook": 1.4030868, "fundFamily": null, "legalType": null, "lastFiscalYearEnd": "2020-03-31 05:30:00", "nextFiscalYearEnd": "2022-03-31 05:30:00", "mostRecentQuarter": "2020-12-31 05:30:00", "netIncomeToCommon": -11163501, "trailingEps": -0.517, "lastSplitFactor": null, "enterpriseToRevenue": 0.707, "enterpriseToEbitda": 29.926}, "summaryProfile": {"address1": "Imperial Heights", "address2": "Tower-B, Second Floor Office No. B-206, 150 Feet Ring Road Opposite Big Bazar", "city": "Rajkot", "zip": "360005", "country": "India", "phone": "91 28 1258 1152", "website": "http://www.shreeramproteins.com", "industry": "Farm Products", "sector": "Consumer Defensive", "longBusinessSummary": "Shree Ram Proteins Limited engages in pressing and crushing of cotton seeds in India. Its products include cotton linter, seed meal, seed hull, seed wash oil, and seed refine oil; and soybean meal, rapeseed meal, groundnut meal, and raw cotton bales. The company also exports its products. Shree Ram Proteins Limited was incorporated in 2008 and is based in Rajkot, India.", "fullTimeEmployees": 24, "companyOfficers": [], "maxAge": 86400}, "netSharePurchaseActivity": {"maxAge": 1, "period": "6m", "buyInfoCount": 0, "buyInfoShares": 0, "sellInfoCount": 0, "netInfoCount": 0, "netInfoShares": 0, "totalInsiderShares": 0}, "quoteType": {"exchange": "NSI", "quoteType": "EQUITY", "symbol": "SRPL.NS", "underlyingSymbol": "SRPL.NS", "shortName": "Shree Ram Proteins Ltd.", "longName": "Shree Ram Proteins Limited", "firstTradeDateEpochUtc": "2018-02-05 09:15:00", "timeZoneFullName": "Asia/Kolkata", "timeZoneShortName": "IST", "uuid": "9e3ace9d-c91f-352b-8335-afd49fcafff7", "gmtOffSetMilliseconds": 19800000, "maxAge": 1}, "incomeStatementHistory": {"incomeStatementHistory": [{"maxAge": 1, "endDate": "2020-03-31", "totalRevenue": 1558993567, "costOfRevenue": 1431423707, "grossProfit": 127569860, "researchDevelopment": {}, "sellingGeneralAdministrative": 9921617, "nonRecurring": {}, "otherOperatingExpenses": 40304425, "totalOperatingExpenses": 1493363044, "operatingIncome": 65630523, "totalOtherIncomeExpenseNet": -30577552, "ebit": 65630523, "interestExpense": -33910887, "incomeBeforeTax": 35052971, "incomeTaxExpense": 8946472, "minorityInterest": {}, "netIncomeFromContinuingOps": 26106499, "discontinuedOperations": {}, "extraordinaryItems": {}, "effectOfAccountingCharges": {}, "otherItems": {}, "netIncome": 26106499, "netIncomeApplicableToCommonShares": 26106499}, {"maxAge": 1, "endDate": "2019-03-31", "totalRevenue": 1581409529, "costOfRevenue": 1417137971, "grossProfit": 164271558, "researchDevelopment": {}, "sellingGeneralAdministrative": 8319034, "nonRecurring": {}, "otherOperatingExpenses": 66440062, "totalOperatingExpenses": 1504829414, "operatingIncome": 76580115, "totalOtherIncomeExpenseNet": -32146579, "ebit": 76580115, "interestExpense": -33927280, "incomeBeforeTax": 44433536, "incomeTaxExpense": 10992308, "minorityInterest": {}, "netIncomeFromContinuingOps": 33441228, "discontinuedOperations": {}, "extraordinaryItems": {}, "effectOfAccountingCharges": {}, "otherItems": {}, "netIncome": 33441228, "netIncomeApplicableToCommonShares": 33441228}, {"maxAge": 1, "endDate": "2018-03-31", "totalRevenue": 1954036292, "costOfRevenue": 1794890910, "grossProfit": 159145382, "researchDevelopment": {}, "sellingGeneralAdministrative": 4734265, "nonRecurring": {}, "otherOperatingExpenses": 77474647, "totalOperatingExpenses": 1891336622, "operatingIncome": 62699670, "totalOtherIncomeExpenseNet": -33807700, "ebit": 62699670, "interestExpense": -33178366, "incomeBeforeTax": 28891970, "incomeTaxExpense": 10768776, "minorityInterest": {}, "netIncomeFromContinuingOps": 18123194, "discontinuedOperations": {}, "extraordinaryItems": {}, "effectOfAccountingCharges": {}, "otherItems": {}, "netIncome": 18123194, "netIncomeApplicableToCommonShares": 18123194}, {"maxAge": 1, "endDate": "2017-03-31", "totalRevenue": 1574304027, "costOfRevenue": 1496577462, "grossProfit": 77726565, "researchDevelopment": {}, "sellingGeneralAdministrative": 3088367, "nonRecurring": {}, "otherOperatingExpenses": 12832275, "totalOperatingExpenses": 1528838031, "operatingIncome": 45465996, "totalOtherIncomeExpenseNet": -35737520, "ebit": 45465996, "interestExpense": -37719991, "incomeBeforeTax": 9728476, "incomeTaxExpense": 3862119, "minorityInterest": {}, "netIncomeFromContinuingOps": 5866357, "discontinuedOperations": {}, "extraordinaryItems": {}, "effectOfAccountingCharges": {}, "otherItems": {}, "netIncome": 5866357, "netIncomeApplicableToCommonShares": 5866357}], "maxAge": 86400}, "fundOwnership": {"ownershipList": [], "maxAge": 1}, "summaryDetail": {"maxAge": 1, "priceHint": 2, "previousClose": 28.0, "open": 28.0, "dayLow": 27.15, "dayHigh": 28.0, "regularMarketPreviousClose": 28.0, "regularMarketOpen": 28.0, "regularMarketDayLow": 27.15, "regularMarketDayHigh": 28.0, "payoutRatio": 0.0, "beta": -0.136489, "volume": 155, "regularMarketVolume": 155, "averageVolume": 0, "averageVolume10days": 0, "averageDailyVolume10Day": 0, "bid": 0.0, "ask": 0.0, "marketCap": 599760000, "fiftyTwoWeekLow": 22.5, "fiftyTwoWeekHigh": 38.0, "priceToSalesTrailing12Months": 0.408576, "fiftyDayAverage": 35.9, "twoHundredDayAverage": 35.875, "currency": "INR", "fromCurrency": null, "lastMarket": null, "algorithm": null, "tradeable": false}, "incomeStatementHistoryQuarterly": {"incomeStatementHistory": [{"maxAge": 1, "endDate": "2020-12-31", "totalRevenue": 525257000, "costOfRevenue": 500337000, "grossProfit": 24920000, "researchDevelopment": {}, "sellingGeneralAdministrative": 1672000, "nonRecurring": {}, "otherOperatingExpenses": 14531000, "totalOperatingExpenses": 519059000, "operatingIncome": 6198000, "totalOtherIncomeExpenseNet": -9529000, "ebit": 6198000, "interestExpense": -9679000, "incomeBeforeTax": -3331000, "incomeTaxExpense": 0, "minorityInterest": {}, "netIncomeFromContinuingOps": -3331000, "discontinuedOperations": {}, "extraordinaryItems": {}, "effectOfAccountingCharges": {}, "otherItems": {}, "netIncome": -3331000, "netIncomeApplicableToCommonShares": -3331000}, {"maxAge": 1, "endDate": "2020-09-30", "totalRevenue": 161439000, "costOfRevenue": 161102000, "grossProfit": 337000, "researchDevelopment": {}, "sellingGeneralAdministrative": 1677000, "nonRecurring": {}, "otherOperatingExpenses": 7471000, "totalOperatingExpenses": 172769000, "operatingIncome": -11330000, "totalOtherIncomeExpenseNet": -15785000, "ebit": -11330000, "interestExpense": -15785000, "incomeBeforeTax": -27115000, "incomeTaxExpense": 0, "minorityInterest": {}, "netIncomeFromContinuingOps": -27115000, "discontinuedOperations": {}, "extraordinaryItems": {}, "effectOfAccountingCharges": {}, "otherItems": {}, "netIncome": -27115000, "netIncomeApplicableToCommonShares": -27115000}, {"maxAge": 1, "endDate": "2020-06-30", "totalRevenue": 98026500, "costOfRevenue": 94672000, "grossProfit": 3354500, "researchDevelopment": {}, "sellingGeneralAdministrative": 1703500, "nonRecurring": {}, "otherOperatingExpenses": 5611500, "totalOperatingExpenses": 104505500, "operatingIncome": -6479000, "totalOtherIncomeExpenseNet": -8049000, "ebit": -6479000, "interestExpense": -8103000, "incomeBeforeTax": -14528000, "incomeTaxExpense": 0, "minorityInterest": {}, "netIncomeFromContinuingOps": -14528000, "discontinuedOperations": {}, "extraordinaryItems": {}, "effectOfAccountingCharges": {}, "otherItems": {}, "netIncome": -14528000, "netIncomeApplicableToCommonShares": -14528000}, {"maxAge": 1, "endDate": "2019-12-31", "totalRevenue": 305344000, "costOfRevenue": 291348000, "grossProfit": 13996000, "researchDevelopment": {}, "sellingGeneralAdministrative": 1923000, "nonRecurring": {}, "otherOperatingExpenses": 4918000, "totalOperatingExpenses": 301227000, "operatingIncome": 4117000, "totalOtherIncomeExpenseNet": -8847000, "ebit": 4117000, "interestExpense": -9236000, "incomeBeforeTax": -4730000, "incomeTaxExpense": 0, "minorityInterest": {}, "netIncomeFromContinuingOps": -4730000, "discontinuedOperations": {}, "extraordinaryItems": {}, "effectOfAccountingCharges": {}, "otherItems": {}, "netIncome": -4730000, "netIncomeApplicableToCommonShares": -4730000}], "maxAge": 86400}, "cashflowStatementHistoryQuarterly": {"cashflowStatements": [{"maxAge": 1, "endDate": "2020-12-31", "netIncome": -3331000, "changeToLiabilities": 0}, {"maxAge": 1, "endDate": "2020-09-30", "netIncome": -27115000, "depreciation": 2518500, "changeToNetincome": 8103500, "changeToAccountReceivables": 11037000, "changeToLiabilities": -31127500, "changeToInventory": -5866500, "changeToOperatingActivities": 5403000, "totalCashFromOperatingActivities": -24429000, "capitalExpenditures": -25000, "otherCashflowsFromInvestingActivities": -152000, "totalCashflowsFromInvestingActivities": -177000, "netBorrowings": 33211000, "otherCashflowsFromFinancingActivities": -9349000, "totalCashFromFinancingActivities": 23862000, "changeInCash": -744000}, {"maxAge": 1, "endDate": "2020-06-30", "netIncome": -14528000, "depreciation": 2518500, "changeToNetincome": 8103500, "changeToAccountReceivables": 11037000, "changeToLiabilities": -31127500, "changeToInventory": -5866500, "changeToOperatingActivities": 5403000, "totalCashFromOperatingActivities": -24429000, "capitalExpenditures": -25000, "otherCashflowsFromInvestingActivities": -152000, "totalCashflowsFromInvestingActivities": -177000, "netBorrowings": 33211000, "otherCashflowsFromFinancingActivities": -9349000, "totalCashFromFinancingActivities": 23862000, "changeInCash": -744000}, {"maxAge": 1, "endDate": "2019-12-31", "netIncome": -4730000, "depreciation": 2518500, "changeToNetincome": 8103500, "changeToAccountReceivables": 11037000, "changeToLiabilities": 0, "changeToInventory": -5866500, "changeToOperatingActivities": 5403000, "totalCashFromOperatingActivities": -24429000, "capitalExpenditures": -25000, "otherCashflowsFromInvestingActivities": -152000, "totalCashflowsFromInvestingActivities": -177000, "netBorrowings": 33211000, "otherCashflowsFromFinancingActivities": -9349000, "totalCashFromFinancingActivities": 23862000, "changeInCash": -744000}], "maxAge": 86400}, "insiderHolders": {"holders": [], "maxAge": 1}, "calendarEvents": {"maxAge": 1, "earnings": {"earningsDate": []}}, "upgradeDowngradeHistory": {"history": [], "maxAge": 86400}, "price": {"maxAge": 1, "regularMarketChangePercent": 0.0, "regularMarketChange": 0.0, "regularMarketTime": "2021-04-30 15:16:01", "priceHint": 2, "regularMarketPrice": 28.0, "regularMarketDayHigh": 28.0, "regularMarketDayLow": 27.15, "regularMarketVolume": 155, "averageDailyVolume10Day": 0, "averageDailyVolume3Month": 0, "regularMarketPreviousClose": 28.0, "regularMarketSource": "FREE_REALTIME", "regularMarketOpen": 28.0, "exchange": "NSI", "exchangeName": "NSE", "exchangeDataDelayedBy": 15, "marketState": "CLOSED", "quoteType": "EQUITY", "symbol": "SRPL.NS", "underlyingSymbol": null, "shortName": "Shree Ram Proteins Ltd.", "longName": "Shree Ram Proteins Limited", "currency": "INR", "quoteSourceName": "Delayed Quote", "currencySymbol": "\u20b9", "fromCurrency": null, "lastMarket": null, "marketCap": 599760000}, "balanceSheetHistory": {"balanceSheetStatements": [{"maxAge": 1, "endDate": "2020-03-31", "cash": 7516242, "netReceivables": 518623574, "inventory": 388105007, "otherCurrentAssets": 9390818, "totalCurrentAssets": 923699298, "longTermInvestments": 15500, "propertyPlantEquipment": 84005482, "otherAssets": 3279848, "totalAssets": 1011000128, "accountsPayable": 140733403, "otherCurrentLiab": 9914107, "longTermDebt": 97961020, "otherLiab": 5166485, "totalCurrentLiabilities": 452750467, "totalLiab": 555877972, "commonStock": 214200000, "retainedEarnings": 106102156, "capitalSurplus": 134820000, "totalStockholderEquity": 455122156, "netTangibleAssets": 455122156}, {"maxAge": 1, "endDate": "2019-03-31", "cash": 6905206, "netReceivables": 377634267, "inventory": 471504130, "otherCurrentAssets": 13229527, "totalCurrentAssets": 869429232, "longTermInvestments": 85492, "propertyPlantEquipment": 95609777, "otherAssets": 3279847, "totalAssets": 968404348, "accountsPayable": 104642935, "shortLongTermDebt": 3408936, "otherCurrentLiab": 5834329, "longTermDebt": 103583196, "otherLiab": 5927615, "totalCurrentLiabilities": 429877880, "totalLiab": 539388691, "commonStock": 214200000, "retainedEarnings": 79995657, "capitalSurplus": 134820000, "totalStockholderEquity": 429015657, "netTangibleAssets": 429015657}, {"maxAge": 1, "endDate": "2018-03-31", "cash": 4167440, "netReceivables": 527692550, "inventory": 466175460, "otherCurrentAssets": 16011588, "totalCurrentAssets": 1014244599, "longTermInvestments": 4333321, "propertyPlantEquipment": 105907187, "otherAssets": 1299974, "totalAssets": 1125785081, "accountsPayable": 227494159, "shortLongTermDebt": 4124824, "otherCurrentLiab": 25679010, "longTermDebt": 169315496, "otherLiab": 7737590, "totalCurrentLiabilities": 553157566, "totalLiab": 730210652, "commonStock": 214200000, "retainedEarnings": 46554429, "capitalSurplus": 134820000, "totalStockholderEquity": 395574429, "netTangibleAssets": 395574429}, {"maxAge": 1, "endDate": "2017-03-31", "cash": 705427, "netReceivables": 380259430, "inventory": 370006520, "otherCurrentAssets": 6665669, "totalCurrentAssets": 757778019, "longTermInvestments": 268523, "propertyPlantEquipment": 114591005, "otherAssets": 1299974, "totalAssets": 873937521, "accountsPayable": 201071100, "shortLongTermDebt": 6334838, "otherCurrentLiab": 5514105, "longTermDebt": 159919445, "otherLiab": 8192759, "totalCurrentLiabilities": 527394081, "totalLiab": 695506285, "commonStock": 150000000, "retainedEarnings": 28431236, "totalStockholderEquity": 178431236, "netTangibleAssets": 178431236}], "maxAge": 86400}, "financialData": {"maxAge": 86400, "currentPrice": 28.0, "recommendationKey": "none", "totalCash": 6028000, "totalCashPerShare": 0.29, "ebitda": 34703816, "totalDebt": 461654016, "totalRevenue": 1467927552, "debtToEquity": 108.353, "revenuePerShare": 68.012, "grossProfits": 127569860, "revenueGrowth": 0.72, "grossMargins": 0.05292, "ebitdaMargins": 0.023640001, "operatingMargins": 0.01652, "profitMargins": -0.0076, "financialCurrency": "INR"}}}