{"SRPML.BO": {"cashflowStatementHistory": {"cashflowStatements": [{"maxAge": 1, "endDate": "2020-03-31", "netIncome": -145120220, "depreciation": 72229917, "changeToNetincome": 28407004, "changeToAccountReceivables": 165777504, "changeToLiabilities": 141296798, "changeToInventory": 101555513, "changeToOperatingActivities": -257797880, "totalCashFromOperatingActivities": 106634515, "capitalExpenditures": -16280426, "otherCashflowsFromInvestingActivities": 5239346, "totalCashflowsFromInvestingActivities": -10996080, "netBorrowings": -17822299, "otherCashflowsFromFinancingActivities": -73722547, "totalCashFromFinancingActivities": -91544846, "changeInCash": 4093589}, {"maxAge": 1, "endDate": "2019-03-31", "netIncome": 10797037, "depreciation": 69307281, "changeToNetincome": 67520509, "changeToAccountReceivables": -1368084, "changeToLiabilities": 72975543, "changeToInventory": -69181927, "changeToOperatingActivities": 19525659, "totalCashFromOperatingActivities": 169853932, "capitalExpenditures": -39901003, "otherCashflowsFromInvestingActivities": 12143065, "totalCashflowsFromInvestingActivities": -27745352, "netBorrowings": -50890159, "otherCashflowsFromFinancingActivities": -91371519, "totalCashFromFinancingActivities": -142261678, "changeInCash": -153098}, {"maxAge": 1, "endDate": "2018-03-31", "netIncome": 833219, "depreciation": 68813222, "changeToNetincome": 78205594, "changeToAccountReceivables": 17289570, "changeToLiabilities": 16066957, "changeToInventory": -2721619, "changeToOperatingActivities": -66202198, "totalCashFromOperatingActivities": 112284745, "capitalExpenditures": -51922510, "otherCashflowsFromInvestingActivities": 1360823, "totalCashflowsFromInvestingActivities": -50561687, "netBorrowings": 21310473, "otherCashflowsFromFinancingActivities": -84627190, "totalCashFromFinancingActivities": -63316717, "changeInCash": -1593659}, {"maxAge": 1, "endDate": "2017-03-31", "netIncome": 25141144, "depreciation": 67149939, "changeToNetincome": 51392648, "changeToAccountReceivables": -154172812, "changeToLiabilities": 28732234, "changeToInventory": 24658431, "changeToOperatingActivities": 84006093, "totalCashFromOperatingActivities": 126907677, "capitalExpenditures": -10201461, "otherCashflowsFromInvestingActivities": 33120078, "totalCashflowsFromInvestingActivities": 23337810, "netBorrowings": -65621632, "otherCashflowsFromFinancingActivities": -83879790, "totalCashFromFinancingActivities": -149501422, "changeInCash": 744065}], "maxAge": 86400}, "institutionOwnership": {"ownershipList": [], "maxAge": 1}, "balanceSheetHistoryQuarterly": {"balanceSheetStatements": [{"maxAge": 1, "endDate": "2020-03-31", "cash": 4276716, "netReceivables": 305039458, "inventory": 119532856, "otherCurrentAssets": 316150849, "totalCurrentAssets": 746194399, "propertyPlantEquipment": 337757197, "intangibleAssets": 420477, "otherAssets": 37990607, "deferredLongTermAssetCharges": 23545158, "totalAssets": 1122362680, "accountsPayable": 307233216, "shortLongTermDebt": 110371774, "otherCurrentLiab": 33279824, "longTermDebt": 104980419, "otherLiab": -1, "totalCurrentLiabilities": 854630697, "totalLiab": 959611115, "commonStock": 124500000, "retainedEarnings": 38251565, "totalStockholderEquity": 162751565, "netTangibleAssets": 162331088}, {"maxAge": 1, "endDate": "2019-12-31", "totalStockholderEquity": 253756000, "netTangibleAssets": 253375000}, {"maxAge": 1, "endDate": "2019-09-30", "cash": 23589000, "shortTermInvestments": 669000, "netReceivables": 440951000, "inventory": 179236000, "otherCurrentAssets": 69999000, "totalCurrentAssets": 714444000, "propertyPlantEquipment": 374381000, "intangibleAssets": 381000, "otherAssets": 7868000, "totalAssets": 1097074000, "accountsPayable": 99052000, "otherCurrentLiab": 192354000, "longTermDebt": 202207000, "otherLiab": 22563000, "totalCurrentLiabilities": 618548000, "totalLiab": 843318000, "commonStock": 124500000, "retainedEarnings": 129256000, "totalStockholderEquity": 253756000, "netTangibleAssets": 253375000}, {"maxAge": 1, "endDate": "2019-06-30", "totalStockholderEquity": 307037000, "netTangibleAssets": 306528000}], "maxAge": 86400}, "indexTrend": {"maxAge": 1, "symbol": "SP5", "peRatio": 19.7411, "pegRatio": 1.34172, "estimates": [{"period": "0q", "growth": 0.549}, {"period": "+1q", "growth": 0.431}, {"period": "0y", "growth": 0.305}, {"period": "+1y", "growth": 0.109}, {"period": "+5y", "growth": 0.120859005}, {"period": "-5y"}]}, "insiderTransactions": {"transactions": [{"maxAge": 1, "shares": 250000, "filerUrl": "", "transactionText": "", "filerName": "Velvan (Udayan D)", "filerRelation": "Director (Executive)", "moneyText": "", "startDate": "2014-06-20", "ownership": "D"}, {"maxAge": 1, "shares": 350000, "filerUrl": "", "transactionText": "", "filerName": "Velvan (Udayan D)", "filerRelation": "Director (Executive)", "moneyText": "", "startDate": "2013-12-13", "ownership": "D"}], "maxAge": 1}, "quoteType": {"exchange": "BSE", "quoteType": "EQUITY", "symbol": "SRPML.BO", "underlyingSymbol": "SRPML.BO", "shortName": "SHREE RAJESHWARANAND PAPER MIL", "longName": "Shree Rajeshwaranand Paper Mills Limited", "firstTradeDateEpochUtc": "1998-12-30 09:15:00", "timeZoneFullName": "Asia/Kolkata", "timeZoneShortName": "IST", "uuid": "3b1aeaff-435b-34dc-9cf0-4662c90f317d", "gmtOffSetMilliseconds": 19800000, "maxAge": 1}, "incomeStatementHistory": {"incomeStatementHistory": [{"maxAge": 1, "endDate": "2020-03-31", "totalRevenue": 766079394, "costOfRevenue": 531970923, "grossProfit": 234108471, "researchDevelopment": {}, "sellingGeneralAdministrative": 47074604, "nonRecurring": {}, "otherOperatingExpenses": 230650802, "totalOperatingExpenses": 882212125, "operatingIncome": -116132731, "totalOtherIncomeExpenseNet": -74261647, "ebit": -116132731, "interestExpense": -59086677, "incomeBeforeTax": -190394378, "incomeTaxExpense": -45274158, "minorityInterest": {}, "netIncomeFromContinuingOps": -145120220, "discontinuedOperations": {}, "extraordinaryItems": {}, "effectOfAccountingCharges": {}, "otherItems": {}, "netIncome": -145120220, "netIncomeApplicableToCommonShares": -145120220}, {"maxAge": 1, "endDate": "2019-03-31", "totalRevenue": 1331015822, "costOfRevenue": 784750346, "grossProfit": 546265476, "researchDevelopment": {}, "sellingGeneralAdministrative": 51422967, "nonRecurring": {}, "otherOperatingExpenses": 333871942, "totalOperatingExpenses": 1239630450, "operatingIncome": 91385372, "totalOtherIncomeExpenseNet": -78789755, "ebit": 91385372, "interestExpense": -64440700, "incomeBeforeTax": 12595617, "incomeTaxExpense": 1798580, "minorityInterest": {}, "netIncomeFromContinuingOps": 10797037, "discontinuedOperations": {}, "extraordinaryItems": {}, "effectOfAccountingCharges": {}, "otherItems": {}, "netIncome": 10797037, "netIncomeApplicableToCommonShares": 10797037}, {"maxAge": 1, "endDate": "2018-03-31", "totalRevenue": 1122785869, "costOfRevenue": 674882633, "grossProfit": 447903236, "researchDevelopment": {}, "sellingGeneralAdministrative": 44470959, "nonRecurring": {}, "otherOperatingExpenses": 240152772, "totalOperatingExpenses": 1028319586, "operatingIncome": 94466283, "totalOtherIncomeExpenseNet": -87896153, "ebit": 94466283, "interestExpense": -60190456, "incomeBeforeTax": 6570130, "incomeTaxExpense": 5736911, "minorityInterest": {}, "netIncomeFromContinuingOps": 833219, "discontinuedOperations": {}, "extraordinaryItems": {}, "effectOfAccountingCharges": {}, "otherItems": {}, "netIncome": 833219, "netIncomeApplicableToCommonShares": 833219}, {"maxAge": 1, "endDate": "2017-03-31", "totalRevenue": 1207753983, "costOfRevenue": 739751094, "grossProfit": 468002889, "researchDevelopment": {}, "sellingGeneralAdministrative": 46251017, "nonRecurring": {}, "otherOperatingExpenses": 284139811, "totalOperatingExpenses": 1137291861, "operatingIncome": 70462122, "totalOtherIncomeExpenseNet": -34870616, "ebit": 70462122, "interestExpense": -50766713, "incomeBeforeTax": 35591506, "incomeTaxExpense": 10450362, "minorityInterest": {}, "netIncomeFromContinuingOps": 25141144, "discontinuedOperations": {}, "extraordinaryItems": {}, "effectOfAccountingCharges": {}, "otherItems": {}, "netIncome": 25141144, "netIncomeApplicableToCommonShares": 25141144}], "maxAge": 86400}, "fundOwnership": {"ownershipList": [], "maxAge": 1}, "summaryDetail": {"maxAge": 1, "priceHint": 4, "previousClose": 1.53, "open": 1.61, "dayLow": 1.53, "dayHigh": 1.61, "regularMarketPreviousClose": 1.53, "regularMarketOpen": 1.61, "regularMarketDayLow": 1.53, "regularMarketDayHigh": 1.61, "volume": 100, "regularMarketVolume": 100, "averageVolume": 867, "averageVolume10days": 184, "averageDailyVolume10Day": 184, "bid": 1.6, "ask": 0.0, "bidSize": 0, "askSize": 0, "marketCap": 19048500, "fiftyTwoWeekLow": 1.53, "fiftyTwoWeekHigh": 4.59, "fiftyDayAverage": 3.448485, "twoHundredDayAverage": 2.9468381, "currency": "INR", "fromCurrency": null, "lastMarket": null, "algorithm": null, "tradeable": false}, "incomeStatementHistoryQuarterly": {"incomeStatementHistory": [{"maxAge": 1, "endDate": "2020-03-31", "totalRevenue": 182250394, "costOfRevenue": 195023923, "grossProfit": -12773529, "researchDevelopment": {}, "sellingGeneralAdministrative": 12538604, "nonRecurring": {}, "otherOperatingExpenses": 59573802, "totalOperatingExpenses": 286075125, "operatingIncome": -103824731, "totalOtherIncomeExpenseNet": -18059647, "ebit": -103824731, "interestExpense": -976677, "incomeBeforeTax": -121884378, "incomeTaxExpense": -45274158, "minorityInterest": {}, "netIncomeFromContinuingOps": -76610220, "discontinuedOperations": {}, "extraordinaryItems": {}, "effectOfAccountingCharges": {}, "otherItems": {}, "netIncome": -76610220, "netIncomeApplicableToCommonShares": -76610220}, {"maxAge": 1, "endDate": "2019-12-31", "totalRevenue": 145823000, "costOfRevenue": 59545000, "grossProfit": 86278000, "researchDevelopment": {}, "sellingGeneralAdministrative": 10127000, "nonRecurring": {}, "otherOperatingExpenses": 52804000, "totalOperatingExpenses": 140434000, "operatingIncome": 5389000, "totalOtherIncomeExpenseNet": -20618000, "ebit": 5389000, "interestExpense": -20453000, "incomeBeforeTax": -15229000, "incomeTaxExpense": 0, "minorityInterest": {}, "netIncomeFromContinuingOps": -15229000, "discontinuedOperations": {}, "extraordinaryItems": {}, "effectOfAccountingCharges": {}, "otherItems": {}, "netIncome": -15229000, "netIncomeApplicableToCommonShares": -15229000}, {"maxAge": 1, "endDate": "2019-09-30", "totalRevenue": 227608000, "costOfRevenue": 142945000, "grossProfit": 84663000, "researchDevelopment": {}, "sellingGeneralAdministrative": 11636000, "nonRecurring": {}, "otherOperatingExpenses": 69537000, "totalOperatingExpenses": 242062000, "operatingIncome": -14454000, "totalOtherIncomeExpenseNet": -23566000, "ebit": -14454000, "interestExpense": -17136000, "incomeBeforeTax": -38020000, "incomeTaxExpense": 0, "minorityInterest": {}, "netIncomeFromContinuingOps": -38020000, "discontinuedOperations": {}, "extraordinaryItems": {}, "effectOfAccountingCharges": {}, "otherItems": {}, "netIncome": -38020000, "netIncomeApplicableToCommonShares": -38020000}, {"maxAge": 1, "endDate": "2019-06-30", "totalRevenue": 210398000, "costOfRevenue": 134457000, "grossProfit": 75941000, "researchDevelopment": {}, "sellingGeneralAdministrative": 12773000, "nonRecurring": {}, "otherOperatingExpenses": 48736000, "totalOperatingExpenses": 213641000, "operatingIncome": -3243000, "totalOtherIncomeExpenseNet": -12018000, "ebit": -3243000, "interestExpense": -20521000, "incomeBeforeTax": -15261000, "incomeTaxExpense": 0, "minorityInterest": {}, "netIncomeFromContinuingOps": -15261000, "discontinuedOperations": {}, "extraordinaryItems": {}, "effectOfAccountingCharges": {}, "otherItems": {}, "netIncome": -15261000, "netIncomeApplicableToCommonShares": -15261000}], "maxAge": 86400}, "cashflowStatementHistoryQuarterly": {"cashflowStatements": [{"maxAge": 1, "endDate": "2020-03-31", "netIncome": -76610220, "changeToLiabilities": 0}, {"maxAge": 1, "endDate": "2019-12-31", "netIncome": -15229000, "changeToLiabilities": 0}, {"maxAge": 1, "endDate": "2019-09-30", "netIncome": -38020000, "changeToLiabilities": 0}, {"maxAge": 1, "endDate": "2019-06-30", "netIncome": -15261000, "changeToLiabilities": 0}], "maxAge": 86400}, "insiderHolders": {"holders": [{"maxAge": 1, "name": "Velvan (Udayan D)", "relation": "Director (Executive)", "url": "", "transactionDescription": "Purchase", "latestTransDate": "2014-06-20", "positionDirect": 1379895, "positionDirectDate": "2014-06-20"}], "maxAge": 1}, "calendarEvents": {"maxAge": 1, "earnings": {"earningsDate": []}}, "upgradeDowngradeHistory": {"history": [], "maxAge": 86400}, "price": {"maxAge": 1, "regularMarketChangePercent": 0.0, "regularMarketChange": 0.0, "regularMarketTime": "2021-04-29 11:10:16", "priceHint": 4, "regularMarketPrice": 1.53, "regularMarketDayHigh": 1.61, "regularMarketDayLow": 1.53, "regularMarketVolume": 100, "averageDailyVolume10Day": 184, "averageDailyVolume3Month": 867, "regularMarketPreviousClose": 1.53, "regularMarketSource": "FREE_REALTIME", "regularMarketOpen": 1.61, "exchange": "BSE", "exchangeName": "BSE", "exchangeDataDelayedBy": 0, "marketState": "CLOSED", "quoteType": "EQUITY", "symbol": "SRPML.BO", "underlyingSymbol": null, "shortName": "SHREE RAJESHWARANAND PAPER MIL", "longName": "Shree Rajeshwaranand Paper Mills Limited", "currency": "INR", "quoteSourceName": "Delayed Quote", "currencySymbol": "\u20b9", "fromCurrency": null, "lastMarket": null, "marketCap": 19048500}, "balanceSheetHistory": {"balanceSheetStatements": [{"maxAge": 1, "endDate": "2020-03-31", "cash": 4276716, "netReceivables": 305039458, "inventory": 119532856, "otherCurrentAssets": 316150849, "totalCurrentAssets": 746194399, "propertyPlantEquipment": 337757197, "intangibleAssets": 420477, "otherAssets": 37990607, "deferredLongTermAssetCharges": 23545158, "totalAssets": 1122362680, "accountsPayable": 307233216, "shortLongTermDebt": 110371774, "otherCurrentLiab": 33279824, "longTermDebt": 104980419, "otherLiab": -1, "totalCurrentLiabilities": 854630697, "totalLiab": 959611115, "commonStock": 124500000, "retainedEarnings": 38251565, "totalStockholderEquity": 162751565, "netTangibleAssets": 162331088}, {"maxAge": 1, "endDate": "2019-03-31", "cash": 183127, "netReceivables": 479746208, "inventory": 221088369, "otherCurrentAssets": 159736627, "totalCurrentAssets": 863473195, "propertyPlantEquipment": 394021216, "intangibleAssets": 509343, "otherAssets": 13222993, "totalAssets": 1271226747, "accountsPayable": 165936418, "shortLongTermDebt": 79397328, "otherCurrentLiab": 178016903, "longTermDebt": 174115484, "otherLiab": 22563349, "totalCurrentLiabilities": 767510478, "totalLiab": 964189311, "commonStock": 124500000, "retainedEarnings": 182537436, "totalStockholderEquity": 307037436, "netTangibleAssets": 306528093}, {"maxAge": 1, "endDate": "2018-03-31", "cash": 336225, "netReceivables": 472907488, "inventory": 151906442, "otherCurrentAssets": 146309830, "totalCurrentAssets": 775261766, "propertyPlantEquipment": 423482528, "intangibleAssets": 747307, "otherAssets": 16235453, "totalAssets": 1215727054, "accountsPayable": 92960875, "shortLongTermDebt": 81048264, "otherCurrentLiab": 146503710, "longTermDebt": 222989297, "otherLiab": 30854959, "totalCurrentLiabilities": 665407428, "totalLiab": 919251684, "commonStock": 124500000, "retainedEarnings": 171975370, "totalStockholderEquity": 296475370, "netTangibleAssets": 295728063}, {"maxAge": 1, "endDate": "2017-03-31", "cash": 1929884, "netReceivables": 499012953, "inventory": 149184823, "otherCurrentAssets": 129592146, "totalCurrentAssets": 783525311, "propertyPlantEquipment": 440096915, "intangibleAssets": 1023632, "otherAssets": 15597460, "totalAssets": 1240243318, "accountsPayable": 76893920, "shortLongTermDebt": 53766886, "otherCurrentLiab": 213713635, "longTermDebt": 219296588, "otherLiab": 54608654, "deferredLongTermLiab": 475886, "totalCurrentLiabilities": 671107011, "totalLiab": 945012253, "commonStock": 124500000, "retainedEarnings": 170731065, "totalStockholderEquity": 295231065, "netTangibleAssets": 294207433}], "maxAge": 86400}, "financialData": {"maxAge": 86400, "currentPrice": 1.53, "recommendationKey": "none", "grossProfits": 234108471, "financialCurrency": "INR"}}}