{"SSPDL.BO": {"cashflowStatementHistory": {"cashflowStatements": [{"maxAge": 1, "endDate": "2020-03-31", "netIncome": -115629795, "depreciation": 4503277, "changeToNetincome": 49319770, "changeToAccountReceivables": 92429886, "changeToLiabilities": -9272203, "changeToInventory": -176551691, "changeToOperatingActivities": 172465048, "totalCashFromOperatingActivities": 17264292, "capitalExpenditures": -3451605, "investments": 22660000, "otherCashflowsFromInvestingActivities": 1310946, "totalCashflowsFromInvestingActivities": 20519341, "netBorrowings": 2729668, "otherCashflowsFromFinancingActivities": -55487022, "totalCashFromFinancingActivities": -52757354, "changeInCash": -14973721}, {"maxAge": 1, "endDate": "2019-03-31", "netIncome": -219517939, "depreciation": 915503, "changeToNetincome": -13414445, "changeToAccountReceivables": 166902336, "changeToLiabilities": 125110901, "changeToInventory": -115594671, "changeToOperatingActivities": 19452865, "totalCashFromOperatingActivities": -35879972, "capitalExpenditures": -349295, "investments": 4500000, "otherCashflowsFromInvestingActivities": 141642, "totalCashflowsFromInvestingActivities": 4315918, "netBorrowings": 86997229, "otherCashflowsFromFinancingActivities": -50183982, "totalCashFromFinancingActivities": 36813247, "changeInCash": 5249193}, {"maxAge": 1, "endDate": "2018-03-31", "netIncome": -96698321, "depreciation": 3186701, "changeToNetincome": 6017340, "changeToAccountReceivables": -32764352, "changeToLiabilities": -37601074, "changeToInventory": -89935708, "changeToOperatingActivities": 102975055, "totalCashFromOperatingActivities": -144554881, "capitalExpenditures": -2648425, "investments": 23187960, "otherCashflowsFromInvestingActivities": 141642, "totalCashflowsFromInvestingActivities": 22441067, "netBorrowings": 187420589, "otherCashflowsFromFinancingActivities": -37590192, "totalCashFromFinancingActivities": 149830397, "changeInCash": 27716583}, {"maxAge": 1, "endDate": "2017-03-31", "netIncome": 135246496, "depreciation": 4528681, "changeToNetincome": 67899745, "changeToAccountReceivables": -69058076, "changeToLiabilities": 93395648, "changeToInventory": 55439629, "changeToOperatingActivities": -353562414, "totalCashFromOperatingActivities": -65490839, "capitalExpenditures": -980517, "investments": 26590530, "otherCashflowsFromInvestingActivities": 12011584, "totalCashflowsFromInvestingActivities": 39751536, "netBorrowings": 18230747, "otherCashflowsFromFinancingActivities": -29061239, "totalCashFromFinancingActivities": -10830492, "changeInCash": -36569795}], "maxAge": 86400}, "institutionOwnership": {"maxAge": 1, "ownershipList": []}, "balanceSheetHistoryQuarterly": {"balanceSheetStatements": [{"maxAge": 1, "endDate": "2020-06-30", "totalStockholderEquity": 179079420, "netTangibleAssets": 179079420}, {"maxAge": 1, "endDate": "2020-03-31", "cash": 29014704, "netReceivables": 250590896, "inventory": 1107004491, "otherCurrentAssets": 183216688, "totalCurrentAssets": 1573459774, "longTermInvestments": 39032281, "propertyPlantEquipment": 11380170, "otherAssets": 256511320, "deferredLongTermAssetCharges": 196259236, "totalAssets": 1880383545, "accountsPayable": 308590239, "shortLongTermDebt": 12224504, "otherCurrentLiab": 822637588, "longTermDebt": 60935754, "otherLiab": 11220910, "totalCurrentLiabilities": 1624959200, "totalLiab": 1701304125, "commonStock": 129292500, "retainedEarnings": -457005133, "treasuryStock": 237101053, "capitalSurplus": 269691000, "otherStockholderEquity": 237101053, "totalStockholderEquity": 179079420, "netTangibleAssets": 179079420}, {"maxAge": 1, "endDate": "2019-12-31", "totalStockholderEquity": 248031000, "netTangibleAssets": 248031000}, {"maxAge": 1, "endDate": "2019-09-30", "cash": 34172000, "shortTermInvestments": 21479000, "netReceivables": 282679000, "inventory": 1039107000, "otherCurrentAssets": 187537000, "totalCurrentAssets": 1564974000, "longTermInvestments": 45342000, "propertyPlantEquipment": 6704000, "otherAssets": 272227000, "deferredLongTermAssetCharges": 196364000, "totalAssets": 1889247000, "accountsPayable": 282829000, "otherCurrentLiab": 838088000, "longTermDebt": 65332000, "otherLiab": 10097000, "totalCurrentLiabilities": 1565787000, "totalLiab": 1641216000, "commonStock": 129293000, "treasuryStock": 118738000, "otherStockholderEquity": 118738000, "totalStockholderEquity": 248031000, "netTangibleAssets": 248031000}], "maxAge": 86400}, "indexTrend": {"maxAge": 1, "symbol": "SP5", "peRatio": 19.7411, "pegRatio": 1.34172, "estimates": [{"period": "0q", "growth": 0.549}, {"period": "+1q", "growth": 0.431}, {"period": "0y", "growth": 0.305}, {"period": "+1y", "growth": 0.109}, {"period": "+5y", "growth": 0.120859005}, {"period": "-5y"}]}, "insiderTransactions": {"transactions": [{"maxAge": 1, "shares": 102500, "filerUrl": "", "transactionText": "", "filerName": "Challa (Sridevi)", "filerRelation": "Director (Non-Executive)", "moneyText": "", "startDate": "2015-03-30", "ownership": "D"}, {"maxAge": 1, "shares": 0, "filerUrl": "", "transactionText": "", "filerName": "Eadala (Padmaja)", "filerRelation": "Promoter", "moneyText": "", "startDate": "2015-01-02", "ownership": "I"}, {"maxAge": 1, "shares": 745000, "filerUrl": "", "transactionText": "", "filerName": "Eadala (Padmaja)", "filerRelation": "Promoter", "moneyText": "", "startDate": "2015-01-01", "ownership": "D"}, {"maxAge": 1, "shares": 1977500, "filerUrl": "", "transactionText": "", "filerName": "Edala (Bhaskar Rao)", "filerRelation": "Director (Non-Executive)", "moneyText": "", "startDate": "2015-01-01", "ownership": "D"}, {"maxAge": 1, "shares": 1232500, "filerUrl": "", "transactionText": "", "filerName": "Sri Krishna Devaraya Hatcheries Pvt Ltd", "filerRelation": "Promoter", "moneyText": "", "startDate": "2015-01-01", "ownership": "D"}], "maxAge": 1}, "quoteType": {"exchange": "BSE", "quoteType": "EQUITY", "symbol": "SSPDL.BO", "underlyingSymbol": "SSPDL.BO", "shortName": "SSPDL LTD.", "longName": "SSPDL Limited", "firstTradeDateEpochUtc": "2002-08-14 09:15:00", "timeZoneFullName": "Asia/Kolkata", "timeZoneShortName": "IST", "uuid": "11c539dd-0b5a-3f5b-b81e-9a39b4b10d5d", "messageBoardId": null, "gmtOffSetMilliseconds": 19800000, "maxAge": 1}, "incomeStatementHistory": {"incomeStatementHistory": [{"maxAge": 1, "endDate": "2020-03-31", "totalRevenue": 69827326, "costOfRevenue": 75082325, "grossProfit": -5254999, "researchDevelopment": {}, "sellingGeneralAdministrative": 36272094, "nonRecurring": {}, "otherOperatingExpenses": 23762900, "totalOperatingExpenses": 148715071, "operatingIncome": -78887745, "totalOtherIncomeExpenseNet": -45710378, "ebit": -78887745, "interestExpense": -56354469, "incomeBeforeTax": -124598123, "incomeTaxExpense": -8968328, "minorityInterest": {}, "netIncomeFromContinuingOps": -115629795, "discontinuedOperations": {}, "extraordinaryItems": {}, "effectOfAccountingCharges": {}, "otherItems": {}, "netIncome": -115629795, "netIncomeApplicableToCommonShares": -115629795}, {"maxAge": 1, "endDate": "2019-03-31", "totalRevenue": 345840240, "costOfRevenue": 513733891, "grossProfit": -167893651, "researchDevelopment": {}, "sellingGeneralAdministrative": 46693513, "nonRecurring": {}, "otherOperatingExpenses": 20514879, "totalOperatingExpenses": 582123264, "operatingIncome": -236283024, "totalOtherIncomeExpenseNet": -43422243, "ebit": -236283024, "interestExpense": -50499125, "incomeBeforeTax": -279705267, "incomeTaxExpense": -60187328, "minorityInterest": {}, "netIncomeFromContinuingOps": -219517939, "discontinuedOperations": {}, "extraordinaryItems": {}, "effectOfAccountingCharges": {}, "otherItems": {}, "netIncome": -219517939, "netIncomeApplicableToCommonShares": -219517939}, {"maxAge": 1, "endDate": "2018-03-31", "totalRevenue": 487097967, "costOfRevenue": 500965985, "grossProfit": -13868018, "researchDevelopment": {}, "sellingGeneralAdministrative": 53104970, "nonRecurring": {}, "otherOperatingExpenses": 27835052, "totalOperatingExpenses": 585358186, "operatingIncome": -98260219, "totalOtherIncomeExpenseNet": -26304836, "ebit": -98260219, "interestExpense": -42938368, "incomeBeforeTax": -124565055, "incomeTaxExpense": -27866734, "minorityInterest": {}, "netIncomeFromContinuingOps": -96698321, "discontinuedOperations": {}, "extraordinaryItems": {}, "effectOfAccountingCharges": {}, "otherItems": {}, "netIncome": -96698321, "netIncomeApplicableToCommonShares": -96698321}, {"maxAge": 1, "endDate": "2017-03-31", "totalRevenue": 1136188069, "costOfRevenue": 813709731, "grossProfit": 322478338, "researchDevelopment": {}, "sellingGeneralAdministrative": 48711758, "nonRecurring": {}, "otherOperatingExpenses": 25591075, "totalOperatingExpenses": 893160697, "operatingIncome": 243027372, "totalOtherIncomeExpenseNet": -17312476, "ebit": 243027372, "interestExpense": -35530428, "incomeBeforeTax": 225714896, "incomeTaxExpense": 90468400, "minorityInterest": {}, "netIncomeFromContinuingOps": 135246496, "discontinuedOperations": {}, "extraordinaryItems": {}, "effectOfAccountingCharges": {}, "otherItems": {}, "netIncome": 135246496, "netIncomeApplicableToCommonShares": 135246496}], "maxAge": 86400}, "fundOwnership": {"maxAge": 1, "ownershipList": []}, "summaryDetail": {"maxAge": 1, "priceHint": 2, "previousClose": 14.73, "open": 15.0, "dayLow": 15.0, "dayHigh": 15.46, "regularMarketPreviousClose": 14.73, "regularMarketOpen": 15.0, "regularMarketDayLow": 15.0, "regularMarketDayHigh": 15.46, "volume": 235, "regularMarketVolume": 235, "averageVolume": 3446, "averageVolume10days": 4839, "averageDailyVolume10Day": 4839, "bid": 14.51, "ask": 15.4, "bidSize": 0, "askSize": 0, "marketCap": 199109680, "fiftyTwoWeekLow": 9.44, "fiftyTwoWeekHigh": 23.6, "fiftyDayAverage": 13.280857, "twoHundredDayAverage": 13.476131, "currency": "INR", "fromCurrency": null, "toCurrency": null, "lastMarket": null, "algorithm": null, "tradeable": false}, "incomeStatementHistoryQuarterly": {"incomeStatementHistory": [{"maxAge": 1, "endDate": "2020-06-30", "totalRevenue": 897000, "costOfRevenue": 1854000, "grossProfit": -957000, "researchDevelopment": {}, "sellingGeneralAdministrative": 7174000, "nonRecurring": {}, "otherOperatingExpenses": 7852000, "totalOperatingExpenses": 19306000, "operatingIncome": -18409000, "totalOtherIncomeExpenseNet": -6641000, "ebit": -18409000, "interestExpense": -12537000, "incomeBeforeTax": -25050000, "incomeTaxExpense": 39255000, "minorityInterest": {}, "netIncomeFromContinuingOps": -64305000, "discontinuedOperations": {}, "extraordinaryItems": {}, "effectOfAccountingCharges": {}, "otherItems": {}, "netIncome": -64305000, "netIncomeApplicableToCommonShares": -64305000}, {"maxAge": 1, "endDate": "2020-03-31", "totalRevenue": 10918326, "costOfRevenue": 36158325, "grossProfit": -25239999, "researchDevelopment": {}, "sellingGeneralAdministrative": 9521094, "nonRecurring": {}, "otherOperatingExpenses": 6058900, "totalOperatingExpenses": 64492071, "operatingIncome": -53573745, "totalOtherIncomeExpenseNet": -8494378, "ebit": -53573745, "interestExpense": -12948469, "incomeBeforeTax": -62068123, "incomeTaxExpense": 672, "minorityInterest": {}, "netIncomeFromContinuingOps": -62068795, "discontinuedOperations": {}, "extraordinaryItems": {}, "effectOfAccountingCharges": {}, "otherItems": {}, "netIncome": -62068795, "netIncomeApplicableToCommonShares": -62068795}, {"maxAge": 1, "endDate": "2019-12-31", "totalRevenue": 18486000, "costOfRevenue": 4133000, "grossProfit": 14353000, "researchDevelopment": {}, "sellingGeneralAdministrative": 8246000, "nonRecurring": {}, "otherOperatingExpenses": 5725000, "totalOperatingExpenses": 18385000, "operatingIncome": 101000, "totalOtherIncomeExpenseNet": -6738000, "ebit": 101000, "interestExpense": -12103000, "incomeBeforeTax": -6637000, "incomeTaxExpense": 0, "minorityInterest": {}, "netIncomeFromContinuingOps": -6637000, "discontinuedOperations": {}, "extraordinaryItems": {}, "effectOfAccountingCharges": {}, "otherItems": {}, "netIncome": -6637000, "netIncomeApplicableToCommonShares": -6637000}, {"maxAge": 1, "endDate": "2019-09-30", "totalRevenue": 9449000, "costOfRevenue": 4954000, "grossProfit": 4495000, "researchDevelopment": {}, "sellingGeneralAdministrative": 10230000, "nonRecurring": {}, "otherOperatingExpenses": 7723000, "totalOperatingExpenses": 23190000, "operatingIncome": -13741000, "totalOtherIncomeExpenseNet": -17372000, "ebit": -13741000, "interestExpense": -17854000, "incomeBeforeTax": -31113000, "incomeTaxExpense": -8036000, "minorityInterest": {}, "netIncomeFromContinuingOps": -23077000, "discontinuedOperations": {}, "extraordinaryItems": {}, "effectOfAccountingCharges": {}, "otherItems": {}, "netIncome": -23077000, "netIncomeApplicableToCommonShares": -23077000}], "maxAge": 86400}, "cashflowStatementHistoryQuarterly": {"cashflowStatements": [{"maxAge": 1, "endDate": "2020-06-30", "netIncome": -64305000, "changeToLiabilities": 0}, {"maxAge": 1, "endDate": "2020-03-31", "netIncome": -62068795, "changeToLiabilities": 0}, {"maxAge": 1, "endDate": "2019-12-31", "netIncome": -6637000, "changeToLiabilities": 0}, {"maxAge": 1, "endDate": "2019-09-30", "netIncome": -23077000, "changeToLiabilities": 0}], "maxAge": 86400}, "insiderHolders": {"holders": [{"maxAge": 1, "name": "Challa (Sridevi)", "relation": "Director (Non-Executive)", "url": "", "transactionDescription": "Other", "latestTransDate": "2015-03-30", "positionDirect": 102500, "positionDirectDate": "2015-03-30"}, {"maxAge": 1, "name": "Eadala (Padmaja)", "relation": "Promoter", "url": "", "transactionDescription": "Purchase", "latestTransDate": "2015-01-02", "positionIndirect": 895000, "positionIndirectDate": 1420156800}, {"maxAge": 1, "name": "Edala (Bhaskar Rao)", "relation": "Director (Non-Executive)", "url": "", "transactionDescription": "Sale", "latestTransDate": "2015-01-01", "positionDirect": 150000, "positionDirectDate": "2015-01-01"}, {"maxAge": 1, "name": "Sri Krishna Devaraya Hatcheries Pvt Ltd", "relation": "Promoter", "url": "", "transactionDescription": "Acquisition", "latestTransDate": "2015-01-01", "positionDirect": 2402652, "positionDirectDate": "2015-01-01"}], "maxAge": 1}, "calendarEvents": {"maxAge": 1, "earnings": {"earningsDate": ["2020-11-12 05:30:S", "2020-11-19 05:30:S"]}}, "price": {"maxAge": 1, "regularMarketChangePercent": 0.04548541, "regularMarketChange": 0.6700001, "regularMarketTime": "2021-04-30 15:24:27", "priceHint": 2, "regularMarketPrice": 15.4, "regularMarketDayHigh": 15.46, "regularMarketDayLow": 15.0, "regularMarketVolume": 235, "averageDailyVolume10Day": 4839, "averageDailyVolume3Month": 3446, "regularMarketPreviousClose": 14.73, "regularMarketSource": "FREE_REALTIME", "regularMarketOpen": 15.0, "exchange": "BSE", "exchangeName": "BSE", "exchangeDataDelayedBy": 0, "marketState": "CLOSED", "quoteType": "EQUITY", "symbol": "SSPDL.BO", "underlyingSymbol": null, "shortName": "SSPDL LTD.", "longName": "SSPDL Limited", "currency": "INR", "quoteSourceName": "Delayed Quote", "currencySymbol": "\u20b9", "fromCurrency": null, "toCurrency": null, "lastMarket": null, "marketCap": 199109680}, "balanceSheetHistory": {"balanceSheetStatements": [{"maxAge": 1, "endDate": "2020-03-31", "cash": 29014704, "netReceivables": 250590896, "inventory": 1107004491, "otherCurrentAssets": 183216688, "totalCurrentAssets": 1573459774, "longTermInvestments": 39032281, "propertyPlantEquipment": 11380170, "otherAssets": 256511320, "deferredLongTermAssetCharges": 196259236, "totalAssets": 1880383545, "accountsPayable": 308590239, "shortLongTermDebt": 12224504, "otherCurrentLiab": 822637588, "longTermDebt": 60935754, "otherLiab": 11220910, "totalCurrentLiabilities": 1624959200, "totalLiab": 1701304125, "commonStock": 129292500, "retainedEarnings": -457005133, "treasuryStock": 237101053, "capitalSurplus": 269691000, "otherStockholderEquity": 237101053, "totalStockholderEquity": 179079420, "netTangibleAssets": 179079420}, {"maxAge": 1, "endDate": "2019-03-31", "cash": 43988425, "netReceivables": 348857551, "inventory": 930452800, "otherCurrentAssets": 224066921, "totalCurrentAssets": 1551551365, "longTermInvestments": 61692281, "propertyPlantEquipment": 7243547, "otherAssets": 268633137, "deferredLongTermAssetCharges": 183171631, "totalAssets": 1889120330, "accountsPayable": 307164029, "shortLongTermDebt": 11688468, "otherCurrentLiab": 723801885, "longTermDebt": 69879005, "otherLiab": 10097473, "totalCurrentLiabilities": 1514188985, "totalLiab": 1594165463, "commonStock": 129292500, "retainedEarnings": -341129686, "treasuryStock": 237101053, "capitalSurplus": 269691000, "otherStockholderEquity": 237101053, "totalStockholderEquity": 294954867, "netTangibleAssets": 294954867}, {"maxAge": 1, "endDate": "2018-03-31", "cash": 38739232, "netReceivables": 791017275, "inventory": 653062013, "otherCurrentAssets": 142405635, "totalCurrentAssets": 1629977214, "longTermInvestments": 66192281, "propertyPlantEquipment": 8075234, "otherAssets": 176384933, "deferredLongTermAssetCharges": 89874742, "totalAssets": 1880629662, "accountsPayable": 134822991, "shortLongTermDebt": 11641422, "otherCurrentLiab": 628401798, "longTermDebt": 80426581, "otherLiab": 8012868, "totalCurrentLiabilities": 1195922667, "totalLiab": 1284362116, "commonStock": 129292500, "retainedEarnings": -39817007, "treasuryStock": 237101053, "capitalSurplus": 269691000, "otherStockholderEquity": 237101053, "totalStockholderEquity": 596267546, "netTangibleAssets": 596267546}, {"maxAge": 1, "endDate": "2017-03-31", "cash": 11022649, "netReceivables": 718362975, "inventory": 563126341, "otherCurrentAssets": 59318318, "totalCurrentAssets": 1353948435, "longTermInvestments": 89380241, "propertyPlantEquipment": 8878983, "intangibleAssets": 265478, "otherAssets": 143479959, "deferredLongTermAssetCharges": 62008009, "totalAssets": 1595953096, "accountsPayable": 167249835, "shortLongTermDebt": 7135860, "otherCurrentLiab": 347091699, "longTermDebt": 27481464, "otherLiab": 49983442, "totalCurrentLiabilities": 825522323, "totalLiab": 902987229, "commonStock": 129292500, "retainedEarnings": 56881314, "treasuryStock": 237101053, "capitalSurplus": 269691000, "otherStockholderEquity": 237101053, "totalStockholderEquity": 692965867, "netTangibleAssets": 692700389}], "maxAge": 86400}, "financialData": {"maxAge": 86400, "currentPrice": 15.4, "recommendationKey": "none", "grossProfits": -5254999, "financialCurrency": "INR"}}}