{"SSWRL.BO": {"cashflowStatementHistory": {"cashflowStatements": [{"maxAge": 1, "endDate": "2020-03-31", "netIncome": 19270325, "depreciation": 1874581, "changeToNetincome": -74359, "changeToAccountReceivables": -12446066, "changeToLiabilities": -7926799, "changeToInventory": 2746336, "changeToOperatingActivities": -867055, "totalCashFromOperatingActivities": 2576963, "capitalExpenditures": -4066938, "investments": -3708861, "otherCashflowsFromInvestingActivities": 262590, "totalCashflowsFromInvestingActivities": -7495293, "netBorrowings": -277181, "otherCashflowsFromFinancingActivities": -67966, "totalCashFromFinancingActivities": -345147, "changeInCash": -5263476}, {"maxAge": 1, "endDate": "2019-03-31", "netIncome": 4571336, "depreciation": 1606893, "changeToNetincome": 3328396, "changeToAccountReceivables": -8953440, "changeToLiabilities": 5621555, "changeToInventory": -8571204, "changeToOperatingActivities": 9560541, "totalCashFromOperatingActivities": 7164077, "capitalExpenditures": -3182073, "investments": -14296, "otherCashflowsFromInvestingActivities": 268802, "totalCashflowsFromInvestingActivities": -2500124, "netBorrowings": -907994, "otherCashflowsFromFinancingActivities": -144976, "totalCashFromFinancingActivities": -1052970, "changeInCash": 3610983}, {"maxAge": 1, "endDate": "2018-03-31", "netIncome": 6871346, "depreciation": 1364393, "changeToNetincome": -3042044, "changeToAccountReceivables": 9754911, "changeToLiabilities": 3202469, "changeToInventory": -8518163, "changeToOperatingActivities": -2648796, "totalCashFromOperatingActivities": 6984116, "capitalExpenditures": -3153776, "investments": -260104, "otherCashflowsFromInvestingActivities": 2413424, "totalCashflowsFromInvestingActivities": -11333576, "netBorrowings": 1669781, "otherCashflowsFromFinancingActivities": -144379, "totalCashFromFinancingActivities": 1525402, "changeInCash": -2824058}, {"maxAge": 1, "endDate": "2017-03-31", "netIncome": 5333601, "depreciation": 1109296, "changeToNetincome": -3080820, "changeToAccountReceivables": -3198160, "changeToLiabilities": 2021737, "changeToInventory": 1696770, "changeToOperatingActivities": 2433570, "totalCashFromOperatingActivities": 6315994, "capitalExpenditures": -110000, "investments": -260104, "otherCashflowsFromInvestingActivities": 7884329, "totalCashflowsFromInvestingActivities": -4765671, "netBorrowings": -290094, "otherCashflowsFromFinancingActivities": -50106, "totalCashFromFinancingActivities": -340200, "changeInCash": 1210123}], "maxAge": 86400}, "institutionOwnership": {"ownershipList": [], "maxAge": 1}, "balanceSheetHistoryQuarterly": {"balanceSheetStatements": [{"maxAge": 1, "endDate": "2020-06-30", "totalStockholderEquity": 117208518, "netTangibleAssets": 114497058}, {"maxAge": 1, "endDate": "2020-03-31", "cash": 7919075, "shortTermInvestments": 3983261, "netReceivables": 37662032, "inventory": 28000769, "otherCurrentAssets": 4277228, "totalCurrentAssets": 81902905, "longTermInvestments": 113760, "propertyPlantEquipment": 27953730, "goodWill": 2711460, "otherAssets": 30810171, "totalAssets": 143492026, "accountsPayable": 16965063, "shortLongTermDebt": 277181, "otherCurrentLiab": 2739814, "otherLiab": 2179014, "totalCurrentLiabilities": 24104494, "totalLiab": 26283508, "commonStock": 32988400, "retainedEarnings": 85633330, "treasuryStock": -1413212, "otherStockholderEquity": -1413212, "totalStockholderEquity": 117208518, "netTangibleAssets": 114497058}, {"maxAge": 1, "endDate": "2019-12-31", "totalStockholderEquity": 105148000, "netTangibleAssets": 102437000}, {"maxAge": 1, "endDate": "2019-09-30", "cash": 4661000, "shortTermInvestments": 479000, "netReceivables": 32734000, "inventory": 31703000, "otherCurrentAssets": 5763000, "totalCurrentAssets": 75340000, "longTermInvestments": 234000, "propertyPlantEquipment": 14309000, "goodWill": 2711000, "intangibleAssets": 2711000, "otherAssets": 43778000, "totalAssets": 136372000, "accountsPayable": 21499000, "shortLongTermDebt": 488000, "otherCurrentLiab": 6451000, "longTermDebt": 253000, "otherLiab": 2533000, "totalCurrentLiabilities": 28438000, "totalLiab": 31224000, "commonStock": 32988000, "treasuryStock": 72160000, "otherStockholderEquity": 72160000, "totalStockholderEquity": 105148000, "netTangibleAssets": 102437000}], "maxAge": 86400}, "indexTrend": {"maxAge": 1, "symbol": "SP5", "peRatio": 19.7411, "pegRatio": 1.34172, "estimates": [{"period": "0q", "growth": 0.549}, {"period": "+1q", "growth": 0.431}, {"period": "0y", "growth": 0.305}, {"period": "+1y", "growth": 0.109}, {"period": "+5y", "growth": 0.120859005}, {"period": "-5y"}]}, "quoteType": {"exchange": "BSE", "quoteType": "EQUITY", "symbol": "SSWRL.BO", "underlyingSymbol": "SSWRL.BO", "shortName": "SHREE STEEL WIRE ROPES LTD.", "longName": "Shree Steel Wire Ropes Limited", "firstTradeDateEpochUtc": "2003-07-04 09:15:00", "timeZoneFullName": "Asia/Kolkata", "timeZoneShortName": "IST", "uuid": "891773f6-d07d-394f-97e1-13ad968dd769", "gmtOffSetMilliseconds": 19800000, "maxAge": 1}, "incomeStatementHistory": {"incomeStatementHistory": [{"maxAge": 1, "endDate": "2020-03-31", "totalRevenue": 254127817, "costOfRevenue": 152332554, "grossProfit": 101795263, "researchDevelopment": {}, "sellingGeneralAdministrative": 22372800, "nonRecurring": {}, "otherOperatingExpenses": 52344535, "totalOperatingExpenses": 228924470, "operatingIncome": 25203347, "totalOtherIncomeExpenseNet": 116838, "ebit": 25203347, "interestExpense": -68097, "incomeBeforeTax": 25320185, "incomeTaxExpense": 6049860, "minorityInterest": {}, "netIncomeFromContinuingOps": 19270325, "discontinuedOperations": {}, "extraordinaryItems": {}, "effectOfAccountingCharges": {}, "otherItems": {}, "netIncome": 19270325, "netIncomeApplicableToCommonShares": 19270325}, {"maxAge": 1, "endDate": "2019-03-31", "totalRevenue": 180802837, "costOfRevenue": 108306822, "grossProfit": 72496015, "researchDevelopment": {}, "sellingGeneralAdministrative": 21410597, "nonRecurring": {}, "otherOperatingExpenses": 40578180, "totalOperatingExpenses": 171902492, "operatingIncome": 8900345, "totalOtherIncomeExpenseNet": 558752, "ebit": 8900345, "interestExpense": -144976, "incomeBeforeTax": 9459097, "incomeTaxExpense": 4887761, "minorityInterest": {}, "netIncomeFromContinuingOps": 4571336, "discontinuedOperations": {}, "extraordinaryItems": {}, "effectOfAccountingCharges": {}, "otherItems": {}, "netIncome": 4571336, "netIncomeApplicableToCommonShares": 4571336}, {"maxAge": 1, "endDate": "2018-03-31", "totalRevenue": 129805198, "costOfRevenue": 76613916, "grossProfit": 53191282, "researchDevelopment": {}, "sellingGeneralAdministrative": 15993273, "nonRecurring": {}, "otherOperatingExpenses": 28570307, "totalOperatingExpenses": 122541889, "operatingIncome": 7263309, "totalOtherIncomeExpenseNet": 4212388, "ebit": 7263309, "interestExpense": -148575, "incomeBeforeTax": 9091587, "incomeTaxExpense": 2220241, "minorityInterest": {}, "netIncomeFromContinuingOps": 6871346, "discontinuedOperations": {}, "extraordinaryItems": {}, "effectOfAccountingCharges": {}, "otherItems": {}, "netIncome": 6871346, "netIncomeApplicableToCommonShares": 6871346}, {"maxAge": 1, "endDate": "2017-03-31", "totalRevenue": 96298308, "costOfRevenue": 62491092, "grossProfit": 33807216, "researchDevelopment": {}, "sellingGeneralAdministrative": 13359931, "nonRecurring": {}, "otherOperatingExpenses": 14543247, "totalOperatingExpenses": 91503566, "operatingIncome": 4794742, "totalOtherIncomeExpenseNet": 3800398, "ebit": 4794742, "interestExpense": -50106, "incomeBeforeTax": 8595140, "incomeTaxExpense": 3261539, "minorityInterest": {}, "netIncomeFromContinuingOps": 5333601, "discontinuedOperations": {}, "extraordinaryItems": {}, "effectOfAccountingCharges": {}, "otherItems": {}, "netIncome": 5333601, "netIncomeApplicableToCommonShares": 5333601}], "maxAge": 86400}, "fundOwnership": {"ownershipList": [], "maxAge": 1}, "summaryDetail": {"maxAge": 1, "priceHint": 2, "previousClose": 23.0, "open": 21.85, "dayLow": 21.85, "dayHigh": 23.0, "regularMarketPreviousClose": 23.0, "regularMarketOpen": 21.85, "regularMarketDayLow": 21.85, "regularMarketDayHigh": 23.0, "trailingPE": 4.109344, "volume": 1652, "regularMarketVolume": 1652, "averageVolume": 6002, "averageVolume10days": 1351, "averageDailyVolume10Day": 1351, "bid": 22.2, "ask": 23.0, "bidSize": 0, "askSize": 0, "marketCap": 76164272, "fiftyTwoWeekLow": 10.22, "fiftyTwoWeekHigh": 27.5, "fiftyDayAverage": 23.524242, "twoHundredDayAverage": 19.720589, "currency": "INR", "fromCurrency": null, "lastMarket": null, "algorithm": null, "tradeable": false}, "incomeStatementHistoryQuarterly": {"incomeStatementHistory": [{"maxAge": 1, "endDate": "2020-06-30", "totalRevenue": 11793000, "costOfRevenue": 6475000, "grossProfit": 5318000, "researchDevelopment": {}, "sellingGeneralAdministrative": 3780000, "nonRecurring": {}, "otherOperatingExpenses": 3777000, "totalOperatingExpenses": 14561000, "operatingIncome": -2768000, "totalOtherIncomeExpenseNet": 203000, "ebit": -2768000, "interestExpense": -5000, "incomeBeforeTax": -2565000, "incomeTaxExpense": -388000, "minorityInterest": {}, "netIncomeFromContinuingOps": -2177000, "discontinuedOperations": {}, "extraordinaryItems": {}, "effectOfAccountingCharges": {}, "otherItems": {}, "netIncome": -2177000, "netIncomeApplicableToCommonShares": -2177000}, {"maxAge": 1, "endDate": "2020-03-31", "totalRevenue": 67525817, "costOfRevenue": 43494554, "grossProfit": 24031263, "researchDevelopment": {}, "sellingGeneralAdministrative": 6429800, "nonRecurring": {}, "otherOperatingExpenses": 7978535, "totalOperatingExpenses": 58534470, "operatingIncome": 8991347, "totalOtherIncomeExpenseNet": 2760838, "ebit": 8991347, "interestExpense": -9097, "incomeBeforeTax": 11752185, "incomeTaxExpense": 6240860, "minorityInterest": {}, "netIncomeFromContinuingOps": 5511325, "discontinuedOperations": {}, "extraordinaryItems": {}, "effectOfAccountingCharges": {}, "otherItems": {}, "netIncome": 5511325, "netIncomeApplicableToCommonShares": 5511325}, {"maxAge": 1, "endDate": "2019-12-31", "totalRevenue": 75783000, "costOfRevenue": 43520000, "grossProfit": 32263000, "researchDevelopment": {}, "sellingGeneralAdministrative": 5426000, "nonRecurring": {}, "otherOperatingExpenses": 17266000, "totalOperatingExpenses": 66633000, "operatingIncome": 9150000, "totalOtherIncomeExpenseNet": 365000, "ebit": 9150000, "interestExpense": -15000, "incomeBeforeTax": 9515000, "incomeTaxExpense": -191000, "minorityInterest": {}, "netIncomeFromContinuingOps": 9706000, "discontinuedOperations": {}, "extraordinaryItems": {}, "effectOfAccountingCharges": {}, "otherItems": {}, "netIncome": 9706000, "netIncomeApplicableToCommonShares": 9706000}, {"maxAge": 1, "endDate": "2019-09-30", "totalRevenue": 57790000, "costOfRevenue": 32680000, "grossProfit": 25110000, "researchDevelopment": {}, "sellingGeneralAdministrative": 5160000, "nonRecurring": {}, "otherOperatingExpenses": 14608000, "totalOperatingExpenses": 52860000, "operatingIncome": 4930000, "totalOtherIncomeExpenseNet": 597000, "ebit": 4930000, "interestExpense": -19000, "incomeBeforeTax": 5527000, "incomeTaxExpense": 0, "minorityInterest": {}, "netIncomeFromContinuingOps": 5527000, "discontinuedOperations": {}, "extraordinaryItems": {}, "effectOfAccountingCharges": {}, "otherItems": {}, "netIncome": 5527000, "netIncomeApplicableToCommonShares": 5527000}], "maxAge": 86400}, "cashflowStatementHistoryQuarterly": {"cashflowStatements": [{"maxAge": 1, "endDate": "2020-06-30", "netIncome": -2177000, "changeToLiabilities": 0}, {"maxAge": 1, "endDate": "2020-03-31", "netIncome": 5511325, "changeToLiabilities": 0}, {"maxAge": 1, "endDate": "2019-12-31", "netIncome": 9706000, "changeToLiabilities": 0}, {"maxAge": 1, "endDate": "2019-09-30", "netIncome": 5527000, "changeToLiabilities": 0}], "maxAge": 86400}, "insiderHolders": {"holders": [], "maxAge": 1}, "calendarEvents": {"maxAge": 1, "earnings": {"earningsDate": ["2020-08-10 05:30:S"]}}, "upgradeDowngradeHistory": {"history": [], "maxAge": 86400}, "price": {"maxAge": 1, "regularMarketChangePercent": 0.0, "regularMarketChange": 0.0, "regularMarketTime": "2021-04-30 15:29:21", "priceHint": 2, "regularMarketPrice": 23.0, "regularMarketDayHigh": 23.0, "regularMarketDayLow": 21.85, "regularMarketVolume": 1652, "averageDailyVolume10Day": 1351, "averageDailyVolume3Month": 6002, "regularMarketPreviousClose": 23.0, "regularMarketSource": "FREE_REALTIME", "regularMarketOpen": 21.85, "exchange": "BSE", "exchangeName": "BSE", "exchangeDataDelayedBy": 0, "marketState": "CLOSED", "quoteType": "EQUITY", "symbol": "SSWRL.BO", "underlyingSymbol": null, "shortName": "SHREE STEEL WIRE ROPES LTD.", "longName": "Shree Steel Wire Ropes Limited", "currency": "INR", "quoteSourceName": "Delayed Quote", "currencySymbol": "\u20b9", "fromCurrency": null, "lastMarket": null, "marketCap": 76164272}, "balanceSheetHistory": {"balanceSheetStatements": [{"maxAge": 1, "endDate": "2020-03-31", "cash": 7919075, "shortTermInvestments": 3983261, "netReceivables": 37662032, "inventory": 28000769, "otherCurrentAssets": 4277228, "totalCurrentAssets": 81902905, "longTermInvestments": 113760, "propertyPlantEquipment": 27953730, "goodWill": 2711460, "otherAssets": 30810171, "totalAssets": 143492026, "accountsPayable": 16965063, "shortLongTermDebt": 277181, "otherCurrentLiab": 2739814, "otherLiab": 2179014, "totalCurrentLiabilities": 24104494, "totalLiab": 26283508, "commonStock": 32988400, "retainedEarnings": 85633330, "treasuryStock": -1413212, "otherStockholderEquity": -1413212, "totalStockholderEquity": 117208518, "netTangibleAssets": 114497058}, {"maxAge": 1, "endDate": "2019-03-31", "cash": 13182551, "shortTermInvestments": 274400, "netReceivables": 25179225, "inventory": 30747105, "otherCurrentAssets": 4560499, "totalCurrentAssets": 74078321, "longTermInvestments": 18000, "propertyPlantEquipment": 14071440, "goodWill": 2711460, "otherAssets": 46687067, "totalAssets": 137566288, "accountsPayable": 24923466, "shortLongTermDebt": 907995, "otherCurrentLiab": 3871606, "longTermDebt": 277181, "otherLiab": 1994936, "totalCurrentLiabilities": 34197258, "totalLiab": 36469375, "commonStock": 32988400, "retainedEarnings": 66363005, "treasuryStock": 1745508, "otherStockholderEquity": 1745508, "totalStockholderEquity": 101096913, "netTangibleAssets": 98385453}, {"maxAge": 1, "endDate": "2018-03-31", "cash": 9831671, "shortTermInvestments": 38259, "netReceivables": 45675093, "inventory": 22175901, "otherCurrentAssets": 743757, "totalCurrentAssets": 78648508, "longTermInvestments": 18000, "propertyPlantEquipment": 12496260, "goodWill": 2711460, "otherAssets": 28444741, "deferredLongTermAssetCharges": 2020000, "totalAssets": 122318969, "accountsPayable": 19301911, "shortLongTermDebt": 830985, "otherCurrentLiab": 1221663, "longTermDebt": 1185175, "otherLiab": 1864890, "totalCurrentLiabilities": 22488835, "totalLiab": 25538900, "commonStock": 32988400, "retainedEarnings": 61791669, "treasuryStock": 2000000, "otherStockholderEquity": 2000000, "totalStockholderEquity": 96780069, "netTangibleAssets": 94068609}, {"maxAge": 1, "endDate": "2017-03-31", "cash": 12395625, "netReceivables": 28939270, "inventory": 13657738, "otherCurrentAssets": 968983, "totalCurrentAssets": 56132381, "longTermInvestments": 18000, "propertyPlantEquipment": 10706877, "goodWill": 2711460, "otherAssets": 41725020, "deferredLongTermAssetCharges": 1994000, "totalAssets": 111293738, "accountsPayable": 16099442, "shortLongTermDebt": 346379, "otherCurrentLiab": 1806018, "otherLiab": 1668975, "totalCurrentLiabilities": 19716042, "totalLiab": 21385017, "commonStock": 32988400, "retainedEarnings": 54920321, "treasuryStock": 2000000, "otherStockholderEquity": 2000000, "totalStockholderEquity": 89908721, "netTangibleAssets": 87197261}], "maxAge": 86400}, "financialData": {"maxAge": 86400, "currentPrice": 23.0, "recommendationKey": "none", "grossProfits": 101795263, "financialCurrency": "INR"}}}