{"STANROS.BO": {"cashflowStatementHistory": {"cashflowStatements": [{"maxAge": 1, "endDate": "2020-03-31", "netIncome": -81604000, "depreciation": 4060000, "changeToNetincome": 39794000, "changeToLiabilities": 1027000, "changeToOperatingActivities": 8542000, "totalCashFromOperatingActivities": 46008000, "capitalExpenditures": -7133000, "totalCashflowsFromInvestingActivities": -7008000, "dividendsPaid": -28701000, "totalCashFromFinancingActivities": -28701000, "changeInCash": 10299000}, {"maxAge": 1, "endDate": "2019-03-31", "netIncome": -28994000, "depreciation": 3452000, "changeToNetincome": -4954000, "changeToLiabilities": -2022000, "changeToOperatingActivities": 9741000, "totalCashFromOperatingActivities": 29825000, "capitalExpenditures": -945000, "totalCashflowsFromInvestingActivities": 910000, "dividendsPaid": -28701000, "totalCashFromFinancingActivities": -28701000, "changeInCash": 2034000}, {"maxAge": 1, "endDate": "2018-03-31", "netIncome": 33770101, "depreciation": 4092088, "changeToNetincome": -77130556, "changeToLiabilities": -268634, "changeToInventory": 19738, "changeToOperatingActivities": 61843525, "totalCashFromOperatingActivities": 22326262, "capitalExpenditures": -4303528, "totalCashflowsFromInvestingActivities": -3952028, "dividendsPaid": -23807520, "otherCashflowsFromFinancingActivities": -4846735, "totalCashFromFinancingActivities": -28654255, "changeInCash": -10280020}, {"maxAge": 1, "endDate": "2017-03-31", "netIncome": 40634343, "depreciation": 4065747, "changeToNetincome": -65215280, "changeToAccountReceivables": 615449, "changeToLiabilities": -1446330, "changeToInventory": 227457, "changeToOperatingActivities": 67194487, "totalCashFromOperatingActivities": 46075873, "capitalExpenditures": -5661184, "totalCashflowsFromInvestingActivities": -5587119, "dividendsPaid": -28654255, "otherCashflowsFromFinancingActivities": -4846735, "totalCashFromFinancingActivities": -28654255, "changeInCash": 11834500}], "maxAge": 86400}, "institutionOwnership": {"maxAge": 1, "ownershipList": []}, "balanceSheetHistoryQuarterly": {"balanceSheetStatements": [{"maxAge": 1, "endDate": "2020-06-30", "totalStockholderEquity": 502131000, "netTangibleAssets": 494562000}, {"maxAge": 1, "endDate": "2020-03-31", "cash": 23122000, "netReceivables": 95262000, "otherCurrentAssets": 129000, "totalCurrentAssets": 350577000, "propertyPlantEquipment": 14796000, "goodWill": 503000, "intangibleAssets": 7066000, "otherAssets": 158304000, "deferredLongTermAssetCharges": 9985000, "totalAssets": 531246000, "accountsPayable": 1288000, "shortLongTermDebt": 19774000, "otherCurrentLiab": 7283000, "otherLiab": 640000, "totalCurrentLiabilities": 28475000, "totalLiab": 29115000, "commonStock": 39679000, "retainedEarnings": 392341000, "treasuryStock": -29087000, "capitalSurplus": 99198000, "otherStockholderEquity": -29087000, "totalStockholderEquity": 502131000, "netTangibleAssets": 494562000}, {"maxAge": 1, "endDate": "2019-12-31", "totalStockholderEquity": 593754000, "netTangibleAssets": 593251000}, {"maxAge": 1, "endDate": "2019-09-30", "cash": 17730000, "shortTermInvestments": 310908000, "netReceivables": 228056000, "otherCurrentAssets": 1000, "totalCurrentAssets": 556695000, "propertyPlantEquipment": 49541000, "goodWill": 503000, "otherAssets": 27202000, "totalAssets": 633941000, "accountsPayable": 993000, "otherCurrentLiab": 5873000, "longTermDebt": 19774000, "otherLiab": 13547000, "totalCurrentLiabilities": 6866000, "totalLiab": 40187000, "commonStock": 39679000, "treasuryStock": 554075000, "otherStockholderEquity": 554075000, "totalStockholderEquity": 593754000, "netTangibleAssets": 593251000}], "maxAge": 86400}, "indexTrend": {"maxAge": 1, "symbol": "SP5", "peRatio": 19.7411, "pegRatio": 1.34172, "estimates": [{"period": "0q", "growth": 0.549}, {"period": "+1q", "growth": 0.431}, {"period": "0y", "growth": 0.305}, {"period": "+1y", "growth": 0.109}, {"period": "+5y", "growth": 0.120859005}, {"period": "-5y"}]}, "insiderTransactions": {"transactions": [{"maxAge": 1, "shares": 13000, "filerUrl": "", "transactionText": "", "filerName": "Shanudeep Pvt Ltd", "filerRelation": "Promoter", "moneyText": "", "startDate": "2018-07-13", "ownership": "D"}, {"maxAge": 1, "shares": 13000, "filerUrl": "", "transactionText": "", "filerName": "Vinadeep Investments Pvt Ltd", "filerRelation": "Promoter", "moneyText": "", "startDate": "2018-07-13", "ownership": "D"}], "maxAge": 1}, "quoteType": {"exchange": "BSE", "quoteType": "EQUITY", "symbol": "STANROS.BO", "underlyingSymbol": "STANROS.BO", "shortName": "STANROSE MAFATLAL INVESTMENTS", "longName": "Stanrose Mafatlal Investments and Finance Limited", "firstTradeDateEpochUtc": "2000-01-03 09:15:00", "timeZoneFullName": "Asia/Kolkata", "timeZoneShortName": "IST", "uuid": "92e9b640-6709-3524-9daf-b70a8f0835dd", "messageBoardId": null, "gmtOffSetMilliseconds": 19800000, "maxAge": 1}, "incomeStatementHistory": {"incomeStatementHistory": [{"maxAge": 1, "endDate": "2020-03-31", "totalRevenue": 3487000, "costOfRevenue": 1685000, "grossProfit": 1802000, "researchDevelopment": {}, "sellingGeneralAdministrative": 7806000, "nonRecurring": {}, "otherOperatingExpenses": 29045000, "totalOperatingExpenses": 42596000, "operatingIncome": -39109000, "totalOtherIncomeExpenseNet": -43069000, "ebit": -39109000, "interestExpense": {}, "incomeBeforeTax": -82178000, "incomeTaxExpense": -574000, "minorityInterest": {}, "netIncomeFromContinuingOps": -81604000, "discontinuedOperations": {}, "extraordinaryItems": {}, "effectOfAccountingCharges": {}, "otherItems": {}, "netIncome": -81604000, "netIncomeApplicableToCommonShares": -81604000}, {"maxAge": 1, "endDate": "2019-03-31", "totalRevenue": 14834000, "costOfRevenue": 4256000, "grossProfit": 10578000, "researchDevelopment": {}, "sellingGeneralAdministrative": 6943000, "nonRecurring": {}, "otherOperatingExpenses": 31429000, "totalOperatingExpenses": 46080000, "operatingIncome": -31246000, "totalOtherIncomeExpenseNet": 1790000, "ebit": -31246000, "interestExpense": {}, "incomeBeforeTax": -29456000, "incomeTaxExpense": -462000, "minorityInterest": {}, "netIncomeFromContinuingOps": -28994000, "discontinuedOperations": {}, "extraordinaryItems": {}, "effectOfAccountingCharges": {}, "otherItems": {}, "netIncome": -28994000, "netIncomeApplicableToCommonShares": -28994000}, {"maxAge": 1, "endDate": "2018-03-31", "totalRevenue": 91324295, "costOfRevenue": 748902, "grossProfit": 90575393, "researchDevelopment": {}, "sellingGeneralAdministrative": 6181633, "nonRecurring": {}, "otherOperatingExpenses": 32515236, "totalOperatingExpenses": 43537859, "operatingIncome": 47786436, "totalOtherIncomeExpenseNet": -7217265, "ebit": 47786436, "interestExpense": {}, "incomeBeforeTax": 40526089, "incomeTaxExpense": 6755988, "minorityInterest": {}, "netIncomeFromContinuingOps": 33770101, "discontinuedOperations": {}, "extraordinaryItems": {}, "effectOfAccountingCharges": {}, "otherItems": {}, "netIncome": 33770101, "netIncomeApplicableToCommonShares": 33770101}, {"maxAge": 1, "endDate": "2017-03-31", "totalRevenue": 94246504, "costOfRevenue": 2152795, "grossProfit": 92093709, "researchDevelopment": {}, "sellingGeneralAdministrative": 7969946, "nonRecurring": {}, "otherOperatingExpenses": 26032015, "totalOperatingExpenses": 40220503, "operatingIncome": 54026001, "totalOtherIncomeExpenseNet": 38778, "ebit": 54026001, "interestExpense": {}, "incomeBeforeTax": 54064779, "incomeTaxExpense": 13430436, "minorityInterest": {}, "netIncomeFromContinuingOps": 40634343, "discontinuedOperations": {}, "extraordinaryItems": {}, "effectOfAccountingCharges": {}, "otherItems": {}, "netIncome": 40634343, "netIncomeApplicableToCommonShares": 40634343}], "maxAge": 86400}, "fundOwnership": {"maxAge": 1, "ownershipList": []}, "summaryDetail": {"maxAge": 1, "priceHint": 2, "previousClose": 80.75, "open": 80.75, "dayLow": 80.75, "dayHigh": 88.1, "regularMarketPreviousClose": 80.75, "regularMarketOpen": 80.75, "regularMarketDayLow": 80.75, "regularMarketDayHigh": 88.1, "volume": 1185, "regularMarketVolume": 1185, "averageVolume": 715, "averageVolume10days": 835, "averageDailyVolume10Day": 835, "bid": 82.0, "ask": 84.0, "bidSize": 0, "askSize": 0, "marketCap": 325964640, "fiftyTwoWeekLow": 55.1, "fiftyTwoWeekHigh": 101.35, "fiftyDayAverage": 79.65714, "twoHundredDayAverage": 78.77044, "trailingAnnualDividendRate": 6.0, "trailingAnnualDividendYield": 0.0743034, "currency": "INR", "fromCurrency": null, "toCurrency": null, "lastMarket": null, "algorithm": null, "tradeable": false}, "incomeStatementHistoryQuarterly": {"incomeStatementHistory": [{"maxAge": 1, "endDate": "2020-06-30", "totalRevenue": 407000, "costOfRevenue": 0, "grossProfit": 407000, "researchDevelopment": {}, "sellingGeneralAdministrative": 1586000, "nonRecurring": {}, "otherOperatingExpenses": 4481000, "totalOperatingExpenses": 7028000, "operatingIncome": -6621000, "totalOtherIncomeExpenseNet": -1000, "ebit": -6621000, "interestExpense": {}, "incomeBeforeTax": -6622000, "incomeTaxExpense": -38000, "minorityInterest": {}, "netIncomeFromContinuingOps": -6584000, "discontinuedOperations": {}, "extraordinaryItems": {}, "effectOfAccountingCharges": {}, "otherItems": {}, "netIncome": -6584000, "netIncomeApplicableToCommonShares": -6584000}, {"maxAge": 1, "endDate": "2020-03-31", "totalRevenue": 681000, "costOfRevenue": 1685000, "grossProfit": -1004000, "researchDevelopment": {}, "sellingGeneralAdministrative": 2159000, "nonRecurring": {}, "otherOperatingExpenses": 5251000, "totalOperatingExpenses": 10296000, "operatingIncome": -9615000, "totalOtherIncomeExpenseNet": -43028000, "ebit": -9615000, "interestExpense": {}, "incomeBeforeTax": -52643000, "incomeTaxExpense": -7331000, "minorityInterest": {}, "netIncomeFromContinuingOps": -45312000, "discontinuedOperations": {}, "extraordinaryItems": {}, "effectOfAccountingCharges": {}, "otherItems": {}, "netIncome": -45312000, "netIncomeApplicableToCommonShares": -45312000}, {"maxAge": 1, "endDate": "2019-12-31", "totalRevenue": 723000, "costOfRevenue": 0, "grossProfit": 723000, "researchDevelopment": {}, "sellingGeneralAdministrative": 2079000, "nonRecurring": {}, "otherOperatingExpenses": 5535000, "totalOperatingExpenses": 8798000, "operatingIncome": -8075000, "totalOtherIncomeExpenseNet": 0, "ebit": -8075000, "interestExpense": {}, "incomeBeforeTax": -8075000, "incomeTaxExpense": -3416000, "minorityInterest": {}, "netIncomeFromContinuingOps": -4659000, "discontinuedOperations": {}, "extraordinaryItems": {}, "effectOfAccountingCharges": {}, "otherItems": {}, "netIncome": -4659000, "netIncomeApplicableToCommonShares": -4659000}, {"maxAge": 1, "endDate": "2019-09-30", "totalRevenue": 1926000, "costOfRevenue": 0, "grossProfit": 1926000, "researchDevelopment": {}, "sellingGeneralAdministrative": 1688000, "nonRecurring": {}, "otherOperatingExpenses": 8923000, "totalOperatingExpenses": 11784000, "operatingIncome": -9858000, "totalOtherIncomeExpenseNet": -68000, "ebit": -9858000, "interestExpense": {}, "incomeBeforeTax": -9926000, "incomeTaxExpense": 5321000, "minorityInterest": {}, "netIncomeFromContinuingOps": -15247000, "discontinuedOperations": {}, "extraordinaryItems": {}, "effectOfAccountingCharges": {}, "otherItems": {}, "netIncome": -15247000, "netIncomeApplicableToCommonShares": -15247000}], "maxAge": 86400}, "cashflowStatementHistoryQuarterly": {"cashflowStatements": [{"maxAge": 1, "endDate": "2020-06-30", "netIncome": -6584000, "changeToLiabilities": 0}, {"maxAge": 1, "endDate": "2020-03-31", "netIncome": -45312000, "changeToLiabilities": 0}, {"maxAge": 1, "endDate": "2019-12-31", "netIncome": -4659000, "changeToLiabilities": 0}, {"maxAge": 1, "endDate": "2019-09-30", "netIncome": -15247000, "changeToLiabilities": 0}], "maxAge": 86400}, "insiderHolders": {"holders": [{"maxAge": 1, "name": "Shanudeep Pvt Ltd", "relation": "Promoter", "url": "", "transactionDescription": "Other", "latestTransDate": "2018-07-13", "positionDirect": 993078, "positionDirectDate": "2018-07-13"}, {"maxAge": 1, "name": "Vinadeep Investments Pvt Ltd", "relation": "Promoter", "url": "", "transactionDescription": "Other", "latestTransDate": "2018-07-13", "positionDirect": 415421, "positionDirectDate": "2018-07-13"}], "maxAge": 1}, "calendarEvents": {"maxAge": 1, "earnings": {"earningsDate": ["2020-06-29 05:30:S"]}}, "price": {"maxAge": 1, "regularMarketChangePercent": 0.01733748, "regularMarketChange": 1.4000015, "regularMarketTime": "2021-04-30 15:28:37", "priceHint": 2, "regularMarketPrice": 82.15, "regularMarketDayHigh": 88.1, "regularMarketDayLow": 80.75, "regularMarketVolume": 1185, "averageDailyVolume10Day": 835, "averageDailyVolume3Month": 715, "regularMarketPreviousClose": 80.75, "regularMarketSource": "FREE_REALTIME", "regularMarketOpen": 80.75, "exchange": "BSE", "exchangeName": "BSE", "exchangeDataDelayedBy": 0, "marketState": "CLOSED", "quoteType": "EQUITY", "symbol": "STANROS.BO", "underlyingSymbol": null, "shortName": "STANROSE MAFATLAL INVESTMENTS", "longName": "Stanrose Mafatlal Investments and Finance Limited", "currency": "INR", "quoteSourceName": "Delayed Quote", "currencySymbol": "\u20b9", "fromCurrency": null, "toCurrency": null, "lastMarket": null, "marketCap": 325964640}, "balanceSheetHistory": {"balanceSheetStatements": [{"maxAge": 1, "endDate": "2020-03-31", "cash": 23122000, "netReceivables": 95262000, "otherCurrentAssets": 129000, "totalCurrentAssets": 350577000, "propertyPlantEquipment": 14796000, "goodWill": 503000, "intangibleAssets": 7066000, "otherAssets": 158304000, "deferredLongTermAssetCharges": 9985000, "totalAssets": 531246000, "accountsPayable": 1288000, "shortLongTermDebt": 19774000, "otherCurrentLiab": 7283000, "otherLiab": 640000, "totalCurrentLiabilities": 28475000, "totalLiab": 29115000, "commonStock": 39679000, "retainedEarnings": 392341000, "treasuryStock": -29087000, "capitalSurplus": 99198000, "otherStockholderEquity": -29087000, "totalStockholderEquity": 502131000, "netTangibleAssets": 494562000}, {"maxAge": 1, "endDate": "2019-03-31", "cash": 12863000, "netReceivables": 236525000, "otherCurrentAssets": 129000, "totalCurrentAssets": 650769000, "propertyPlantEquipment": 11893000, "goodWill": 503000, "intangibleAssets": 7066000, "otherAssets": 55245000, "totalAssets": 725476000, "accountsPayable": 325000, "shortLongTermDebt": 19774000, "otherCurrentLiab": 7323000, "otherLiab": 35094000, "totalCurrentLiabilities": 27423000, "totalLiab": 62517000, "commonStock": 39679000, "retainedEarnings": 429932000, "treasuryStock": 94150000, "capitalSurplus": 99198000, "otherStockholderEquity": 94150000, "totalStockholderEquity": 662959000, "netTangibleAssets": 655390000}, {"maxAge": 1, "endDate": "2018-03-31", "cash": 10237249, "netReceivables": 365312, "otherCurrentAssets": 160722838, "totalCurrentAssets": 173559232, "longTermInvestments": 274071329, "propertyPlantEquipment": 39756780, "goodWill": 502936, "intangibleAssets": 7066060, "otherAssets": 112110123, "deferredLongTermAssetCharges": 2135352, "totalAssets": 607066460, "accountsPayable": 940489, "otherCurrentLiab": 7981651, "longTermDebt": 19773986, "otherLiab": 1348706, "totalCurrentLiabilities": 9105714, "totalLiab": 30228406, "commonStock": 39679200, "retainedEarnings": 437960854, "capitalSurplus": 99198000, "totalStockholderEquity": 576838054, "netTangibleAssets": 569269058}, {"maxAge": 1, "endDate": "2017-03-31", "cash": 19988595, "netReceivables": 635923, "otherCurrentAssets": 161424135, "totalCurrentAssets": 183923419, "longTermInvestments": 263211680, "propertyPlantEquipment": 39593997, "goodWill": 502936, "intangibleAssets": 7066060, "otherAssets": 110299032, "deferredLongTermAssetCharges": 2313021, "totalAssets": 604597124, "accountsPayable": 933850, "otherCurrentLiab": 10230855, "longTermDebt": 19773986, "otherLiab": 1476565, "totalCurrentLiabilities": 11624365, "totalLiab": 32874916, "commonStock": 39679200, "retainedEarnings": 432845008, "capitalSurplus": 99198000, "totalStockholderEquity": 571722208, "netTangibleAssets": 564153212}], "maxAge": 86400}, "financialData": {"maxAge": 86400, "currentPrice": 82.15, "recommendationKey": "none", "grossProfits": 1802000, "financialCurrency": "INR"}}}