{"STARPAPER.BO": {"cashflowStatementHistory": {"cashflowStatements": [{"maxAge": 1, "endDate": "2020-03-31", "netIncome": 372676000, "depreciation": 51590000, "changeToNetincome": -30791000, "changeToAccountReceivables": 36702000, "changeToLiabilities": 51940000, "changeToInventory": -304996000, "changeToOperatingActivities": -2129000, "totalCashFromOperatingActivities": 174992000, "capitalExpenditures": -90431000, "investments": 36966000, "otherCashflowsFromInvestingActivities": 11032000, "totalCashflowsFromInvestingActivities": -42428000, "dividendsPaid": -47282000, "netBorrowings": -18850000, "otherCashflowsFromFinancingActivities": -13778000, "totalCashFromFinancingActivities": -79910000, "changeInCash": 52654000}, {"maxAge": 1, "endDate": "2019-03-31", "netIncome": 531949000, "depreciation": 43882000, "changeToNetincome": -137054000, "changeToAccountReceivables": 2597000, "changeToLiabilities": -66826000, "changeToInventory": -46666000, "changeToOperatingActivities": -20165000, "totalCashFromOperatingActivities": 307717000, "capitalExpenditures": -61677000, "investments": -238903000, "otherCashflowsFromInvestingActivities": 21854000, "totalCashflowsFromInvestingActivities": -277615000, "dividendsPaid": -47282000, "netBorrowings": -1253000, "otherCashflowsFromFinancingActivities": -5876000, "totalCashFromFinancingActivities": -54411000, "changeInCash": -24309000}, {"maxAge": 1, "endDate": "2018-03-31", "netIncome": 542604000, "depreciation": 40702000, "changeToNetincome": -70041000, "changeToAccountReceivables": -8452000, "changeToLiabilities": -51451000, "changeToInventory": -112239000, "changeToOperatingActivities": 13838000, "totalCashFromOperatingActivities": 354961000, "capitalExpenditures": -46911000, "investments": -265577000, "otherCashflowsFromInvestingActivities": 4642000, "totalCashflowsFromInvestingActivities": -305625000, "dividendsPaid": -37572000, "netBorrowings": -27153000, "otherCashflowsFromFinancingActivities": -5311000, "totalCashFromFinancingActivities": -70036000, "changeInCash": -20700000}, {"maxAge": 1, "endDate": "2017-03-31", "netIncome": 603557000, "depreciation": 41238000, "changeToNetincome": -88646000, "changeToAccountReceivables": 36240000, "changeToLiabilities": -134092000, "changeToInventory": -54908000, "changeToOperatingActivities": -14516000, "totalCashFromOperatingActivities": 388873000, "capitalExpenditures": -37475000, "investments": -325604000, "otherCashflowsFromInvestingActivities": 12422000, "totalCashflowsFromInvestingActivities": -350232000, "dividendsPaid": -37572000, "netBorrowings": -23854000, "otherCashflowsFromFinancingActivities": -7824000, "totalCashFromFinancingActivities": -31678000, "changeInCash": 6963000}], "maxAge": 86400}, "institutionOwnership": {"ownershipList": [], "maxAge": 1}, "balanceSheetHistoryQuarterly": {"balanceSheetStatements": [{"maxAge": 1, "endDate": "2020-06-30", "totalStockholderEquity": 4882947000, "netTangibleAssets": 4882947000}, {"maxAge": 1, "endDate": "2020-03-31", "cash": 56609000, "netReceivables": 42212000, "inventory": 848521000, "otherCurrentAssets": 184201000, "totalCurrentAssets": 1837611000, "longTermInvestments": 190291000, "propertyPlantEquipment": 4197505000, "otherAssets": 79548000, "totalAssets": 6304955000, "accountsPayable": 439018000, "otherCurrentLiab": 55535000, "otherLiab": 885403000, "totalCurrentLiabilities": 525173000, "totalLiab": 1422008000, "commonStock": 156083000, "retainedEarnings": 4454024000, "treasuryStock": -173110000, "capitalSurplus": 445950000, "otherStockholderEquity": -173110000, "totalStockholderEquity": 4882947000, "netTangibleAssets": 4882947000}, {"maxAge": 1, "endDate": "2019-12-31", "totalStockholderEquity": 4681239000, "netTangibleAssets": 4681239000}, {"maxAge": 1, "endDate": "2019-09-30", "cash": 202439000, "shortTermInvestments": 676860000, "netReceivables": 61351000, "inventory": 679873000, "otherCurrentAssets": 74243000, "totalCurrentAssets": 1694766000, "longTermInvestments": 150836000, "propertyPlantEquipment": 4161352000, "otherAssets": 82779000, "totalAssets": 6089733000, "accountsPayable": 393240000, "otherCurrentLiab": 155676000, "otherLiab": 828265000, "totalCurrentLiabilities": 566706000, "totalLiab": 1408494000, "commonStock": 156083000, "treasuryStock": 4525156000, "otherStockholderEquity": 4525156000, "totalStockholderEquity": 4681239000, "netTangibleAssets": 4681239000}], "maxAge": 86400}, "indexTrend": {"maxAge": 1, "symbol": "SP5", "peRatio": 19.7411, "pegRatio": 1.34172, "estimates": [{"period": "0q", "growth": 0.549}, {"period": "+1q", "growth": 0.431}, {"period": "0y", "growth": 0.305}, {"period": "+1y", "growth": 0.109}, {"period": "+5y", "growth": 0.120865}, {"period": "-5y"}]}, "insiderTransactions": {"transactions": [{"maxAge": 1, "shares": 700000, "filerUrl": "", "transactionText": "", "filerName": "Boydell Media Pvt Ltd", "filerRelation": "Promoter", "moneyText": "", "startDate": "2013-05-21", "ownership": "D"}, {"maxAge": 1, "shares": 700000, "filerUrl": "", "transactionText": "", "filerName": "ISG Traders Ltd", "filerRelation": "Promoter", "moneyText": "", "startDate": "2013-05-21", "ownership": "D"}, {"maxAge": 1, "shares": 35000, "filerUrl": "", "transactionText": "", "filerName": "ISG Traders Ltd", "filerRelation": "Indirect Shareholder", "moneyText": "", "startDate": "2011-09-26", "ownership": "D"}, {"maxAge": 1, "shares": 2000, "filerUrl": "", "transactionText": "", "filerName": "ISG Traders Ltd", "filerRelation": "Indirect Shareholder", "moneyText": "", "startDate": "2011-03-23", "ownership": "D"}, {"maxAge": 1, "shares": 10000, "filerUrl": "", "transactionText": "", "filerName": "ISG Traders Ltd", "filerRelation": "Indirect Shareholder", "moneyText": "", "startDate": "2011-02-08", "ownership": "D"}, {"maxAge": 1, "shares": 120000, "filerUrl": "", "transactionText": "", "filerName": "ISG Traders Ltd", "filerRelation": "Indirect Shareholder", "moneyText": "", "startDate": "2011-02-01", "ownership": "D"}, {"maxAge": 1, "shares": 70000, "filerUrl": "", "transactionText": "", "filerName": "ISG Traders Ltd", "filerRelation": "Indirect Shareholder", "moneyText": "", "startDate": "2011-01-11", "ownership": "D"}, {"maxAge": 1, "shares": 20000, "filerUrl": "", "transactionText": "", "filerName": "ISG Traders Ltd", "filerRelation": "Indirect Shareholder", "moneyText": "", "startDate": "2010-12-15", "ownership": "D"}, {"maxAge": 1, "shares": 45000, "filerUrl": "", "transactionText": "", "filerName": "Goenka (G P)", "filerRelation": "Chairman of the Board", "moneyText": "", "startDate": "2009-10-12", "ownership": "D"}, {"maxAge": 1, "shares": 45000, "filerUrl": "", "transactionText": "", "filerName": "Goenka (Shrivardhan)", "filerRelation": "Director", "moneyText": "", "startDate": "2009-10-12", "ownership": "D"}], "maxAge": 1}, "quoteType": {"exchange": "BSE", "quoteType": "EQUITY", "symbol": "STARPAPER.BO", "underlyingSymbol": "STARPAPER.BO", "shortName": "STAR PAPER MILLS LTD.", "longName": "Star Paper Mills Limited", "firstTradeDateEpochUtc": "2000-01-03 09:15:00", "timeZoneFullName": "Asia/Kolkata", "timeZoneShortName": "IST", "uuid": "95455001-3561-3927-b055-981095fc0543", "gmtOffSetMilliseconds": 19800000, "maxAge": 1}, "incomeStatementHistory": {"incomeStatementHistory": [{"maxAge": 1, "endDate": "2020-03-31", "totalRevenue": 3409920000, "costOfRevenue": 1392704000, "grossProfit": 2017216000, "researchDevelopment": {}, "sellingGeneralAdministrative": 286678000, "nonRecurring": {}, "otherOperatingExpenses": 1249058000, "totalOperatingExpenses": 2980030000, "operatingIncome": 429890000, "totalOtherIncomeExpenseNet": 61606000, "ebit": 429890000, "interestExpense": -6478000, "incomeBeforeTax": 491496000, "incomeTaxExpense": 118820000, "minorityInterest": {}, "netIncomeFromContinuingOps": 372676000, "discontinuedOperations": {}, "extraordinaryItems": {}, "effectOfAccountingCharges": {}, "otherItems": {}, "netIncome": 372676000, "netIncomeApplicableToCommonShares": 372676000}, {"maxAge": 1, "endDate": "2019-03-31", "totalRevenue": 3777481000, "costOfRevenue": 1497137000, "grossProfit": 2280344000, "researchDevelopment": {}, "sellingGeneralAdministrative": 289517000, "nonRecurring": {}, "otherOperatingExpenses": 1491383000, "totalOperatingExpenses": 3321919000, "operatingIncome": 455562000, "totalOtherIncomeExpenseNet": 59768000, "ebit": 455562000, "interestExpense": -6512000, "incomeBeforeTax": 515330000, "incomeTaxExpense": -16619000, "minorityInterest": {}, "netIncomeFromContinuingOps": 531949000, "discontinuedOperations": {}, "extraordinaryItems": {}, "effectOfAccountingCharges": {}, "otherItems": {}, "netIncome": 531949000, "netIncomeApplicableToCommonShares": 531949000}, {"maxAge": 1, "endDate": "2018-03-31", "totalRevenue": 3465785000, "costOfRevenue": 1174314000, "grossProfit": 2291471000, "researchDevelopment": {}, "sellingGeneralAdministrative": 289646000, "nonRecurring": {}, "otherOperatingExpenses": 1279052000, "totalOperatingExpenses": 2783714000, "operatingIncome": 682071000, "totalOtherIncomeExpenseNet": 39956000, "ebit": 682071000, "interestExpense": -151000, "incomeBeforeTax": 722027000, "incomeTaxExpense": 179423000, "minorityInterest": {}, "netIncomeFromContinuingOps": 542604000, "discontinuedOperations": {}, "extraordinaryItems": {}, "effectOfAccountingCharges": {}, "otherItems": {}, "netIncome": 542604000, "netIncomeApplicableToCommonShares": 542604000}, {"maxAge": 1, "endDate": "2017-03-31", "totalRevenue": 3241791000, "costOfRevenue": 963182000, "grossProfit": 2278609000, "researchDevelopment": {}, "sellingGeneralAdministrative": 300277000, "nonRecurring": {}, "otherOperatingExpenses": 1266840000, "totalOperatingExpenses": 2571537000, "operatingIncome": 670254000, "totalOtherIncomeExpenseNet": 5569000, "ebit": 670254000, "interestExpense": -1230000, "incomeBeforeTax": 675823000, "incomeTaxExpense": 72266000, "minorityInterest": {}, "netIncomeFromContinuingOps": 603557000, "discontinuedOperations": {}, "extraordinaryItems": {}, "effectOfAccountingCharges": {}, "otherItems": {}, "netIncome": 603557000, "netIncomeApplicableToCommonShares": 603557000}], "maxAge": 86400}, "fundOwnership": {"ownershipList": [], "maxAge": 1}, "summaryDetail": {"maxAge": 1, "priceHint": 2, "previousClose": 115.45, "open": 113.4, "dayLow": 113.4, "dayHigh": 118.5, "regularMarketPreviousClose": 115.45, "regularMarketOpen": 113.4, "regularMarketDayLow": 113.4, "regularMarketDayHigh": 118.5, "trailingPE": 7.604751, "volume": 3811, "regularMarketVolume": 3811, "averageVolume": 17077, "averageVolume10days": 3178, "averageDailyVolume10Day": 3178, "bid": 115.0, "ask": 116.5, "bidSize": 0, "askSize": 0, "marketCap": 1786524800, "fiftyTwoWeekLow": 60.0, "fiftyTwoWeekHigh": 140.0, "fiftyDayAverage": 114.989395, "twoHundredDayAverage": 100.59338, "trailingAnnualDividendRate": 2.5, "trailingAnnualDividendYield": 0.021654397, "currency": "INR", "fromCurrency": null, "lastMarket": null, "algorithm": null, "tradeable": false}, "incomeStatementHistoryQuarterly": {"incomeStatementHistory": [{"maxAge": 1, "endDate": "2020-06-30", "totalRevenue": 263263000, "costOfRevenue": 170895000, "grossProfit": 92368000, "researchDevelopment": {}, "sellingGeneralAdministrative": 57556000, "nonRecurring": {}, "otherOperatingExpenses": 64747000, "totalOperatingExpenses": 306192000, "operatingIncome": -42929000, "totalOtherIncomeExpenseNet": 45733000, "ebit": -42929000, "interestExpense": -1901000, "incomeBeforeTax": 2804000, "incomeTaxExpense": 127000, "minorityInterest": {}, "netIncomeFromContinuingOps": 2677000, "discontinuedOperations": {}, "extraordinaryItems": {}, "effectOfAccountingCharges": {}, "otherItems": {}, "netIncome": 2677000, "netIncomeApplicableToCommonShares": 2677000}, {"maxAge": 1, "endDate": "2020-03-31", "totalRevenue": 891964000, "costOfRevenue": -177198000, "grossProfit": 1069162000, "researchDevelopment": {}, "sellingGeneralAdministrative": 79168000, "nonRecurring": {}, "otherOperatingExpenses": 874820000, "totalOperatingExpenses": 791118000, "operatingIncome": 100846000, "totalOtherIncomeExpenseNet": 13182000, "ebit": 100846000, "interestExpense": -1389000, "incomeBeforeTax": 114028000, "incomeTaxExpense": 36057000, "minorityInterest": {}, "netIncomeFromContinuingOps": 77971000, "discontinuedOperations": {}, "extraordinaryItems": {}, "effectOfAccountingCharges": {}, "otherItems": {}, "netIncome": 77971000, "netIncomeApplicableToCommonShares": 77971000}, {"maxAge": 1, "endDate": "2019-12-31", "totalRevenue": 885704000, "costOfRevenue": 566828000, "grossProfit": 318876000, "researchDevelopment": {}, "sellingGeneralAdministrative": 77501000, "nonRecurring": {}, "otherOperatingExpenses": 128482000, "totalOperatingExpenses": 785230000, "operatingIncome": 100474000, "totalOtherIncomeExpenseNet": 14927000, "ebit": 100474000, "interestExpense": -1686000, "incomeBeforeTax": 115401000, "incomeTaxExpense": 26458000, "minorityInterest": {}, "netIncomeFromContinuingOps": 88943000, "discontinuedOperations": {}, "extraordinaryItems": {}, "effectOfAccountingCharges": {}, "otherItems": {}, "netIncome": 88943000, "netIncomeApplicableToCommonShares": 88943000}, {"maxAge": 1, "endDate": "2019-09-30", "totalRevenue": 740801000, "costOfRevenue": 431228000, "grossProfit": 309573000, "researchDevelopment": {}, "sellingGeneralAdministrative": 65199000, "nonRecurring": {}, "otherOperatingExpenses": 131074000, "totalOperatingExpenses": 639920000, "operatingIncome": 100881000, "totalOtherIncomeExpenseNet": 19236000, "ebit": 100881000, "interestExpense": -1687000, "incomeBeforeTax": 120117000, "incomeTaxExpense": 52697000, "minorityInterest": {}, "netIncomeFromContinuingOps": 67420000, "discontinuedOperations": {}, "extraordinaryItems": {}, "effectOfAccountingCharges": {}, "otherItems": {}, "netIncome": 67420000, "netIncomeApplicableToCommonShares": 67420000}], "maxAge": 86400}, "cashflowStatementHistoryQuarterly": {"cashflowStatements": [{"maxAge": 1, "endDate": "2020-06-30", "netIncome": 2677000, "changeToLiabilities": 0}, {"maxAge": 1, "endDate": "2020-03-31", "netIncome": 77971000, "changeToLiabilities": 0}, {"maxAge": 1, "endDate": "2019-12-31", "netIncome": 88943000, "changeToLiabilities": 0}, {"maxAge": 1, "endDate": "2019-09-30", "netIncome": 67420000, "changeToLiabilities": 0}], "maxAge": 86400}, "insiderHolders": {"holders": [{"maxAge": 1, "name": "Boydell Media Pvt Ltd", "relation": "Promoter", "url": "", "transactionDescription": "Sale", "latestTransDate": "2013-05-21", "positionDirect": 0, "positionDirectDate": "2013-05-21"}, {"maxAge": 1, "name": "Goenka (G P)", "relation": "Chairman of the Board", "url": "", "transactionDescription": "Sale", "latestTransDate": "2009-10-12", "positionDirect": 0, "positionDirectDate": "2009-10-12"}, {"maxAge": 1, "name": "Goenka (Shrivardhan)", "relation": "Director", "url": "", "transactionDescription": "Acquisition", "latestTransDate": "2009-10-12", "positionDirect": 45500, "positionDirectDate": "2009-10-12"}, {"maxAge": 1, "name": "ISG Traders Ltd", "relation": "Promoter", "url": "", "transactionDescription": "Acquisition", "latestTransDate": "2013-05-21", "positionDirect": 6050019, "positionDirectDate": "2013-05-21"}], "maxAge": 1}, "calendarEvents": {"maxAge": 1, "earnings": {"earningsDate": []}}, "upgradeDowngradeHistory": {"history": [], "maxAge": 86400}, "price": {"maxAge": 1, "regularMarketChangePercent": -0.0017323253, "regularMarketChange": -0.19999695, "regularMarketTime": "2021-04-30 15:43:01", "priceHint": 2, "regularMarketPrice": 115.25, "regularMarketDayHigh": 118.5, "regularMarketDayLow": 113.4, "regularMarketVolume": 3811, "averageDailyVolume10Day": 3178, "averageDailyVolume3Month": 17077, "regularMarketPreviousClose": 115.45, "regularMarketSource": "FREE_REALTIME", "regularMarketOpen": 113.4, "exchange": "BSE", "exchangeName": "BSE", "exchangeDataDelayedBy": 0, "marketState": "CLOSED", "quoteType": "EQUITY", "symbol": "STARPAPER.BO", "underlyingSymbol": null, "shortName": "STAR PAPER MILLS LTD.", "longName": "Star Paper Mills Limited", "currency": "INR", "quoteSourceName": "Delayed Quote", "currencySymbol": "\u20b9", "fromCurrency": null, "lastMarket": null, "marketCap": 1786524800}, "balanceSheetHistory": {"balanceSheetStatements": [{"maxAge": 1, "endDate": "2020-03-31", "cash": 56609000, "netReceivables": 42212000, "inventory": 848521000, "otherCurrentAssets": 184201000, "totalCurrentAssets": 1837611000, "longTermInvestments": 190291000, "propertyPlantEquipment": 4197505000, "otherAssets": 79548000, "totalAssets": 6304955000, "accountsPayable": 439018000, "otherCurrentLiab": 55535000, "otherLiab": 885403000, "totalCurrentLiabilities": 525173000, "totalLiab": 1422008000, "commonStock": 156083000, "retainedEarnings": 4454024000, "treasuryStock": -173110000, "capitalSurplus": 445950000, "otherStockholderEquity": -173110000, "totalStockholderEquity": 4882947000, "netTangibleAssets": 4882947000}, {"maxAge": 1, "endDate": "2019-03-31", "cash": 3955000, "netReceivables": 81918000, "inventory": 549938000, "otherCurrentAssets": 241061000, "totalCurrentAssets": 1511993000, "longTermInvestments": 180165000, "propertyPlantEquipment": 4142402000, "otherAssets": 81914000, "totalAssets": 5916474000, "accountsPayable": 394242000, "otherCurrentLiab": 49375000, "otherLiab": 856603000, "totalCurrentLiabilities": 507032000, "totalLiab": 1363635000, "commonStock": 156083000, "retainedEarnings": 4131706000, "treasuryStock": -180900000, "capitalSurplus": 445950000, "otherStockholderEquity": -180900000, "totalStockholderEquity": 4552839000, "netTangibleAssets": 4552839000}, {"maxAge": 1, "endDate": "2018-03-31", "cash": 28264000, "netReceivables": 78981000, "inventory": 485421000, "otherCurrentAssets": 17046000, "totalCurrentAssets": 1228683000, "longTermInvestments": 168992000, "propertyPlantEquipment": 4124928000, "otherAssets": 95482000, "totalAssets": 5618085000, "accountsPayable": 416095000, "otherCurrentLiab": 96792000, "otherLiab": 965918000, "totalCurrentLiabilities": 592100000, "totalLiab": 1558018000, "commonStock": 156083000, "retainedEarnings": 3646706000, "treasuryStock": -188672000, "capitalSurplus": 445950000, "otherStockholderEquity": -188672000, "totalStockholderEquity": 4060067000, "netTangibleAssets": 4060067000}, {"maxAge": 1, "endDate": "2017-03-31", "cash": 56009000, "netReceivables": 72338000, "inventory": 355574000, "otherCurrentAssets": 34583000, "totalCurrentAssets": 850535000, "longTermInvestments": 138266000, "propertyPlantEquipment": 4065276000, "otherAssets": 86265000, "totalAssets": 5140342000, "accountsPayable": 428711000, "otherCurrentLiab": 117407000, "otherLiab": 975771000, "totalCurrentLiabilities": 636392000, "totalLiab": 1612163000, "commonStock": 156083000, "retainedEarnings": 3141673000, "treasuryStock": -215527000, "capitalSurplus": 445950000, "otherStockholderEquity": -215527000, "totalStockholderEquity": 3528179000, "netTangibleAssets": 3528179000}], "maxAge": 86400}, "financialData": {"maxAge": 86400, "currentPrice": 115.25, "recommendationKey": "none", "grossProfits": 2017216000, "financialCurrency": "INR"}}}