{"STARPAPER.NS": {"assetProfile": {"address1": "Duncan House", "address2": "2nd Floor 31, Netaji Subhas Road", "city": "Kolkata", "zip": "700001", "country": "India", "phone": "91 33 2242 7380", "fax": "91 33 2242 7383", "website": "http://www.starpapers.com", "industry": "Paper & Paper Products", "sector": "Basic Materials", "longBusinessSummary": "Star Paper Mills Limited engages in the manufacture and supply of paper and paper products in India and internationally. It offers a range of cultural papers, industrial and packaging papers, and other grades. The company was incorporated in 1936 and is based in Kolkata, India.", "fullTimeEmployees": 457, "companyOfficers": [{"maxAge": 1, "name": "Mr. Madhukar  Mishra", "age": 63, "title": "MD & Exec. Director", "yearBorn": 1957, "fiscalYear": 2020, "totalPay": 28515593, "exercisedValue": 0, "unexercisedValue": 0}, {"maxAge": 1, "name": "Mr. Sandeep Kumar Rastogi", "title": "Chief Financial Officer", "fiscalYear": 2020, "totalPay": 3284888, "exercisedValue": 0, "unexercisedValue": 0}, {"maxAge": 1, "name": "Mr. Saurabh  Arora", "title": "Compliance Officer & Company Sec.", "fiscalYear": 2020, "totalPay": 1311000, "exercisedValue": 0, "unexercisedValue": 0}, {"maxAge": 1, "name": "Mr. Puneet  Verma", "age": 52, "title": "Gen. Mang. of HR & Admin.", "yearBorn": 1968, "exercisedValue": 0, "unexercisedValue": 0}, {"maxAge": 1, "name": "Mr. Dipak  Vij", "age": 50, "title": "Gen. Mang. of Marketing", "yearBorn": 1970, "exercisedValue": 0, "unexercisedValue": 0}], "compensationAsOfEpochDate": "2020-12-31 05:30:00", "maxAge": 86400}, "recommendationTrend": {"trend": [{"period": "0m", "strongBuy": 0, "buy": 0, "hold": 0, "sell": 0, "strongSell": 0}, {"period": "-1m", "strongBuy": 0, "buy": 0, "hold": 0, "sell": 0, "strongSell": 0}, {"period": "-2m", "strongBuy": 0, "buy": 0, "hold": 0, "sell": 0, "strongSell": 0}, {"period": "-3m", "strongBuy": 0, "buy": 0, "hold": 0, "sell": 0, "strongSell": 0}], "maxAge": 86400}, "cashflowStatementHistory": {"cashflowStatements": [{"maxAge": 1, "endDate": "2020-03-31", "netIncome": 372676000, "depreciation": 51590000, "changeToNetincome": -30791000, "changeToAccountReceivables": 36702000, "changeToLiabilities": 51940000, "changeToInventory": -304996000, "changeToOperatingActivities": -2129000, "totalCashFromOperatingActivities": 174992000, "capitalExpenditures": -90431000, "investments": 36966000, "otherCashflowsFromInvestingActivities": 11032000, "totalCashflowsFromInvestingActivities": -42428000, "dividendsPaid": -47282000, "netBorrowings": -18850000, "otherCashflowsFromFinancingActivities": -13778000, "totalCashFromFinancingActivities": -79910000, "changeInCash": 52654000}, {"maxAge": 1, "endDate": "2019-03-31", "netIncome": 531949000, "depreciation": 43882000, "changeToNetincome": -137054000, "changeToAccountReceivables": 2597000, "changeToLiabilities": -66826000, "changeToInventory": -46666000, "changeToOperatingActivities": -20165000, "totalCashFromOperatingActivities": 307717000, "capitalExpenditures": -61677000, "investments": -238903000, "otherCashflowsFromInvestingActivities": 21854000, "totalCashflowsFromInvestingActivities": -277615000, "dividendsPaid": -47282000, "netBorrowings": -1253000, "otherCashflowsFromFinancingActivities": -5876000, "totalCashFromFinancingActivities": -54411000, "changeInCash": -24309000}, {"maxAge": 1, "endDate": "2018-03-31", "netIncome": 542604000, "depreciation": 40702000, "changeToNetincome": -70041000, "changeToAccountReceivables": -8452000, "changeToLiabilities": -51451000, "changeToInventory": -112239000, "changeToOperatingActivities": 13838000, "totalCashFromOperatingActivities": 354961000, "capitalExpenditures": -46911000, "investments": -265577000, "otherCashflowsFromInvestingActivities": 4642000, "totalCashflowsFromInvestingActivities": -305625000, "dividendsPaid": -37572000, "netBorrowings": -27153000, "otherCashflowsFromFinancingActivities": -5311000, "totalCashFromFinancingActivities": -70036000, "changeInCash": -20700000}, {"maxAge": 1, "endDate": "2017-03-31", "netIncome": 603557000, "depreciation": 41238000, "changeToNetincome": -88646000, "changeToAccountReceivables": 36240000, "changeToLiabilities": -134092000, "changeToInventory": -54908000, "changeToOperatingActivities": -14516000, "totalCashFromOperatingActivities": 388873000, "capitalExpenditures": -37475000, "investments": -325604000, "otherCashflowsFromInvestingActivities": 12422000, "totalCashflowsFromInvestingActivities": -350232000, "dividendsPaid": -37572000, "netBorrowings": -23854000, "otherCashflowsFromFinancingActivities": -7824000, "totalCashFromFinancingActivities": -31678000, "changeInCash": 6963000}], "maxAge": 86400}, "indexTrend": {"maxAge": 1, "symbol": "SP5", "peRatio": 19.7411, "pegRatio": 1.34172, "estimates": [{"period": "0q", "growth": 0.549}, {"period": "+1q", "growth": 0.431}, {"period": "0y", "growth": 0.305}, {"period": "+1y", "growth": 0.109}, {"period": "+5y", "growth": 0.120865}, {"period": "-5y"}]}, "defaultKeyStatistics": {"maxAge": 1, "priceHint": 2, "enterpriseValue": 845004160, "profitMargins": 0.07419, "floatShares": 6793956, "sharesOutstanding": 15608400, "heldPercentInsiders": 0.53745, "heldPercentInstitutions": 0.0, "beta": 0.940155, "category": null, "bookValue": 311.214, "priceToBook": 0.37048465, "fundFamily": null, "legalType": null, "lastFiscalYearEnd": "2020-03-31 05:30:00", "nextFiscalYearEnd": "2022-03-31 05:30:00", "mostRecentQuarter": "2020-12-31 05:30:00", "earningsQuarterlyGrowth": -0.119, "netIncomeToCommon": 174976000, "trailingEps": 11.204, "forwardEps": 42.05, "lastSplitFactor": null, "enterpriseToRevenue": 0.358, "enterpriseToEbitda": 3.999}, "industryTrend": {"maxAge": 1, "symbol": null, "estimates": []}, "quoteType": {"exchange": "NSI", "quoteType": "EQUITY", "symbol": "STARPAPER.NS", "underlyingSymbol": "STARPAPER.NS", "shortName": "STAR PAPER MILLS", "longName": "Star Paper Mills Limited", "firstTradeDateEpochUtc": "2002-07-01 09:15:00", "timeZoneFullName": "Asia/Kolkata", "timeZoneShortName": "IST", "uuid": "31292ae0-2fb1-348d-a8ea-1b71a8f028ae", "gmtOffSetMilliseconds": 19800000, "maxAge": 1}, "incomeStatementHistory": {"incomeStatementHistory": [{"maxAge": 1, "endDate": "2020-03-31", "totalRevenue": 3409920000, "costOfRevenue": 1392704000, "grossProfit": 2017216000, "researchDevelopment": {}, "sellingGeneralAdministrative": 286678000, "nonRecurring": {}, "otherOperatingExpenses": 1249058000, "totalOperatingExpenses": 2980030000, "operatingIncome": 429890000, "totalOtherIncomeExpenseNet": 61606000, "ebit": 429890000, "interestExpense": -6478000, "incomeBeforeTax": 491496000, "incomeTaxExpense": 118820000, "minorityInterest": {}, "netIncomeFromContinuingOps": 372676000, "discontinuedOperations": {}, "extraordinaryItems": {}, "effectOfAccountingCharges": {}, "otherItems": {}, "netIncome": 372676000, "netIncomeApplicableToCommonShares": 372676000}, {"maxAge": 1, "endDate": "2019-03-31", "totalRevenue": 3777481000, "costOfRevenue": 1497137000, "grossProfit": 2280344000, "researchDevelopment": {}, "sellingGeneralAdministrative": 289517000, "nonRecurring": {}, "otherOperatingExpenses": 1491383000, "totalOperatingExpenses": 3321919000, "operatingIncome": 455562000, "totalOtherIncomeExpenseNet": 59768000, "ebit": 455562000, "interestExpense": -6512000, "incomeBeforeTax": 515330000, "incomeTaxExpense": -16619000, "minorityInterest": {}, "netIncomeFromContinuingOps": 531949000, "discontinuedOperations": {}, "extraordinaryItems": {}, "effectOfAccountingCharges": {}, "otherItems": {}, "netIncome": 531949000, "netIncomeApplicableToCommonShares": 531949000}, {"maxAge": 1, "endDate": "2018-03-31", "totalRevenue": 3465785000, "costOfRevenue": 1174314000, "grossProfit": 2291471000, "researchDevelopment": {}, "sellingGeneralAdministrative": 289646000, "nonRecurring": {}, "otherOperatingExpenses": 1279052000, "totalOperatingExpenses": 2783714000, "operatingIncome": 682071000, "totalOtherIncomeExpenseNet": 39956000, "ebit": 682071000, "interestExpense": -151000, "incomeBeforeTax": 722027000, "incomeTaxExpense": 179423000, "minorityInterest": {}, "netIncomeFromContinuingOps": 542604000, "discontinuedOperations": {}, "extraordinaryItems": {}, "effectOfAccountingCharges": {}, "otherItems": {}, "netIncome": 542604000, "netIncomeApplicableToCommonShares": 542604000}, {"maxAge": 1, "endDate": "2017-03-31", "totalRevenue": 3241791000, "costOfRevenue": 963182000, "grossProfit": 2278609000, "researchDevelopment": {}, "sellingGeneralAdministrative": 300277000, "nonRecurring": {}, "otherOperatingExpenses": 1266840000, "totalOperatingExpenses": 2571537000, "operatingIncome": 670254000, "totalOtherIncomeExpenseNet": 5569000, "ebit": 670254000, "interestExpense": -1230000, "incomeBeforeTax": 675823000, "incomeTaxExpense": 72266000, "minorityInterest": {}, "netIncomeFromContinuingOps": 603557000, "discontinuedOperations": {}, "extraordinaryItems": {}, "effectOfAccountingCharges": {}, "otherItems": {}, "netIncome": 603557000, "netIncomeApplicableToCommonShares": 603557000}], "maxAge": 86400}, "fundOwnership": {"ownershipList": [], "maxAge": 1}, "summaryDetail": {"maxAge": 1, "priceHint": 2, "previousClose": 115.35, "open": 113.2, "dayLow": 113.2, "dayHigh": 118.35, "regularMarketPreviousClose": 115.35, "regularMarketOpen": 113.2, "regularMarketDayLow": 113.2, "regularMarketDayHigh": 118.35, "dividendRate": 2.5, "dividendYield": 0.0217, "exDividendDate": "2020-09-17 05:30:00", "payoutRatio": 0.22299999, "beta": 0.940155, "trailingPE": 10.290967, "forwardPE": 2.7419739, "volume": 31714, "regularMarketVolume": 31714, "averageVolume": 194580, "averageVolume10days": 54061, "averageDailyVolume10Day": 54061, "bid": 0.0, "ask": 0.0, "bidSize": 0, "askSize": 0, "marketCap": 1812746624, "fiftyTwoWeekLow": 71.6, "fiftyTwoWeekHigh": 138.6, "priceToSalesTrailing12Months": 0.7686491, "fiftyDayAverage": 122.21176, "twoHundredDayAverage": 106.759926, "trailingAnnualDividendRate": 2.5, "trailingAnnualDividendYield": 0.021673169, "currency": "INR", "fromCurrency": null, "lastMarket": null, "algorithm": null, "tradeable": false}, "insiderHolders": {"holders": [{"maxAge": 1, "name": "Boydell Media Pvt Ltd", "relation": "Promoter", "url": "", "transactionDescription": "Sale", "latestTransDate": "2013-05-21", "positionDirect": 0, "positionDirectDate": "2013-05-21"}, {"maxAge": 1, "name": "Goenka (G P)", "relation": "Chairman of the Board", "url": "", "transactionDescription": "Sale", "latestTransDate": "2009-10-12", "positionDirect": 0, "positionDirectDate": "2009-10-12"}, {"maxAge": 1, "name": "Goenka (Shrivardhan)", "relation": "Director", "url": "", "transactionDescription": "Acquisition", "latestTransDate": "2009-10-12", "positionDirect": 45500, "positionDirectDate": "2009-10-12"}, {"maxAge": 1, "name": "ISG Traders Ltd", "relation": "Promoter", "url": "", "transactionDescription": "Acquisition", "latestTransDate": "2013-05-21", "positionDirect": 6050019, "positionDirectDate": "2013-05-21"}], "maxAge": 1}, "calendarEvents": {"maxAge": 1, "earnings": {"earningsDate": []}, "exDividendDate": "2020-09-17 05:30:00"}, "upgradeDowngradeHistory": {"history": [], "maxAge": 86400}, "price": {"maxAge": 1, "regularMarketChangePercent": -0.0004334237, "regularMarketChange": -0.049995422, "regularMarketTime": "2021-04-30 15:29:57", "priceHint": 2, "regularMarketPrice": 115.3, "regularMarketDayHigh": 118.35, "regularMarketDayLow": 113.2, "regularMarketVolume": 31714, "averageDailyVolume10Day": 54061, "averageDailyVolume3Month": 194580, "regularMarketPreviousClose": 115.35, "regularMarketSource": "FREE_REALTIME", "regularMarketOpen": 113.2, "exchange": "NSI", "exchangeName": "NSE", "exchangeDataDelayedBy": 15, "marketState": "CLOSED", "quoteType": "EQUITY", "symbol": "STARPAPER.NS", "underlyingSymbol": null, "shortName": "STAR PAPER MILLS", "longName": "Star Paper Mills Limited", "currency": "INR", "quoteSourceName": "Delayed Quote", "currencySymbol": "\u20b9", "fromCurrency": null, "lastMarket": null, "marketCap": 1812746624}, "balanceSheetHistory": {"balanceSheetStatements": [{"maxAge": 1, "endDate": "2020-03-31", "cash": 56609000, "netReceivables": 42212000, "inventory": 848521000, "otherCurrentAssets": 184201000, "totalCurrentAssets": 1837611000, "longTermInvestments": 190291000, "propertyPlantEquipment": 4197505000, "otherAssets": 79548000, "totalAssets": 6304955000, "accountsPayable": 439018000, "otherCurrentLiab": 55535000, "otherLiab": 885403000, "totalCurrentLiabilities": 525173000, "totalLiab": 1422008000, "commonStock": 156083000, "retainedEarnings": 4454024000, "treasuryStock": -173110000, "capitalSurplus": 445950000, "otherStockholderEquity": -173110000, "totalStockholderEquity": 4882947000, "netTangibleAssets": 4882947000}, {"maxAge": 1, "endDate": "2019-03-31", "cash": 3955000, "netReceivables": 81918000, "inventory": 549938000, "otherCurrentAssets": 241061000, "totalCurrentAssets": 1511993000, "longTermInvestments": 180165000, "propertyPlantEquipment": 4142402000, "otherAssets": 81914000, "totalAssets": 5916474000, "accountsPayable": 394242000, "otherCurrentLiab": 49375000, "otherLiab": 856603000, "totalCurrentLiabilities": 507032000, "totalLiab": 1363635000, "commonStock": 156083000, "retainedEarnings": 4131706000, "treasuryStock": -180900000, "capitalSurplus": 445950000, "otherStockholderEquity": -180900000, "totalStockholderEquity": 4552839000, "netTangibleAssets": 4552839000}, {"maxAge": 1, "endDate": "2018-03-31", "cash": 28264000, "netReceivables": 78981000, "inventory": 485421000, "otherCurrentAssets": 17046000, "totalCurrentAssets": 1228683000, "longTermInvestments": 168992000, "propertyPlantEquipment": 4124928000, "otherAssets": 95482000, "totalAssets": 5618085000, "accountsPayable": 416095000, "otherCurrentLiab": 96792000, "otherLiab": 965918000, "totalCurrentLiabilities": 592100000, "totalLiab": 1558018000, "commonStock": 156083000, "retainedEarnings": 3646706000, "treasuryStock": -188672000, "capitalSurplus": 445950000, "otherStockholderEquity": -188672000, "totalStockholderEquity": 4060067000, "netTangibleAssets": 4060067000}, {"maxAge": 1, "endDate": "2017-03-31", "cash": 56009000, "netReceivables": 72338000, "inventory": 355574000, "otherCurrentAssets": 34583000, "totalCurrentAssets": 850535000, "longTermInvestments": 138266000, "propertyPlantEquipment": 4065276000, "otherAssets": 86265000, "totalAssets": 5140342000, "accountsPayable": 428711000, "otherCurrentLiab": 117407000, "otherLiab": 975771000, "totalCurrentLiabilities": 636392000, "totalLiab": 1612163000, "commonStock": 156083000, "retainedEarnings": 3141673000, "treasuryStock": -215527000, "capitalSurplus": 445950000, "otherStockholderEquity": -215527000, "totalStockholderEquity": 3528179000, "netTangibleAssets": 3528179000}], "maxAge": 86400}, "earningsTrend": {"trend": [{"maxAge": 1, "period": "0q", "endDate": "2018-09-30", "growth": {}, "earningsEstimate": {"avg": 0.0, "low": 0.0, "high": 0.0, "yearAgoEps": {}, "numberOfAnalysts": 0, "growth": {}}, "revenueEstimate": {"avg": 0, "low": 0, "high": 0, "numberOfAnalysts": 0, "yearAgoRevenue": {}, "growth": {}}, "epsTrend": {"current": 0.0, "7daysAgo": 0.0, "30daysAgo": 0.0, "60daysAgo": 0.0, "90daysAgo": 0.0}, "epsRevisions": {"upLast7days": 0, "upLast30days": 0, "downLast30days": 0, "downLast90days": {}}}, {"maxAge": 1, "period": "+1q", "endDate": "2018-12-31", "growth": {}, "earningsEstimate": {"avg": 0.0, "low": 0.0, "high": 0.0, "yearAgoEps": {}, "numberOfAnalysts": 0, "growth": {}}, "revenueEstimate": {"avg": 0, "low": 0, "high": 0, "numberOfAnalysts": 0, "yearAgoRevenue": {}, "growth": {}}, "epsTrend": {"current": 0.0, "7daysAgo": 0.0, "30daysAgo": 0.0, "60daysAgo": 0.0, "90daysAgo": 0.0}, "epsRevisions": {"upLast7days": 0, "upLast30days": 0, "downLast30days": 0, "downLast90days": {}}}, {"maxAge": 1, "period": "0y", "endDate": "2019-03-31", "growth": {}, "earningsEstimate": {"avg": 0.0, "low": 0.0, "high": 0.0, "yearAgoEps": {}, "numberOfAnalysts": 0, "growth": {}}, "revenueEstimate": {"avg": 3828940000, "low": 3828940000, "high": 3828940000, "numberOfAnalysts": 1, "yearAgoRevenue": 3512790000, "growth": 0.09}, "epsTrend": {"current": 0.0, "7daysAgo": 38.34, "30daysAgo": 38.34, "60daysAgo": 38.34, "90daysAgo": 38.34}, "epsRevisions": {"upLast7days": 0, "upLast30days": 0, "downLast30days": 0, "downLast90days": {}}}, {"maxAge": 1, "period": "+1y", "endDate": "2020-03-31", "growth": {}, "earningsEstimate": {"avg": 0.0, "low": 0.0, "high": 0.0, "yearAgoEps": {}, "numberOfAnalysts": 0, "growth": {}}, "revenueEstimate": {"avg": 4211830000, "low": 4211830000, "high": 4211830000, "numberOfAnalysts": 1, "yearAgoRevenue": 3828940000, "growth": 0.1}, "epsTrend": {"current": 0.0, "7daysAgo": 42.05, "30daysAgo": 42.05, "60daysAgo": 42.05, "90daysAgo": 42.05}, "epsRevisions": {"upLast7days": 0, "upLast30days": 0, "downLast30days": 0, "downLast90days": {}}}, {"maxAge": 1, "period": "+5y", "endDate": null, "growth": {}, "earningsEstimate": {"avg": {}, "low": {}, "high": {}, "yearAgoEps": {}, "numberOfAnalysts": {}, "growth": {}}, "revenueEstimate": {"avg": {}, "low": {}, "high": {}, "numberOfAnalysts": {}, "yearAgoRevenue": {}, "growth": {}}, "epsTrend": {"current": {}, "7daysAgo": {}, "30daysAgo": {}, "60daysAgo": {}, "90daysAgo": {}}, "epsRevisions": {"upLast7days": {}, "upLast30days": {}, "downLast30days": {}, "downLast90days": {}}}, {"maxAge": 1, "period": "-5y", "endDate": null, "growth": {}, "earningsEstimate": {"avg": {}, "low": {}, "high": {}, "yearAgoEps": {}, "numberOfAnalysts": {}, "growth": {}}, "revenueEstimate": {"avg": {}, "low": {}, "high": {}, "numberOfAnalysts": {}, "yearAgoRevenue": {}, "growth": {}}, "epsTrend": {"current": {}, "7daysAgo": {}, "30daysAgo": {}, "60daysAgo": {}, "90daysAgo": {}}, "epsRevisions": {"upLast7days": {}, "upLast30days": {}, "downLast30days": {}, "downLast90days": {}}}], "maxAge": 1}, "institutionOwnership": {"ownershipList": [], "maxAge": 1}, "majorHoldersBreakdown": {"maxAge": 1, "insidersPercentHeld": 0.53745, "institutionsPercentHeld": 0.0, "institutionsFloatPercentHeld": 0.0, "institutionsCount": 0}, "balanceSheetHistoryQuarterly": {"balanceSheetStatements": [{"maxAge": 1, "endDate": "2020-12-31", "totalStockholderEquity": 4861956000, "netTangibleAssets": 4861956000}, {"maxAge": 1, "endDate": "2020-09-30", "cash": 222639000, "shortTermInvestments": 733678000, "netReceivables": 43554000, "inventory": 749302000, "otherCurrentAssets": 71905000, "totalCurrentAssets": 1821078000, "longTermInvestments": 190291000, "propertyPlantEquipment": 4221981000, "otherAssets": 81926000, "totalAssets": 6315276000, "accountsPayable": 426902000, "otherCurrentLiab": 114721000, "otherLiab": 903360000, "totalCurrentLiabilities": 549960000, "totalLiab": 1453320000, "commonStock": 156083000, "treasuryStock": 4705873000, "otherStockholderEquity": 4705873000, "totalStockholderEquity": 4861956000, "netTangibleAssets": 4861956000}, {"maxAge": 1, "endDate": "2020-06-30", "totalStockholderEquity": 4882947000, "netTangibleAssets": 4882947000}, {"maxAge": 1, "endDate": "2020-03-31", "cash": 56609000, "netReceivables": 42212000, "inventory": 848521000, "otherCurrentAssets": 184201000, "totalCurrentAssets": 1837611000, "longTermInvestments": 190291000, "propertyPlantEquipment": 4197505000, "otherAssets": 79548000, "totalAssets": 6304955000, "accountsPayable": 439018000, "otherCurrentLiab": 55535000, "otherLiab": 885403000, "totalCurrentLiabilities": 525173000, "totalLiab": 1422008000, "commonStock": 156083000, "retainedEarnings": 4454024000, "treasuryStock": -173110000, "capitalSurplus": 445950000, "otherStockholderEquity": -173110000, "totalStockholderEquity": 4882947000, "netTangibleAssets": 4882947000}], "maxAge": 86400}, "earningsHistory": {"history": [{"maxAge": 1, "epsActual": {}, "epsEstimate": {}, "epsDifference": {}, "surprisePercent": {}, "quarter": {}, "period": "-4q"}, {"maxAge": 1, "epsActual": {}, "epsEstimate": {}, "epsDifference": {}, "surprisePercent": {}, "quarter": {}, "period": "-3q"}, {"maxAge": 1, "epsActual": {}, "epsEstimate": {}, "epsDifference": {}, "surprisePercent": {}, "quarter": {}, "period": "-2q"}, {"maxAge": 1, "epsActual": 6.18, "epsEstimate": 9.47, "epsDifference": -3.29, "surprisePercent": -0.347, "quarter": "2018-06-30", "period": "-1q"}], "maxAge": 86400}, "summaryProfile": {"address1": "Duncan House", "address2": "2nd Floor 31, Netaji Subhas Road", "city": "Kolkata", "zip": "700001", "country": "India", "phone": "91 33 2242 7380", "fax": "91 33 2242 7383", "website": "http://www.starpapers.com", "industry": "Paper & Paper Products", "sector": "Basic Materials", "longBusinessSummary": "Star Paper Mills Limited engages in the manufacture and supply of paper and paper products in India and internationally. It offers a range of cultural papers, industrial and packaging papers, and other grades. The company was incorporated in 1936 and is based in Kolkata, India.", "fullTimeEmployees": 457, "companyOfficers": [], "maxAge": 86400}, "netSharePurchaseActivity": {"maxAge": 1, "period": "6m", "buyInfoCount": 0, "buyInfoShares": 0, "sellInfoCount": 0, "netInfoCount": 0, "netInfoShares": 0, "netPercentInsiderShares": 0.0, "totalInsiderShares": 8392892}, "insiderTransactions": {"transactions": [{"maxAge": 1, "shares": 700000, "filerUrl": "", "transactionText": "", "filerName": "ISG Traders Ltd", "filerRelation": "Promoter", "moneyText": "", "startDate": "2013-05-21", "ownership": "D"}, {"maxAge": 1, "shares": 700000, "filerUrl": "", "transactionText": "", "filerName": "Boydell Media Pvt Ltd", "filerRelation": "Promoter", "moneyText": "", "startDate": "2013-05-21", "ownership": "D"}, {"maxAge": 1, "shares": 35000, "filerUrl": "", "transactionText": "", "filerName": "ISG Traders Ltd", "filerRelation": "Indirect Shareholder", "moneyText": "", "startDate": "2011-09-26", "ownership": "D"}, {"maxAge": 1, "shares": 2000, "filerUrl": "", "transactionText": "", "filerName": "ISG Traders Ltd", "filerRelation": "Indirect Shareholder", "moneyText": "", "startDate": "2011-03-23", "ownership": "D"}, {"maxAge": 1, "shares": 10000, "filerUrl": "", "transactionText": "", "filerName": "ISG Traders Ltd", "filerRelation": "Indirect Shareholder", "moneyText": "", "startDate": "2011-02-08", "ownership": "D"}, {"maxAge": 1, "shares": 120000, "filerUrl": "", "transactionText": "", "filerName": "ISG Traders Ltd", "filerRelation": "Indirect Shareholder", "moneyText": "", "startDate": "2011-02-01", "ownership": "D"}, {"maxAge": 1, "shares": 70000, "filerUrl": "", "transactionText": "", "filerName": "ISG Traders Ltd", "filerRelation": "Indirect Shareholder", "moneyText": "", "startDate": "2011-01-11", "ownership": "D"}, {"maxAge": 1, "shares": 20000, "filerUrl": "", "transactionText": "", "filerName": "ISG Traders Ltd", "filerRelation": "Indirect Shareholder", "moneyText": "", "startDate": "2010-12-15", "ownership": "D"}, {"maxAge": 1, "shares": 45000, "filerUrl": "", "transactionText": "", "filerName": "Goenka (Shrivardhan)", "filerRelation": "Director", "moneyText": "", "startDate": "2009-10-12", "ownership": "D"}, {"maxAge": 1, "shares": 45000, "filerUrl": "", "transactionText": "", "filerName": "Goenka (G P)", "filerRelation": "Chairman of the Board", "moneyText": "", "startDate": "2009-10-12", "ownership": "D"}], "maxAge": 1}, "sectorTrend": {"maxAge": 1, "symbol": null, "estimates": []}, "incomeStatementHistoryQuarterly": {"incomeStatementHistory": [{"maxAge": 1, "endDate": "2020-12-31", "totalRevenue": 657939000, "costOfRevenue": 374855000, "grossProfit": 283084000, "researchDevelopment": {}, "sellingGeneralAdministrative": 59157000, "nonRecurring": {}, "otherOperatingExpenses": 121208000, "totalOperatingExpenses": 568214000, "operatingIncome": 89725000, "totalOtherIncomeExpenseNet": 22341000, "ebit": 89725000, "interestExpense": -1562000, "incomeBeforeTax": 112066000, "incomeTaxExpense": 33673000, "minorityInterest": {}, "netIncomeFromContinuingOps": 78393000, "discontinuedOperations": {}, "extraordinaryItems": {}, "effectOfAccountingCharges": {}, "otherItems": {}, "netIncome": 78393000, "netIncomeApplicableToCommonShares": 78393000}, {"maxAge": 1, "endDate": "2020-09-30", "totalRevenue": 545188000, "costOfRevenue": 359821000, "grossProfit": 185367000, "researchDevelopment": {}, "sellingGeneralAdministrative": 53808000, "nonRecurring": {}, "otherOperatingExpenses": 105891000, "totalOperatingExpenses": 532188000, "operatingIncome": 13000000, "totalOtherIncomeExpenseNet": 12904000, "ebit": 13000000, "interestExpense": -1570000, "incomeBeforeTax": 25904000, "incomeTaxExpense": 9969000, "minorityInterest": {}, "netIncomeFromContinuingOps": 15935000, "discontinuedOperations": {}, "extraordinaryItems": {}, "effectOfAccountingCharges": {}, "otherItems": {}, "netIncome": 15935000, "netIncomeApplicableToCommonShares": 15935000}, {"maxAge": 1, "endDate": "2020-06-30", "totalRevenue": 263263000, "costOfRevenue": 170895000, "grossProfit": 92368000, "researchDevelopment": {}, "sellingGeneralAdministrative": 57556000, "nonRecurring": {}, "otherOperatingExpenses": 64747000, "totalOperatingExpenses": 306192000, "operatingIncome": -42929000, "totalOtherIncomeExpenseNet": 45733000, "ebit": -42929000, "interestExpense": -1901000, "incomeBeforeTax": 2804000, "incomeTaxExpense": 127000, "minorityInterest": {}, "netIncomeFromContinuingOps": 2677000, "discontinuedOperations": {}, "extraordinaryItems": {}, "effectOfAccountingCharges": {}, "otherItems": {}, "netIncome": 2677000, "netIncomeApplicableToCommonShares": 2677000}, {"maxAge": 1, "endDate": "2020-03-31", "totalRevenue": 891964000, "costOfRevenue": -177198000, "grossProfit": 1069162000, "researchDevelopment": {}, "sellingGeneralAdministrative": 79168000, "nonRecurring": {}, "otherOperatingExpenses": 874820000, "totalOperatingExpenses": 791118000, "operatingIncome": 100846000, "totalOtherIncomeExpenseNet": 13182000, "ebit": 100846000, "interestExpense": -1389000, "incomeBeforeTax": 114028000, "incomeTaxExpense": 36057000, "minorityInterest": {}, "netIncomeFromContinuingOps": 77971000, "discontinuedOperations": {}, "extraordinaryItems": {}, "effectOfAccountingCharges": {}, "otherItems": {}, "netIncome": 77971000, "netIncomeApplicableToCommonShares": 77971000}], "maxAge": 86400}, "cashflowStatementHistoryQuarterly": {"cashflowStatements": [{"maxAge": 1, "endDate": "2020-12-31", "netIncome": 78393000, "changeToLiabilities": 0}, {"maxAge": 1, "endDate": "2020-09-30", "netIncome": 15935000, "changeToLiabilities": 0}, {"maxAge": 1, "endDate": "2020-06-30", "netIncome": 2677000, "changeToLiabilities": 0}, {"maxAge": 1, "endDate": "2020-03-31", "netIncome": 77971000, "changeToLiabilities": 0}], "maxAge": 86400}, "earnings": {"maxAge": 86400, "earningsChart": {"quarterly": [{"date": "2Q2018", "actual": 6.18, "estimate": 9.47}], "currentQuarterEstimateDate": "3Q", "currentQuarterEstimateYear": 2018, "earningsDate": []}, "financialsChart": {"yearly": [{"date": 2017, "revenue": 3241791000, "earnings": 603557000}, {"date": 2018, "revenue": 3465785000, "earnings": 542604000}, {"date": 2019, "revenue": 3777481000, "earnings": 531949000}, {"date": 2020, "revenue": 3409920000, "earnings": 372676000}], "quarterly": [{"date": "1Q2020", "revenue": 891964000, "earnings": 77971000}, {"date": "2Q2020", "revenue": 263263000, "earnings": 2677000}, {"date": "3Q2020", "revenue": 545188000, "earnings": 15935000}, {"date": "4Q2020", "revenue": 657939000, "earnings": 78393000}]}, "financialCurrency": "INR"}, "financialData": {"maxAge": 86400, "currentPrice": 115.3, "recommendationKey": "none", "totalCash": 956316992, "totalCashPerShare": 61.239, "ebitda": 211314752, "totalDebt": 0, "totalRevenue": 2358353920, "revenuePerShare": 151.013, "grossProfits": 2017216000, "earningsGrowth": -0.119, "revenueGrowth": -0.257, "grossMargins": 0.69114995, "ebitdaMargins": 0.0896, "operatingMargins": 0.068119995, "profitMargins": 0.07419, "financialCurrency": "INR"}}}