{"STARLOG.BO": {"cashflowStatementHistory": {"cashflowStatements": [{"maxAge": 1, "endDate": "2019-03-31", "netIncome": -548133000, "depreciation": 322788000, "changeToNetincome": 220228000, "changeToAccountReceivables": 20373000, "changeToLiabilities": 1850000, "changeToInventory": -9218000, "changeToOperatingActivities": 91685000, "totalCashFromOperatingActivities": 99573000, "capitalExpenditures": -1985886000, "investments": 5398000, "otherCashflowsFromInvestingActivities": 3712000, "totalCashflowsFromInvestingActivities": -1959387000, "dividendsPaid": -662000, "netBorrowings": 2204428000, "otherCashflowsFromFinancingActivities": -361240000, "totalCashFromFinancingActivities": 1842526000, "changeInCash": -17288000}, {"maxAge": 1, "endDate": "2018-03-31", "netIncome": -509870000, "depreciation": 294406000, "changeToNetincome": 142608000, "changeToAccountReceivables": -64939000, "changeToLiabilities": 141696000, "changeToInventory": 1349000, "changeToOperatingActivities": 158924000, "totalCashFromOperatingActivities": 164580000, "capitalExpenditures": -20488000, "investments": -8434000, "otherCashflowsFromInvestingActivities": 2855000, "totalCashflowsFromInvestingActivities": -654111000, "dividendsPaid": -662000, "netBorrowings": 831160000, "otherCashflowsFromFinancingActivities": -299396000, "totalCashFromFinancingActivities": 531764000, "changeInCash": 42233000}, {"maxAge": 1, "endDate": "2017-03-31", "netIncome": -579877000, "depreciation": 341972000, "changeToNetincome": 459898000, "changeToAccountReceivables": -46750000, "changeToLiabilities": -23682000, "changeToInventory": -272000, "changeToOperatingActivities": 175475000, "totalCashFromOperatingActivities": 327170000, "capitalExpenditures": -5955000, "investments": -91333000, "otherCashflowsFromInvestingActivities": 6646000, "totalCashflowsFromInvestingActivities": -116903000, "dividendsPaid": -300328, "netBorrowings": -117399000, "otherCashflowsFromFinancingActivities": -188358000, "totalCashFromFinancingActivities": -243717000, "changeInCash": -33450000, "issuanceOfStock": 62040000}, {"maxAge": 1, "endDate": "2016-03-31", "netIncome": -598090500, "depreciation": 445365987, "changeToNetincome": 562607187, "changeToAccountReceivables": -58479107, "changeToLiabilities": 36143724, "changeToInventory": -21337374, "changeToOperatingActivities": 253960185, "totalCashFromOperatingActivities": 620170102, "capitalExpenditures": -844815902, "investments": 177235929, "otherCashflowsFromInvestingActivities": 35157389, "totalCashflowsFromInvestingActivities": -443015681, "dividendsPaid": -668220, "netBorrowings": 51984963, "otherCashflowsFromFinancingActivities": -440986893, "totalCashFromFinancingActivities": -389670150, "changeInCash": -212515729, "issuanceOfStock": 62040000}], "maxAge": 86400}, "institutionOwnership": {"ownershipList": [], "maxAge": 1}, "balanceSheetHistoryQuarterly": {"balanceSheetStatements": [{"maxAge": 1, "endDate": "2009-09-30"}, {"maxAge": 1, "endDate": "2009-03-31", "cash": 1359521447, "netReceivables": 432546542, "otherCurrentAssets": 1252045264, "totalCurrentAssets": 3044113253, "longTermInvestments": 121120000, "propertyPlantEquipment": 8183994564, "intangibleAssets": 3467172, "totalAssets": 11352694989, "accountsPayable": 139323483, "otherCurrentLiab": 431340051, "longTermDebt": 5461501709, "otherLiab": 116373115, "minorityInterest": 189717401, "totalCurrentLiabilities": 593860208, "totalLiab": 6171735032, "commonStock": 128202000, "retainedEarnings": 1460562913, "treasuryStock": 118327635, "capitalSurplus": 3284150008, "otherStockholderEquity": 118327635, "totalStockholderEquity": 4991242556, "netTangibleAssets": 4987775384}, {"maxAge": 1, "endDate": "2008-12-31", "cash": 1359521447, "netReceivables": 432546542, "otherCurrentAssets": 1252045264, "totalCurrentAssets": 3044113253, "longTermInvestments": 1000000, "propertyPlantEquipment": 8183994564, "intangibleAssets": 3467172, "otherAssets": 120120000, "totalAssets": 11352694989, "accountsPayable": 139323483, "otherCurrentLiab": 431340051, "longTermDebt": 5461501709, "otherLiab": 116373115, "minorityInterest": 189717401, "totalCurrentLiabilities": 593860208, "totalLiab": 6171735032, "commonStock": 128202000, "retainedEarnings": 1460562913, "treasuryStock": 118327635, "capitalSurplus": 3284150008, "otherStockholderEquity": 118327635, "totalStockholderEquity": 4991242556, "netTangibleAssets": 4987775384}, {"maxAge": 1, "endDate": "2008-09-30"}], "maxAge": 86400}, "indexTrend": {"maxAge": 1, "symbol": "SP5", "peRatio": 19.7411, "pegRatio": 1.34172, "estimates": [{"period": "0q", "growth": 0.549}, {"period": "+1q", "growth": 0.431}, {"period": "0y", "growth": 0.305}, {"period": "+1y", "growth": 0.109}, {"period": "+5y", "growth": 0.120859005}, {"period": "-5y"}]}, "insiderTransactions": {"transactions": [{"maxAge": 1, "shares": 3189, "filerUrl": "", "transactionText": "", "filerName": "Agarwal (Archana Saket)", "filerRelation": "Promoter", "moneyText": "", "startDate": "2015-04-23", "ownership": "D"}, {"maxAge": 1, "shares": 5000, "filerUrl": "", "transactionText": "", "filerName": "Agarwal (Archana Saket)", "filerRelation": "Promoter", "moneyText": "", "startDate": "2015-04-13", "ownership": "D"}, {"maxAge": 1, "shares": 5000, "filerUrl": "", "transactionText": "", "filerName": "Agarwal (Archana Saket)", "filerRelation": "Promoter", "moneyText": "", "startDate": "2015-04-10", "ownership": "D"}, {"maxAge": 1, "shares": 4696, "filerUrl": "", "transactionText": "", "filerName": "Agarwal (Archana Saket)", "filerRelation": "Promoter", "moneyText": "", "startDate": "2015-04-08", "ownership": "D"}, {"maxAge": 1, "shares": 5000, "filerUrl": "", "transactionText": "", "filerName": "Agarwal (Archana Saket)", "filerRelation": "Promoter", "moneyText": "", "startDate": "2015-04-07", "ownership": "D"}, {"maxAge": 1, "shares": 261, "filerUrl": "", "transactionText": "", "filerName": "Agarwal (Archana Saket)", "filerRelation": "Promoter", "moneyText": "", "startDate": "2015-04-06", "ownership": "D"}, {"maxAge": 1, "shares": 516, "filerUrl": "", "transactionText": "", "filerName": "Agarwal (Archana Saket)", "filerRelation": "Promoter", "moneyText": "", "startDate": "2015-03-31", "ownership": "D"}, {"maxAge": 1, "shares": 2401, "filerUrl": "", "transactionText": "", "filerName": "Agarwal (Archana Saket)", "filerRelation": "Promoter", "moneyText": "", "startDate": "2015-03-27", "ownership": "D"}, {"maxAge": 1, "shares": 1000, "filerUrl": "", "transactionText": "", "filerName": "Agarwal (Archana Saket)", "filerRelation": "Promoter", "moneyText": "", "startDate": "2015-03-25", "ownership": "D"}, {"maxAge": 1, "shares": 294, "filerUrl": "", "transactionText": "", "filerName": "Agarwal (Archana Saket)", "filerRelation": "Promoter", "moneyText": "", "startDate": "2015-03-24", "ownership": "D"}, {"maxAge": 1, "shares": 682, "filerUrl": "", "transactionText": "", "filerName": "Agarwal (Archana Saket)", "filerRelation": "Promoter", "moneyText": "", "startDate": "2015-03-20", "ownership": "D"}, {"maxAge": 1, "shares": 10000, "filerUrl": "", "transactionText": "", "filerName": "Agarwal (Archana Saket)", "filerRelation": "Promoter", "moneyText": "", "startDate": "2015-03-18", "ownership": "D"}, {"maxAge": 1, "shares": 5000, "filerUrl": "", "transactionText": "", "filerName": "Agarwal (Archana Saket)", "filerRelation": "Promoter", "moneyText": "", "startDate": "2015-03-13", "ownership": "D"}, {"maxAge": 1, "shares": 2776, "filerUrl": "", "transactionText": "", "filerName": "Agarwal (Archana Saket)", "filerRelation": "Promoter", "moneyText": "", "startDate": "2015-03-12", "ownership": "D"}, {"maxAge": 1, "shares": 1044, "filerUrl": "", "transactionText": "", "filerName": "Agarwal (Archana Saket)", "filerRelation": "Promoter", "moneyText": "", "startDate": "2015-03-11", "ownership": "D"}, {"maxAge": 1, "shares": 1180, "filerUrl": "", "transactionText": "", "filerName": "Agarwal (Archana Saket)", "filerRelation": "Promoter", "moneyText": "", "startDate": "2015-03-09", "ownership": "D"}, {"maxAge": 1, "shares": 2363, "filerUrl": "", "transactionText": "", "filerName": "Agarwal (Archana Saket)", "filerRelation": "Promoter", "moneyText": "", "startDate": "2015-03-05", "ownership": "D"}, {"maxAge": 1, "shares": 1922, "filerUrl": "", "transactionText": "", "filerName": "Agarwal (Archana Saket)", "filerRelation": "Promoter", "moneyText": "", "startDate": "2015-03-04", "ownership": "D"}, {"maxAge": 1, "shares": 3766, "filerUrl": "", "transactionText": "", "filerName": "Agarwal (Archana Saket)", "filerRelation": "Promoter", "moneyText": "", "startDate": "2015-02-27", "ownership": "D"}, {"maxAge": 1, "shares": 445, "filerUrl": "", "transactionText": "", "filerName": "Agarwal (Archana Saket)", "filerRelation": "Promoter", "moneyText": "", "startDate": "2015-02-25", "ownership": "D"}], "maxAge": 1}, "quoteType": {"exchange": "BSE", "quoteType": "EQUITY", "symbol": "STARLOG.BO", "underlyingSymbol": "STARLOG.BO", "shortName": "Starlog Enterprises Limited", "longName": "Starlog Enterprises Limited", "firstTradeDateEpochUtc": "2001-12-31 09:15:00", "timeZoneFullName": "Asia/Kolkata", "timeZoneShortName": "IST", "uuid": "6b02da4e-f20b-3434-af0b-d96c9d242642", "gmtOffSetMilliseconds": 19800000, "maxAge": 1}, "incomeStatementHistory": {"incomeStatementHistory": [{"maxAge": 1, "endDate": "2019-03-31", "totalRevenue": 1257048000, "costOfRevenue": 249065000, "grossProfit": 1007983000, "researchDevelopment": {}, "sellingGeneralAdministrative": {}, "nonRecurring": {}, "otherOperatingExpenses": 787946000, "totalOperatingExpenses": 1359799000, "operatingIncome": -102751000, "totalOtherIncomeExpenseNet": -686656000, "ebit": -102751000, "interestExpense": -564163000, "incomeBeforeTax": -789407000, "incomeTaxExpense": 203000, "minorityInterest": 350325000, "netIncomeFromContinuingOps": -789610000, "discontinuedOperations": {}, "extraordinaryItems": {}, "effectOfAccountingCharges": {}, "otherItems": {}, "netIncome": -548133000, "netIncomeApplicableToCommonShares": -548133000}, {"maxAge": 1, "endDate": "2018-03-31", "totalRevenue": 3731559000, "costOfRevenue": 177349000, "grossProfit": 3554210000, "researchDevelopment": {}, "sellingGeneralAdministrative": {}, "nonRecurring": {}, "otherOperatingExpenses": 3613332000, "totalOperatingExpenses": 4085492000, "operatingIncome": -353933000, "totalOtherIncomeExpenseNet": -370804000, "ebit": -353933000, "interestExpense": -435688000, "incomeBeforeTax": -724737000, "incomeTaxExpense": -230000, "minorityInterest": 591952000, "netIncomeFromContinuingOps": -724507000, "discontinuedOperations": {}, "extraordinaryItems": {}, "effectOfAccountingCharges": {}, "otherItems": {}, "netIncome": -509870000, "netIncomeApplicableToCommonShares": -509870000}, {"maxAge": 1, "endDate": "2017-03-31", "totalRevenue": 979266000, "costOfRevenue": 178203000, "grossProfit": 801063000, "researchDevelopment": {}, "sellingGeneralAdministrative": 4029670, "nonRecurring": {}, "otherOperatingExpenses": 561381000, "totalOperatingExpenses": 1081962000, "operatingIncome": -102696000, "totalOtherIncomeExpenseNet": -672680000, "ebit": -102696000, "interestExpense": -477426000, "incomeBeforeTax": -775376000, "incomeTaxExpense": -70362000, "minorityInterest": 802875000, "netIncomeFromContinuingOps": -705014000, "discontinuedOperations": {}, "extraordinaryItems": {}, "effectOfAccountingCharges": {}, "otherItems": {}, "netIncome": -579877000, "netIncomeApplicableToCommonShares": -579877000}, {"maxAge": 1, "endDate": "2016-03-31", "totalRevenue": 1181938979, "costOfRevenue": 161551294, "grossProfit": 1020387685, "researchDevelopment": {}, "sellingGeneralAdministrative": 1700271, "nonRecurring": {}, "otherOperatingExpenses": 681523055, "totalOperatingExpenses": 1288440336, "operatingIncome": -106501357, "totalOtherIncomeExpenseNet": -447400095, "ebit": -106501357, "interestExpense": -549104210, "incomeBeforeTax": -553901452, "incomeTaxExpense": 58470314, "minorityInterest": 660114560, "netIncomeFromContinuingOps": -612371766, "discontinuedOperations": {}, "extraordinaryItems": {}, "effectOfAccountingCharges": {}, "otherItems": {}, "netIncome": -598090500, "netIncomeApplicableToCommonShares": -598090494}], "maxAge": 86400}, "fundOwnership": {"ownershipList": [], "maxAge": 1}, "summaryDetail": {"maxAge": 1, "priceHint": 2, "previousClose": 13.53, "open": 14.1, "dayLow": 14.0, "dayHigh": 15.89, "regularMarketPreviousClose": 13.53, "regularMarketOpen": 14.1, "regularMarketDayLow": 14.0, "regularMarketDayHigh": 15.89, "volume": 19029, "regularMarketVolume": 19029, "averageVolume": 2445, "averageVolume10days": 923, "averageDailyVolume10Day": 923, "bid": 13.58, "ask": 15.36, "bidSize": 0, "askSize": 0, "marketCap": 179744352, "fiftyTwoWeekLow": 7.21, "fiftyTwoWeekHigh": 20.9, "fiftyDayAverage": 14.361212, "twoHundredDayAverage": 10.9908085, "currency": "INR", "fromCurrency": null, "lastMarket": null, "algorithm": null, "tradeable": false}, "incomeStatementHistoryQuarterly": {"incomeStatementHistory": [{"maxAge": 1, "endDate": "2009-09-30", "totalRevenue": 459000000, "costOfRevenue": 83000000, "grossProfit": 376000000, "researchDevelopment": {}, "sellingGeneralAdministrative": {}, "nonRecurring": {}, "otherOperatingExpenses": 147600000, "totalOperatingExpenses": 403700000, "operatingIncome": 55300000, "totalOtherIncomeExpenseNet": -103900000, "ebit": 55300000, "interestExpense": -148500000, "incomeBeforeTax": -48600000, "incomeTaxExpense": 37600000, "minorityInterest": {}, "netIncomeFromContinuingOps": -86200000, "discontinuedOperations": {}, "extraordinaryItems": {}, "effectOfAccountingCharges": {}, "otherItems": {}, "netIncome": -95500000, "netIncomeApplicableToCommonShares": -95500000}, {"maxAge": 1, "endDate": "2009-03-31", "totalRevenue": 509449193, "costOfRevenue": 215617976, "grossProfit": 293831217, "researchDevelopment": {}, "sellingGeneralAdministrative": 73117804, "nonRecurring": {}, "otherOperatingExpenses": -102469829, "totalOperatingExpenses": 401210950, "operatingIncome": 108238243, "totalOtherIncomeExpenseNet": -116915684, "ebit": 108238243, "interestExpense": -132783244, "incomeBeforeTax": -8677442, "incomeTaxExpense": 14432462, "minorityInterest": 189717401, "netIncomeFromContinuingOps": -23109905, "discontinuedOperations": {}, "extraordinaryItems": {}, "effectOfAccountingCharges": {}, "otherItems": {}, "netIncome": -23758991, "netIncomeApplicableToCommonShares": -23758991}, {"maxAge": 1, "endDate": "2008-12-31", "totalRevenue": 509449193, "costOfRevenue": 215617976, "grossProfit": 293831217, "researchDevelopment": {}, "sellingGeneralAdministrative": 73117805, "nonRecurring": {}, "otherOperatingExpenses": -68782361, "totalOperatingExpenses": 434898417, "operatingIncome": 74550776, "totalOtherIncomeExpenseNet": -83228219, "ebit": 74550776, "interestExpense": -132783245, "incomeBeforeTax": -8677442, "incomeTaxExpense": 14432463, "minorityInterest": 189717401, "netIncomeFromContinuingOps": -23109904, "discontinuedOperations": {}, "extraordinaryItems": {}, "effectOfAccountingCharges": {}, "otherItems": {}, "netIncome": -23758990, "netIncomeApplicableToCommonShares": -23758990}, {"maxAge": 1, "endDate": "2008-09-30", "totalRevenue": 523700000, "costOfRevenue": 83700000, "grossProfit": 440000000, "researchDevelopment": {}, "sellingGeneralAdministrative": 73117805, "nonRecurring": {}, "otherOperatingExpenses": 103600000, "totalOperatingExpenses": 364800000, "operatingIncome": 158900000, "totalOtherIncomeExpenseNet": -85900000, "ebit": 158900000, "interestExpense": -110600000, "incomeBeforeTax": 73000000, "incomeTaxExpense": 19500000, "minorityInterest": 189717401, "netIncomeFromContinuingOps": 53500000, "discontinuedOperations": {}, "extraordinaryItems": {}, "effectOfAccountingCharges": {}, "otherItems": {}, "netIncome": 40800000, "netIncomeApplicableToCommonShares": 40800000}], "maxAge": 86400}, "cashflowStatementHistoryQuarterly": {"cashflowStatements": [{"maxAge": 1, "endDate": "2009-09-30", "netIncome": -95500000, "changeToLiabilities": 0}, {"maxAge": 1, "endDate": "2009-03-31", "netIncome": -23758991, "changeToLiabilities": 0}, {"maxAge": 1, "endDate": "2008-12-31", "netIncome": -23758990, "changeToLiabilities": 0}, {"maxAge": 1, "endDate": "2008-09-30", "netIncome": 40800000, "changeToLiabilities": 0}], "maxAge": 86400}, "insiderHolders": {"holders": [{"maxAge": 1, "name": "Agarwal (Archana Saket)", "relation": "Promoter", "url": "", "transactionDescription": "Sale", "latestTransDate": "2015-04-23", "positionDirect": 0, "positionDirectDate": "2015-04-23"}], "maxAge": 1}, "calendarEvents": {"maxAge": 1, "earnings": {"earningsDate": ["2020-09-23 05:30:S"]}}, "upgradeDowngradeHistory": {"history": [], "maxAge": 86400}, "price": {"maxAge": 1, "regularMarketChangePercent": 0.110125706, "regularMarketChange": 1.4900007, "regularMarketTime": "2021-04-30 15:22:29", "priceHint": 2, "regularMarketPrice": 15.02, "regularMarketDayHigh": 15.89, "regularMarketDayLow": 14.0, "regularMarketVolume": 19029, "averageDailyVolume10Day": 923, "averageDailyVolume3Month": 2445, "regularMarketPreviousClose": 13.53, "regularMarketSource": "FREE_REALTIME", "regularMarketOpen": 14.1, "exchange": "BSE", "exchangeName": "BSE", "exchangeDataDelayedBy": 0, "marketState": "CLOSED", "quoteType": "EQUITY", "symbol": "STARLOG.BO", "underlyingSymbol": null, "shortName": "Starlog Enterprises Limited", "longName": "Starlog Enterprises Limited", "currency": "INR", "quoteSourceName": "Delayed Quote", "currencySymbol": "\u20b9", "fromCurrency": null, "lastMarket": null, "marketCap": 179744352}, "balanceSheetHistory": {"balanceSheetStatements": [{"maxAge": 1, "endDate": "2019-03-31", "cash": 86732000, "shortTermInvestments": 61795000, "netReceivables": 685887000, "inventory": 30378000, "otherCurrentAssets": 435913000, "totalCurrentAssets": 1334016000, "longTermInvestments": 638968000, "propertyPlantEquipment": 1928127000, "intangibleAssets": 4623311000, "otherAssets": 620350000, "totalAssets": 9144772000, "accountsPayable": 270631000, "shortLongTermDebt": 1414618000, "otherCurrentLiab": 517571000, "longTermDebt": 2468451000, "otherLiab": 451800000, "minorityInterest": 350325000, "totalCurrentLiabilities": 5721412000, "totalLiab": 8641663000, "commonStock": 119669000, "retainedEarnings": -4226816000, "treasuryStock": 166589000, "capitalSurplus": 4093342000, "otherStockholderEquity": 166589000, "totalStockholderEquity": 152784000, "netTangibleAssets": -4470527000}, {"maxAge": 1, "endDate": "2018-03-31", "cash": 104020000, "shortTermInvestments": 61268000, "netReceivables": 686724000, "inventory": 21160000, "otherCurrentAssets": 463787000, "totalCurrentAssets": 1356118000, "longTermInvestments": 638968000, "propertyPlantEquipment": 2114534000, "intangibleAssets": 4687726000, "otherAssets": 588498000, "totalAssets": 9385844000, "accountsPayable": 267771000, "shortLongTermDebt": 1343370000, "otherCurrentLiab": 2360447000, "longTermDebt": 2703376000, "otherLiab": 461987000, "minorityInterest": 591952000, "totalCurrentLiabilities": 4929886000, "totalLiab": 8095249000, "commonStock": 119669000, "retainedEarnings": -3678683000, "treasuryStock": 164315000, "capitalSurplus": 4093342000, "otherStockholderEquity": 164315000, "totalStockholderEquity": 698643000, "netTangibleAssets": -3989083000}, {"maxAge": 1, "endDate": "2017-03-31", "cash": 61787000, "shortTermInvestments": 104440000, "netReceivables": 642128000, "inventory": 22509000, "otherCurrentAssets": 119580000, "totalCurrentAssets": 974371000, "longTermInvestments": 780094000, "propertyPlantEquipment": 2674967000, "intangibleAssets": 1636488000, "otherAssets": 857507000, "totalAssets": 6923427000, "accountsPayable": 204953000, "shortLongTermDebt": 1402610000, "otherCurrentLiab": 378386000, "longTermDebt": 2005494000, "otherLiab": 348797000, "minorityInterest": 802875000, "totalCurrentLiabilities": 2551906000, "totalLiab": 4906197000, "commonStock": 119669000, "retainedEarnings": -3168812000, "treasuryStock": 170156000, "capitalSurplus": 4093342000, "otherStockholderEquity": 170156000, "totalStockholderEquity": 1214355000, "netTangibleAssets": -422133000}, {"maxAge": 1, "endDate": "2016-03-31", "cash": 216252299, "netReceivables": 810101127, "inventory": 46591867, "otherCurrentAssets": 518336341, "totalCurrentAssets": 1611556243, "longTermInvestments": 144128352, "propertyPlantEquipment": 7189647286, "intangibleAssets": 104904338, "otherAssets": 667603857, "totalAssets": 9717840076, "accountsPayable": 180479422, "shortLongTermDebt": 1415865568, "otherCurrentLiab": 1027429851, "longTermDebt": 3580978563, "otherLiab": 319825362, "minorityInterest": 660114560, "totalCurrentLiabilities": 3217706691, "totalLiab": 7118510616, "commonStock": 119669850, "retainedEarnings": -1563783851, "treasuryStock": 168848977, "capitalSurplus": 3214479924, "otherStockholderEquity": 168848977, "totalStockholderEquity": 1939214900, "netTangibleAssets": 1834310562}], "maxAge": 86400}, "financialData": {"maxAge": 86400, "currentPrice": 15.02, "recommendationKey": "none", "grossProfits": 1007983000, "financialCurrency": "INR"}}}