{"STARLIT.BO": {"cashflowStatementHistory": {"cashflowStatements": [{"maxAge": 1, "endDate": "2020-03-31", "netIncome": -17034538, "depreciation": 9799521, "changeToNetincome": -12193187, "changeToAccountReceivables": 7672433, "changeToLiabilities": -1965592, "changeToInventory": -14562524, "changeToOperatingActivities": 19815445, "totalCashFromOperatingActivities": -8466153, "capitalExpenditures": -1371530, "otherCashflowsFromInvestingActivities": 25355, "totalCashflowsFromInvestingActivities": -5162856, "netBorrowings": 26247562, "otherCashflowsFromFinancingActivities": -13719968, "totalCashFromFinancingActivities": 12527594, "changeInCash": -1101415}, {"maxAge": 1, "endDate": "2019-03-31", "netIncome": -40322991, "depreciation": 9971059, "changeToNetincome": 12091007, "changeToAccountReceivables": -6031261, "changeToLiabilities": 32320304, "changeToInventory": -1577262, "changeToOperatingActivities": 635649, "totalCashFromOperatingActivities": 10456486, "capitalExpenditures": -665101, "otherCashflowsFromInvestingActivities": 2321, "totalCashflowsFromInvestingActivities": -669004, "netBorrowings": 9695513, "otherCashflowsFromFinancingActivities": -22931801, "totalCashFromFinancingActivities": -13236288, "changeInCash": -3448806}, {"maxAge": 1, "endDate": "2018-03-31", "netIncome": -60738171, "depreciation": 10011040, "changeToNetincome": 43149742, "changeToAccountReceivables": 14496583, "changeToLiabilities": -21687948, "changeToInventory": -12215272, "changeToOperatingActivities": -13854155, "totalCashFromOperatingActivities": -37468201, "capitalExpenditures": -13141, "otherCashflowsFromInvestingActivities": 125200, "totalCashflowsFromInvestingActivities": 1747289, "netBorrowings": 58289503, "otherCashflowsFromFinancingActivities": -18117609, "totalCashFromFinancingActivities": 40171894, "changeInCash": 4450981}, {"maxAge": 1, "endDate": "2017-03-31", "netIncome": -46263585, "depreciation": 10429413, "changeToNetincome": 14518086, "changeToAccountReceivables": -5818, "changeToLiabilities": 3396847, "changeToInventory": 33392594, "changeToOperatingActivities": 2958906, "totalCashFromOperatingActivities": 21796424, "capitalExpenditures": -19909230, "otherCashflowsFromInvestingActivities": 51917, "totalCashflowsFromInvestingActivities": -18670974, "netBorrowings": 20730064, "otherCashflowsFromFinancingActivities": -24543736, "totalCashFromFinancingActivities": -3813672, "changeInCash": -688222}], "maxAge": 86400}, "institutionOwnership": {"ownershipList": [], "maxAge": 1}, "balanceSheetHistoryQuarterly": {"balanceSheetStatements": [{"maxAge": 1, "endDate": "2019-06-30", "totalStockholderEquity": -66047000, "netTangibleAssets": -66314000}, {"maxAge": 1, "endDate": "2019-03-31", "cash": 2029128, "netReceivables": 62136395, "inventory": 40606653, "otherCurrentAssets": 1256437, "totalCurrentAssets": 106028613, "propertyPlantEquipment": 187565223, "goodWill": 194536, "intangibleAssets": 72581, "otherAssets": 52942868, "deferredLongTermAssetCharges": 48214568, "totalAssets": 346803821, "accountsPayable": 86054049, "otherCurrentLiab": 7340253, "longTermDebt": 298269753, "otherLiab": 1, "totalCurrentLiabilities": 114580988, "totalLiab": 412850742, "commonStock": 100648660, "retainedEarnings": -220827139, "capitalSurplus": 54131557, "totalStockholderEquity": -66046922, "netTangibleAssets": -66314039}, {"maxAge": 1, "endDate": "2018-12-31"}, {"maxAge": 1, "endDate": "2018-06-30", "totalStockholderEquity": -30096000, "netTangibleAssets": -30401000}], "maxAge": 86400}, "indexTrend": {"maxAge": 1, "symbol": "SP5", "peRatio": 19.7411, "pegRatio": 1.34172, "estimates": [{"period": "0q", "growth": 0.549}, {"period": "+1q", "growth": 0.431}, {"period": "0y", "growth": 0.305}, {"period": "+1y", "growth": 0.109}, {"period": "+5y", "growth": 0.120859005}, {"period": "-5y"}]}, "insiderTransactions": {"transactions": [{"maxAge": 1, "shares": 813760, "filerUrl": "", "transactionText": "", "filerName": "PCM Power Generation Pvt. Ltd.", "filerRelation": "Institution- Corporation", "moneyText": "", "startDate": "2018-11-22", "ownership": "D"}, {"maxAge": 1, "shares": 600053, "filerUrl": "", "transactionText": "", "filerName": "Shridhar (Sachin)", "filerRelation": "Promoter", "moneyText": "", "startDate": "2018-11-22", "ownership": "D"}, {"maxAge": 1, "shares": 1300000, "filerUrl": "", "transactionText": "", "filerName": "PCM Power Generation Pvt. Ltd.", "filerRelation": "Institution- Corporation", "moneyText": "", "startDate": "2018-11-19", "ownership": "D"}, {"maxAge": 1, "shares": 250000, "filerUrl": "", "transactionText": "", "filerName": "Shridhar (Sachin)", "filerRelation": "Promoter", "moneyText": "", "startDate": "2018-11-19", "ownership": "D"}, {"maxAge": 1, "shares": 250000, "filerUrl": "", "transactionText": "", "filerName": "PCM Power Generation Pvt. Ltd.", "filerRelation": "Institution- Corporation", "moneyText": "", "startDate": "2018-10-30", "ownership": "D"}, {"maxAge": 1, "shares": 250000, "filerUrl": "", "transactionText": "", "filerName": "Starlit Infrastructure Ltd", "filerRelation": "Promoter", "moneyText": "", "startDate": "2018-10-30", "ownership": "D"}, {"maxAge": 1, "shares": 250000, "filerUrl": "", "transactionText": "", "filerName": "PCM Power Generation Pvt. Ltd.", "filerRelation": "Institution- Corporation", "moneyText": "", "startDate": "2018-10-25", "ownership": "D"}, {"maxAge": 1, "shares": 250000, "filerUrl": "", "transactionText": "", "filerName": "Starlit Infrastructure Ltd", "filerRelation": "Promoter", "moneyText": "", "startDate": "2018-10-25", "ownership": "D"}, {"maxAge": 1, "shares": 16000, "filerUrl": "", "transactionText": "", "filerName": "Sharma (Santosh)", "filerRelation": "Promoter", "moneyText": "", "startDate": "2015-05-05", "ownership": "D"}, {"maxAge": 1, "shares": 16000, "filerUrl": "", "transactionText": "", "filerName": "Ram (Sadhu Sharma)", "filerRelation": "UNREPORTED", "moneyText": "", "startDate": "2015-01-08", "ownership": "D"}, {"maxAge": 1, "shares": 16000, "filerUrl": "", "transactionText": "", "filerName": "Sharma (Santosh)", "filerRelation": "UNREPORTED", "moneyText": "", "startDate": "2014-12-09", "ownership": "D"}], "maxAge": 1}, "quoteType": {"exchange": "BSE", "quoteType": "EQUITY", "symbol": "STARLIT.BO", "underlyingSymbol": "STARLIT.BO", "shortName": "Starlit Power Systems Limited", "longName": "Starlit Power Systems Limited", "firstTradeDateEpochUtc": "2014-10-22 09:15:00", "timeZoneFullName": "Asia/Kolkata", "timeZoneShortName": "IST", "uuid": "cf8f11ea-cdad-3aca-8c20-91721a39c9d2", "gmtOffSetMilliseconds": 19800000, "maxAge": 1}, "incomeStatementHistory": {"incomeStatementHistory": [{"maxAge": 1, "endDate": "2020-03-31", "totalRevenue": 115012139, "costOfRevenue": 97430316, "grossProfit": 17581823, "researchDevelopment": {}, "sellingGeneralAdministrative": 18097539, "nonRecurring": {}, "otherOperatingExpenses": 18910197, "totalOperatingExpenses": 144239865, "operatingIncome": -29227726, "totalOtherIncomeExpenseNet": -13694612, "ebit": -29227726, "interestExpense": -13719967, "incomeBeforeTax": -42922338, "incomeTaxExpense": -25887800, "minorityInterest": {}, "netIncomeFromContinuingOps": -17034538, "discontinuedOperations": {}, "extraordinaryItems": {}, "effectOfAccountingCharges": {}, "otherItems": {}, "netIncome": -17034538, "netIncomeApplicableToCommonShares": -17034538}, {"maxAge": 1, "endDate": "2019-03-31", "totalRevenue": 128132609, "costOfRevenue": 127957261, "grossProfit": 175348, "researchDevelopment": {}, "sellingGeneralAdministrative": 13156161, "nonRecurring": {}, "otherOperatingExpenses": 4577826, "totalOperatingExpenses": 155662307, "operatingIncome": -27529698, "totalOtherIncomeExpenseNet": -23631766, "ebit": -27529698, "interestExpense": -23451962, "incomeBeforeTax": -51161464, "incomeTaxExpense": -10838473, "minorityInterest": {}, "netIncomeFromContinuingOps": -40322991, "discontinuedOperations": {}, "extraordinaryItems": {}, "effectOfAccountingCharges": {}, "otherItems": {}, "netIncome": -40322991, "netIncomeApplicableToCommonShares": -40322991}, {"maxAge": 1, "endDate": "2018-03-31", "totalRevenue": 81989343, "costOfRevenue": 63158090, "grossProfit": 18831253, "researchDevelopment": {}, "sellingGeneralAdministrative": 8748810, "nonRecurring": {}, "otherOperatingExpenses": 17645293, "totalOperatingExpenses": 99563233, "operatingIncome": -17573890, "totalOtherIncomeExpenseNet": -23029639, "ebit": -17573890, "interestExpense": -18132147, "incomeBeforeTax": -40603529, "incomeTaxExpense": 20227170, "minorityInterest": {}, "netIncomeFromContinuingOps": -60830699, "discontinuedOperations": {}, "extraordinaryItems": {}, "effectOfAccountingCharges": {}, "otherItems": {}, "netIncome": -60738171, "netIncomeApplicableToCommonShares": -60738171}, {"maxAge": 1, "endDate": "2017-03-31", "totalRevenue": 71479357, "costOfRevenue": 76880014, "grossProfit": -5400657, "researchDevelopment": {}, "sellingGeneralAdministrative": 8733998, "nonRecurring": {}, "otherOperatingExpenses": 15296711, "totalOperatingExpenses": 111340136, "operatingIncome": -39860779, "totalOtherIncomeExpenseNet": -24646312, "ebit": -39860779, "interestExpense": -24746409, "incomeBeforeTax": -64507091, "incomeTaxExpense": -18059665, "minorityInterest": {}, "netIncomeFromContinuingOps": -46447426, "discontinuedOperations": {}, "extraordinaryItems": {}, "effectOfAccountingCharges": {}, "otherItems": {}, "netIncome": -46263585, "netIncomeApplicableToCommonShares": -46263585}], "maxAge": 86400}, "fundOwnership": {"ownershipList": [], "maxAge": 1}, "summaryDetail": {"maxAge": 1, "priceHint": 2, "previousClose": 13.3, "open": 13.3, "dayLow": 13.3, "dayHigh": 13.3, "regularMarketPreviousClose": 13.3, "regularMarketOpen": 13.3, "regularMarketDayLow": 13.3, "regularMarketDayHigh": 13.3, "volume": 121, "regularMarketVolume": 121, "averageVolume": 3830, "averageVolume10days": 135, "averageDailyVolume10Day": 135, "bid": 13.45, "ask": 13.3, "bidSize": 0, "askSize": 0, "marketCap": 133863168, "fiftyTwoWeekLow": 9.6, "fiftyTwoWeekHigh": 22.0, "fiftyDayAverage": 19.789394, "twoHundredDayAverage": 16.306911, "currency": "INR", "fromCurrency": null, "lastMarket": null, "algorithm": null, "tradeable": false}, "incomeStatementHistoryQuarterly": {"incomeStatementHistory": [{"maxAge": 1, "endDate": "2019-06-30", "totalRevenue": 33222000, "costOfRevenue": 28587000, "grossProfit": 4635000, "researchDevelopment": {}, "sellingGeneralAdministrative": 6390000, "nonRecurring": {}, "otherOperatingExpenses": 6273000, "totalOperatingExpenses": 43703000, "operatingIncome": -10481000, "totalOtherIncomeExpenseNet": -4531000, "ebit": -10481000, "interestExpense": -4531000, "incomeBeforeTax": -15012000, "incomeTaxExpense": -14261000, "minorityInterest": {}, "netIncomeFromContinuingOps": -751000, "discontinuedOperations": {}, "extraordinaryItems": {}, "effectOfAccountingCharges": {}, "otherItems": {}, "netIncome": -750000, "netIncomeApplicableToCommonShares": -750000}, {"maxAge": 1, "endDate": "2019-03-31", "totalRevenue": 22618333, "costOfRevenue": 22235262, "grossProfit": 383071, "researchDevelopment": {}, "sellingGeneralAdministrative": 5091161, "nonRecurring": {}, "otherOperatingExpenses": 2159551, "totalOperatingExpenses": 31942877, "operatingIncome": -9324544, "totalOtherIncomeExpenseNet": -10749533, "ebit": -9324544, "interestExpense": -10169729, "incomeBeforeTax": -20074077, "incomeTaxExpense": 7290467, "minorityInterest": {}, "netIncomeFromContinuingOps": -27364544, "discontinuedOperations": {}, "extraordinaryItems": {}, "effectOfAccountingCharges": {}, "otherItems": {}, "netIncome": -27364034, "netIncomeApplicableToCommonShares": -27364034}, {"maxAge": 1, "endDate": "2018-12-31", "totalRevenue": 22737000, "costOfRevenue": 23051000, "grossProfit": -314000, "researchDevelopment": {}, "sellingGeneralAdministrative": 1929000, "nonRecurring": {}, "otherOperatingExpenses": 1167000, "totalOperatingExpenses": 28678000, "operatingIncome": -5941000, "totalOtherIncomeExpenseNet": -4961000, "ebit": -5941000, "interestExpense": -4961000, "incomeBeforeTax": -10902000, "incomeTaxExpense": -7320000, "minorityInterest": {}, "netIncomeFromContinuingOps": -3582000, "discontinuedOperations": {}, "extraordinaryItems": {}, "effectOfAccountingCharges": {}, "otherItems": {}, "netIncome": -3582000, "netIncomeApplicableToCommonShares": -3582000}, {"maxAge": 1, "endDate": "2018-06-30", "totalRevenue": 56680000, "costOfRevenue": 42411000, "grossProfit": 14269000, "researchDevelopment": {}, "sellingGeneralAdministrative": 3536000, "nonRecurring": {}, "otherOperatingExpenses": 8865000, "totalOperatingExpenses": 57324000, "operatingIncome": -644000, "totalOtherIncomeExpenseNet": -3780000, "ebit": -644000, "interestExpense": -3781000, "incomeBeforeTax": -4424000, "incomeTaxExpense": -358000, "minorityInterest": {}, "netIncomeFromContinuingOps": -4066000, "discontinuedOperations": {}, "extraordinaryItems": {}, "effectOfAccountingCharges": {}, "otherItems": {}, "netIncome": -4065000, "netIncomeApplicableToCommonShares": -4065000}], "maxAge": 86400}, "cashflowStatementHistoryQuarterly": {"cashflowStatements": [{"maxAge": 1, "endDate": "2019-06-30", "netIncome": -750000, "changeToLiabilities": 0}, {"maxAge": 1, "endDate": "2019-03-31", "netIncome": -27364034, "changeToLiabilities": 0}, {"maxAge": 1, "endDate": "2018-12-31", "netIncome": -3582000, "changeToLiabilities": 0}, {"maxAge": 1, "endDate": "2018-06-30", "netIncome": -4065000, "changeToLiabilities": 0}], "maxAge": 86400}, "insiderHolders": {"holders": [{"maxAge": 1, "name": "PCM Power Generation Pvt. Ltd.", "relation": "Institution- Corporation", "url": "", "transactionDescription": "Other", "latestTransDate": "2018-11-22", "positionDirect": 2613760, "positionDirectDate": "2018-11-22"}, {"maxAge": 1, "name": "Ram (Sadhu Sharma)", "relation": "UNREPORTED", "url": "", "transactionDescription": "Acquisition", "latestTransDate": "2015-01-08", "positionDirect": 16000, "positionDirectDate": "2015-01-08"}, {"maxAge": 1, "name": "Sharma (Santosh)", "relation": "Promoter", "url": "", "transactionDescription": "Acquisition", "latestTransDate": "2015-05-05", "positionDirect": 32000, "positionDirectDate": "2015-05-05"}, {"maxAge": 1, "name": "Shridhar (Sachin)", "relation": "Promoter", "url": "", "transactionDescription": "Other", "latestTransDate": "2018-11-22", "positionDirect": 0, "positionDirectDate": "2018-11-22"}, {"maxAge": 1, "name": "Starlit Infrastructure Ltd", "relation": "Promoter", "url": "", "transactionDescription": "Other", "latestTransDate": "2018-10-30", "positionDirect": 289541, "positionDirectDate": "2018-10-30"}], "maxAge": 1}, "calendarEvents": {"maxAge": 1, "earnings": {"earningsDate": []}}, "upgradeDowngradeHistory": {"history": [], "maxAge": 86400}, "price": {"maxAge": 1, "regularMarketChangePercent": 0.0, "regularMarketChange": 0.0, "regularMarketTime": "2021-04-08 14:26:20", "priceHint": 2, "regularMarketPrice": 13.3, "regularMarketDayHigh": 13.3, "regularMarketDayLow": 13.3, "regularMarketVolume": 121, "averageDailyVolume10Day": 135, "averageDailyVolume3Month": 3830, "regularMarketPreviousClose": 13.3, "regularMarketSource": "FREE_REALTIME", "regularMarketOpen": 13.3, "exchange": "BSE", "exchangeName": "BSE", "exchangeDataDelayedBy": 0, "marketState": "CLOSED", "quoteType": "EQUITY", "symbol": "STARLIT.BO", "underlyingSymbol": null, "shortName": "Starlit Power Systems Limited", "longName": "Starlit Power Systems Limited", "currency": "INR", "quoteSourceName": "Delayed Quote", "currencySymbol": "\u20b9", "fromCurrency": null, "lastMarket": null, "marketCap": 133863168}, "balanceSheetHistory": {"balanceSheetStatements": [{"maxAge": 1, "endDate": "2020-03-31", "cash": 333112, "netReceivables": 31755735, "inventory": 53401694, "totalCurrentAssets": 85490541, "propertyPlantEquipment": 179109470, "intangibleAssets": 85088, "otherAssets": 83523959, "deferredLongTermAssetCharges": 74095679, "totalAssets": 348209058, "accountsPayable": 75496191, "otherCurrentLiab": 2401864, "longTermDebt": 324524843, "totalCurrentLiabilities": 102176092, "totalLiab": 426700935, "commonStock": 100648660, "retainedEarnings": -233272092, "capitalSurplus": 54131557, "totalStockholderEquity": -78491875, "netTangibleAssets": -78576963}, {"maxAge": 1, "endDate": "2019-03-31", "cash": 1434527, "netReceivables": 57429983, "inventory": 38839172, "otherCurrentAssets": 1726039, "totalCurrentAssets": 99517312, "longTermInvestments": 1000000, "propertyPlantEquipment": 187552260, "intangibleAssets": 72581, "otherAssets": 52819479, "deferredLongTermAssetCharges": 48207879, "totalAssets": 340961632, "accountsPayable": 75720831, "otherCurrentLiab": 7241696, "longTermDebt": 298269753, "totalCurrentLiabilities": 104149213, "totalLiab": 402418966, "commonStock": 100648660, "retainedEarnings": -216237551, "capitalSurplus": 54131557, "totalStockholderEquity": -61457334, "netTangibleAssets": -61529915}, {"maxAge": 1, "endDate": "2018-03-31", "cash": 5478702, "netReceivables": 56913242, "inventory": 37404767, "otherCurrentAssets": 1082370, "totalCurrentAssets": 100879081, "propertyPlantEquipment": 196838156, "goodWill": 194536, "intangibleAssets": 110448, "otherAssets": 42083562, "deferredLongTermAssetCharges": 37361486, "totalAssets": 340105783, "accountsPayable": 55505752, "otherCurrentLiab": 5863842, "longTermDebt": 289225899, "totalCurrentLiabilities": 80976616, "totalLiab": 370202515, "commonStock": 100648660, "retainedEarnings": -184876948, "capitalSurplus": 54131557, "totalStockholderEquity": -30096731, "netTangibleAssets": -30401715}, {"maxAge": 1, "endDate": "2017-03-31", "cash": 1027715, "netReceivables": 43059087, "inventory": 25189496, "otherCurrentAssets": 15578953, "totalCurrentAssets": 84855251, "propertyPlantEquipment": 218132774, "goodWill": 194536, "intangibleAssets": 209557, "otherAssets": 57572827, "deferredLongTermAssetCharges": 52595521, "totalAssets": 360964945, "accountsPayable": 77083524, "otherCurrentLiab": 5313439, "longTermDebt": 97189810, "totalCurrentLiabilities": 236411146, "totalLiab": 333600956, "commonStock": 100648660, "retainedEarnings": -127416228, "capitalSurplus": 54131557, "totalStockholderEquity": 27363989, "netTangibleAssets": 26959896}], "maxAge": 86400}, "financialData": {"maxAge": 86400, "currentPrice": 13.3, "recommendationKey": "none", "grossProfits": 17581823, "financialCurrency": "INR"}}}