{"STCINDIA.BO": {"cashflowStatementHistory": {"cashflowStatements": [{"maxAge": 1, "endDate": "2020-03-31", "netIncome": -1140900000, "depreciation": 155100000, "changeToNetincome": -947000000, "changeToAccountReceivables": -869100000, "changeToLiabilities": -1689500000, "changeToInventory": -600000, "totalCashFromOperatingActivities": -4492000000, "capitalExpenditures": -1400000, "investments": 3066600000, "otherCashflowsFromInvestingActivities": 280600000, "totalCashflowsFromInvestingActivities": 3759100000, "netBorrowings": -2000000000, "totalCashFromFinancingActivities": -2000000000, "changeInCash": -2732900000}, {"maxAge": 1, "endDate": "2019-03-31", "netIncome": -8830200000, "depreciation": 153800000, "changeToNetincome": 6898700000, "changeToAccountReceivables": 15875700000, "changeToLiabilities": -391600000, "changeToInventory": 900000, "totalCashFromOperatingActivities": 13708100000, "capitalExpenditures": -6500000, "investments": 3066600000, "otherCashflowsFromInvestingActivities": -148900000, "totalCashflowsFromInvestingActivities": 266300000, "netBorrowings": -7453400000, "otherCashflowsFromFinancingActivities": -1554900000, "totalCashFromFinancingActivities": -9008300000, "changeInCash": 4966100000}, {"maxAge": 1, "endDate": "2018-03-31", "netIncome": -6180000000, "depreciation": 166400000, "changeToNetincome": 7749600000, "changeToAccountReceivables": -1277800000, "changeToLiabilities": 1641600000, "changeToInventory": 394600000, "changeToOperatingActivities": -423300000, "totalCashFromOperatingActivities": 2071400000, "capitalExpenditures": -16100000, "investments": 3066600000, "otherCashflowsFromInvestingActivities": 11200000, "totalCashflowsFromInvestingActivities": 357400000, "netBorrowings": -504200000, "otherCashflowsFromFinancingActivities": -1786800000, "totalCashFromFinancingActivities": -2291000000, "changeInCash": 137800000}, {"maxAge": 1, "endDate": "2017-03-31", "netIncome": -7285100000, "depreciation": 163500000, "changeToNetincome": 7964900000, "changeToAccountReceivables": 4052700000, "changeToLiabilities": -3812700000, "changeToInventory": -392900000, "changeToOperatingActivities": 22400000, "totalCashFromOperatingActivities": 712900000, "capitalExpenditures": -15700000, "investments": 5400000, "otherCashflowsFromInvestingActivities": 5400000, "totalCashflowsFromInvestingActivities": 329800000, "netBorrowings": 514000000, "otherCashflowsFromFinancingActivities": -1573500000, "totalCashFromFinancingActivities": -1059500000, "changeInCash": -16800000}], "maxAge": 86400}, "institutionOwnership": {"ownershipList": [], "maxAge": 1}, "balanceSheetHistoryQuarterly": {"balanceSheetStatements": [{"maxAge": 1, "endDate": "2020-06-30", "totalStockholderEquity": -46265900000, "netTangibleAssets": -46266000000}, {"maxAge": 1, "endDate": "2020-03-31", "cash": 495400000, "netReceivables": 4022400000, "inventory": 2200000, "otherCurrentAssets": 397800000, "totalCurrentAssets": 4917800000, "longTermInvestments": 547800000, "propertyPlantEquipment": 5844700000, "intangibleAssets": 100000, "otherAssets": 13682500000, "deferredLongTermAssetCharges": 864900000, "totalAssets": 24992900000, "accountsPayable": 1983000000, "otherCurrentLiab": 37919900000, "longTermDebt": 11827200000, "otherLiab": 11466400000, "totalCurrentLiabilities": 47965200000, "totalLiab": 71258800000, "commonStock": 600000000, "treasuryStock": -46865900000, "otherStockholderEquity": -46865900000, "totalStockholderEquity": -46265900000, "netTangibleAssets": -46266000000}, {"maxAge": 1, "endDate": "2019-12-31", "totalStockholderEquity": -46144000000, "netTangibleAssets": -46144200000}, {"maxAge": 1, "endDate": "2019-09-30", "cash": 800000000, "netReceivables": 3928000000, "inventory": 1200000, "otherCurrentAssets": 395200000, "totalCurrentAssets": 5124400000, "longTermInvestments": 207200000, "propertyPlantEquipment": 5932600000, "intangibleAssets": 200000, "otherAssets": 13702300000, "deferredLongTermAssetCharges": 864900000, "totalAssets": 24966700000, "accountsPayable": 1551300000, "otherCurrentLiab": 39226200000, "otherLiab": 11425300000, "totalCurrentLiabilities": 59685400000, "totalLiab": 71110700000, "commonStock": 600000000, "treasuryStock": -46744000000, "otherStockholderEquity": -46744000000, "totalStockholderEquity": -46144000000, "netTangibleAssets": -46144200000}], "maxAge": 86400}, "indexTrend": {"maxAge": 1, "symbol": "SP5", "peRatio": 19.7411, "pegRatio": 1.34172, "estimates": [{"period": "0q", "growth": 0.549}, {"period": "+1q", "growth": 0.431}, {"period": "0y", "growth": 0.305}, {"period": "+1y", "growth": 0.109}, {"period": "+5y", "growth": 0.120865}, {"period": "-5y"}]}, "insiderTransactions": {"transactions": [{"maxAge": 1, "shares": 613600, "filerUrl": "", "transactionText": "", "filerName": "President of India", "filerRelation": "Promoter", "moneyText": "", "startDate": "2013-08-02", "ownership": "D"}], "maxAge": 1}, "quoteType": {"exchange": "BSE", "quoteType": "EQUITY", "symbol": "STCINDIA.BO", "underlyingSymbol": "STCINDIA.BO", "shortName": "STATE TRADING CORPORATION OF I", "longName": "The State Trading Corporation of India Ltd.", "firstTradeDateEpochUtc": "2001-08-31 09:15:00", "timeZoneFullName": "Asia/Kolkata", "timeZoneShortName": "IST", "uuid": "ac49af84-b170-37c0-a7ba-cc25e2f93ade", "gmtOffSetMilliseconds": 19800000, "maxAge": 1}, "incomeStatementHistory": {"incomeStatementHistory": [{"maxAge": 1, "endDate": "2020-03-31", "totalRevenue": 29367400000, "costOfRevenue": 29269600000, "grossProfit": 97800000, "researchDevelopment": {}, "sellingGeneralAdministrative": 824400000, "nonRecurring": {}, "otherOperatingExpenses": 227500000, "totalOperatingExpenses": 30476500000, "operatingIncome": -1109100000, "totalOtherIncomeExpenseNet": -31800000, "ebit": -1109100000, "interestExpense": -72700000, "incomeBeforeTax": -1140900000, "incomeTaxExpense": 0, "minorityInterest": {}, "netIncomeFromContinuingOps": -1140900000, "discontinuedOperations": {}, "extraordinaryItems": {}, "effectOfAccountingCharges": {}, "otherItems": {}, "netIncome": -1140900000, "netIncomeApplicableToCommonShares": -1140900000}, {"maxAge": 1, "endDate": "2019-03-31", "totalRevenue": 89034400000, "costOfRevenue": 81976300000, "grossProfit": 7058100000, "researchDevelopment": {}, "sellingGeneralAdministrative": 843800000, "nonRecurring": {}, "otherOperatingExpenses": 6819400000, "totalOperatingExpenses": 89792100000, "operatingIncome": -757700000, "totalOtherIncomeExpenseNet": -8232900000, "ebit": -757700000, "interestExpense": -1555000000, "incomeBeforeTax": -8990600000, "incomeTaxExpense": -160400000, "minorityInterest": {}, "netIncomeFromContinuingOps": -8830200000, "discontinuedOperations": {}, "extraordinaryItems": {}, "effectOfAccountingCharges": {}, "otherItems": {}, "netIncome": -8830200000, "netIncomeApplicableToCommonShares": -8830200000}, {"maxAge": 1, "endDate": "2018-03-31", "totalRevenue": 108657100000, "costOfRevenue": 99715400000, "grossProfit": 8941700000, "researchDevelopment": {}, "sellingGeneralAdministrative": 1116600000, "nonRecurring": {}, "otherOperatingExpenses": 8575300000, "totalOperatingExpenses": 109572300000, "operatingIncome": -915200000, "totalOtherIncomeExpenseNet": -5317500000, "ebit": -915200000, "interestExpense": -8338000000, "incomeBeforeTax": -6232700000, "incomeTaxExpense": -52700000, "minorityInterest": {}, "netIncomeFromContinuingOps": -6180000000, "discontinuedOperations": {}, "extraordinaryItems": {}, "effectOfAccountingCharges": {}, "otherItems": {}, "netIncome": -6180000000, "netIncomeApplicableToCommonShares": -6180000000}, {"maxAge": 1, "endDate": "2017-03-31", "totalRevenue": 78144900000, "costOfRevenue": 73800600000, "grossProfit": 4344300000, "researchDevelopment": {}, "sellingGeneralAdministrative": 1139000000, "nonRecurring": {}, "otherOperatingExpenses": 3921000000, "totalOperatingExpenses": 79022100000, "operatingIncome": -877200000, "totalOtherIncomeExpenseNet": -6239400000, "ebit": -877200000, "interestExpense": -7183800000, "incomeBeforeTax": -7116600000, "incomeTaxExpense": 168500000, "minorityInterest": {}, "netIncomeFromContinuingOps": -7285100000, "discontinuedOperations": {}, "extraordinaryItems": {}, "effectOfAccountingCharges": {}, "otherItems": {}, "netIncome": -7285100000, "netIncomeApplicableToCommonShares": -7285100000}], "maxAge": 86400}, "fundOwnership": {"ownershipList": [], "maxAge": 1}, "summaryDetail": {"maxAge": 1, "priceHint": 2, "previousClose": 77.45, "open": 78.5, "dayLow": 77.55, "dayHigh": 80.25, "regularMarketPreviousClose": 77.45, "regularMarketOpen": 78.5, "regularMarketDayLow": 77.55, "regularMarketDayHigh": 80.25, "volume": 2520, "regularMarketVolume": 2520, "averageVolume": 13487, "averageVolume10days": 2609, "averageDailyVolume10Day": 2609, "bid": 77.25, "ask": 79.25, "bidSize": 0, "askSize": 0, "marketCap": 4680000000, "fiftyTwoWeekLow": 28.25, "fiftyTwoWeekHigh": 87.3, "fiftyDayAverage": 78.88788, "twoHundredDayAverage": 63.347794, "currency": "INR", "fromCurrency": null, "lastMarket": null, "algorithm": null, "tradeable": false}, "incomeStatementHistoryQuarterly": {"incomeStatementHistory": [{"maxAge": 1, "endDate": "2020-06-30", "totalRevenue": 1951900000, "costOfRevenue": 1930000000, "grossProfit": 21900000, "researchDevelopment": {}, "sellingGeneralAdministrative": 156500000, "nonRecurring": {}, "otherOperatingExpenses": 35200000, "totalOperatingExpenses": 2159800000, "operatingIncome": -207900000, "totalOtherIncomeExpenseNet": 138700000, "ebit": -207900000, "interestExpense": -5000000, "incomeBeforeTax": -69200000, "incomeTaxExpense": 0, "minorityInterest": {}, "netIncomeFromContinuingOps": -69200000, "discontinuedOperations": {}, "extraordinaryItems": {}, "effectOfAccountingCharges": {}, "otherItems": {}, "netIncome": -69200000, "netIncomeApplicableToCommonShares": -69200000}, {"maxAge": 1, "endDate": "2020-03-31", "totalRevenue": 2043900000, "costOfRevenue": 2030100000, "grossProfit": 13800000, "researchDevelopment": {}, "sellingGeneralAdministrative": 177500000, "nonRecurring": {}, "otherOperatingExpenses": 63600000, "totalOperatingExpenses": 2330200000, "operatingIncome": -286300000, "totalOtherIncomeExpenseNet": 219100000, "ebit": -286300000, "interestExpense": -5000000, "incomeBeforeTax": -67200000, "incomeTaxExpense": 0, "minorityInterest": {}, "netIncomeFromContinuingOps": -67200000, "discontinuedOperations": {}, "extraordinaryItems": {}, "effectOfAccountingCharges": {}, "otherItems": {}, "netIncome": -67200000, "netIncomeApplicableToCommonShares": -67200000}, {"maxAge": 1, "endDate": "2019-12-31", "totalRevenue": 3150500000, "costOfRevenue": 3120200000, "grossProfit": 30300000, "researchDevelopment": {}, "sellingGeneralAdministrative": 177100000, "nonRecurring": {}, "otherOperatingExpenses": 54100000, "totalOperatingExpenses": 3380000000, "operatingIncome": -229500000, "totalOtherIncomeExpenseNet": 166800000, "ebit": -229500000, "interestExpense": -4900000, "incomeBeforeTax": -62700000, "incomeTaxExpense": 0, "minorityInterest": {}, "netIncomeFromContinuingOps": -62700000, "discontinuedOperations": {}, "extraordinaryItems": {}, "effectOfAccountingCharges": {}, "otherItems": {}, "netIncome": -62700000, "netIncomeApplicableToCommonShares": -62700000}, {"maxAge": 1, "endDate": "2019-09-30", "totalRevenue": 1567100000, "costOfRevenue": 1540000000, "grossProfit": 27100000, "researchDevelopment": {}, "sellingGeneralAdministrative": 257800000, "nonRecurring": {}, "otherOperatingExpenses": 56800000, "totalOperatingExpenses": 1883000000, "operatingIncome": -315900000, "totalOtherIncomeExpenseNet": 252700000, "ebit": -315900000, "interestExpense": -33100000, "incomeBeforeTax": -63200000, "incomeTaxExpense": 0, "minorityInterest": {}, "netIncomeFromContinuingOps": -63200000, "discontinuedOperations": {}, "extraordinaryItems": {}, "effectOfAccountingCharges": {}, "otherItems": {}, "netIncome": -63200000, "netIncomeApplicableToCommonShares": -63200000}], "maxAge": 86400}, "cashflowStatementHistoryQuarterly": {"cashflowStatements": [{"maxAge": 1, "endDate": "2020-06-30", "netIncome": -69200000, "changeToLiabilities": 0}, {"maxAge": 1, "endDate": "2020-03-31", "netIncome": -67200000, "changeToLiabilities": 0}, {"maxAge": 1, "endDate": "2019-12-31", "netIncome": -62700000, "changeToLiabilities": 0}, {"maxAge": 1, "endDate": "2019-09-30", "netIncome": -63200000, "changeToLiabilities": 0}], "maxAge": 86400}, "insiderHolders": {"holders": [{"maxAge": 1, "name": "President of India", "relation": "Promoter", "url": "", "transactionDescription": "Sale", "latestTransDate": "2013-08-02", "positionDirect": 54000000, "positionDirectDate": "2013-08-02"}], "maxAge": 1}, "calendarEvents": {"maxAge": 1, "earnings": {"earningsDate": []}}, "upgradeDowngradeHistory": {"history": [], "maxAge": 86400}, "price": {"maxAge": 1, "regularMarketChangePercent": 0.007101395, "regularMarketChange": 0.55000305, "regularMarketTime": "2021-04-30 15:28:10", "priceHint": 2, "regularMarketPrice": 78.0, "regularMarketDayHigh": 80.25, "regularMarketDayLow": 77.55, "regularMarketVolume": 2520, "averageDailyVolume10Day": 2609, "averageDailyVolume3Month": 13487, "regularMarketPreviousClose": 77.45, "regularMarketSource": "FREE_REALTIME", "regularMarketOpen": 78.5, "exchange": "BSE", "exchangeName": "BSE", "exchangeDataDelayedBy": 0, "marketState": "CLOSED", "quoteType": "EQUITY", "symbol": "STCINDIA.BO", "underlyingSymbol": null, "shortName": "STATE TRADING CORPORATION OF I", "longName": "The State Trading Corporation of India Ltd.", "currency": "INR", "quoteSourceName": "Delayed Quote", "currencySymbol": "\u20b9", "fromCurrency": null, "lastMarket": null, "marketCap": 4680000000}, "balanceSheetHistory": {"balanceSheetStatements": [{"maxAge": 1, "endDate": "2020-03-31", "cash": 495400000, "netReceivables": 4022400000, "inventory": 2200000, "otherCurrentAssets": 397800000, "totalCurrentAssets": 4917800000, "longTermInvestments": 547800000, "propertyPlantEquipment": 5844700000, "intangibleAssets": 100000, "otherAssets": 13682500000, "deferredLongTermAssetCharges": 864900000, "totalAssets": 24992900000, "accountsPayable": 1983000000, "otherCurrentLiab": 37919900000, "longTermDebt": 11827200000, "otherLiab": 11466400000, "totalCurrentLiabilities": 47965200000, "totalLiab": 71258800000, "commonStock": 600000000, "treasuryStock": -46865900000, "otherStockholderEquity": -46865900000, "totalStockholderEquity": -46265900000, "netTangibleAssets": -46266000000}, {"maxAge": 1, "endDate": "2019-03-31", "cash": 1241200000, "shortTermInvestments": 24400000, "netReceivables": 6525600000, "inventory": 1600000, "otherCurrentAssets": 359000000, "totalCurrentAssets": 8156200000, "longTermInvestments": 102900000, "propertyPlantEquipment": 5967700000, "intangibleAssets": 200000, "otherAssets": 13850200000, "deferredLongTermAssetCharges": 864900000, "totalAssets": 28077200000, "accountsPayable": 3163300000, "shortLongTermDebt": 994000000, "otherCurrentLiab": 2512900000, "otherLiab": 11458700000, "deferredLongTermLiab": 17800000, "totalCurrentLiabilities": 61751100000, "totalLiab": 73209800000, "commonStock": 600000000, "retainedEarnings": -54682200000, "treasuryStock": 8949600000, "otherStockholderEquity": 8949600000, "totalStockholderEquity": -45132600000, "netTangibleAssets": -45132800000}, {"maxAge": 1, "endDate": "2018-03-31", "cash": 992000000, "shortTermInvestments": 1200000, "netReceivables": 22794300000, "inventory": 2500000, "otherCurrentAssets": 333900000, "totalCurrentAssets": 24127600000, "longTermInvestments": 431500000, "propertyPlantEquipment": 6071300000, "intangibleAssets": 1000000, "otherAssets": 13796400000, "deferredLongTermAssetCharges": 736700000, "totalAssets": 44427800000, "accountsPayable": 3247700000, "shortLongTermDebt": 1512800000, "otherCurrentLiab": 2401400000, "otherLiab": 11501600000, "deferredLongTermLiab": 23200000, "totalCurrentLiabilities": 69244800000, "totalLiab": 80746400000, "commonStock": 600000000, "retainedEarnings": -45868200000, "treasuryStock": 8949600000, "otherStockholderEquity": 8949600000, "totalStockholderEquity": -36318600000, "netTangibleAssets": -36319600000}, {"maxAge": 1, "endDate": "2017-03-31", "cash": 72700000, "shortTermInvestments": 2000000, "netReceivables": 21449200000, "inventory": 397100000, "otherCurrentAssets": 555400000, "totalCurrentAssets": 22508700000, "longTermInvestments": 105800000, "propertyPlantEquipment": 6218900000, "intangibleAssets": 200000, "otherAssets": 14062200000, "deferredLongTermAssetCharges": 770200000, "totalAssets": 42895800000, "accountsPayable": 2925100000, "shortLongTermDebt": 200000000, "otherCurrentLiab": 2164000000, "longTermDebt": 1462800000, "otherLiab": 11540800000, "deferredLongTermLiab": 24900000, "totalCurrentLiabilities": 60048900000, "totalLiab": 73052500000, "commonStock": 600000000, "retainedEarnings": -39706300000, "treasuryStock": 8949600000, "otherStockholderEquity": 8949600000, "totalStockholderEquity": -30156700000, "netTangibleAssets": -30156900000}], "maxAge": 86400}, "financialData": {"maxAge": 86400, "currentPrice": 78.0, "recommendationKey": "none", "grossProfits": 97800000, "financialCurrency": "INR"}}}