{"STCINDIA.NS": {"assetProfile": {"address1": "Jawahar Vyapar Bhawan", "address2": "Tolstoy Marg", "city": "New Delhi", "zip": "110001", "country": "India", "phone": "91 11 2331 3177", "fax": "91 11 2370 1123", "website": "http://www.stclimited.co.in", "industry": "Conglomerates", "sector": "Industrials", "longBusinessSummary": "The State Trading Corporation of India Ltd., together with its subsidiary STCL Limited, engages in the trading business worldwide. The company exports various products, including wheat, rice, tea, coffee, cashew, extractions, castor oil/seed, sugar, spices, jute goods, iron ore, chemicals, pharmaceuticals, light engineering goods, construction materials, consumer goods, processed foods, textiles, garments, jewelry, leather ware, etc. It also imports gold, silver, and other precious metals; hydro-carbons; mineral and metal ores, such as manganese ore and iron ore; petro-chemicals; and steam and hard coking coal, and lam and met coke. In addition, the company imports fertilizers; medical, police and security, intelligence/surveillance, firefighting, avionics, laboratory, tourism, sports, snow clearance, agricultural, and multimedia equipment; and ballistic and engineering items. Further, it acts as a nodal agency to monitor counter trade commitments; and provides a Web-based e-portal for online monitoring of the offsets program. The company was founded in 1956 and is based in New Delhi, India.", "fullTimeEmployees": 345, "companyOfficers": [{"maxAge": 1, "name": "Mr. Sanjeev Kumar Sharma", "age": 58, "title": "Chairman, MD and Director of Personnel, Admin. & Legal", "yearBorn": 1962, "fiscalYear": 2020, "totalPay": 5406000, "exercisedValue": 0, "unexercisedValue": 0}, {"maxAge": 1, "name": "Ms. Rooma  Nagrath", "age": 58, "title": "Gen. Mang. of Fin., Accounts & Insurance", "yearBorn": 1962, "fiscalYear": 2020, "totalPay": 3115365, "exercisedValue": 0, "unexercisedValue": 0}, {"maxAge": 1, "name": "Mr. Vipin Kumar Tripathi", "age": 34, "title": "Company Sec. & Compliance Officer", "yearBorn": 1986, "fiscalYear": 2020, "totalPay": 1074481, "exercisedValue": 0, "unexercisedValue": 0}, {"maxAge": 1, "name": "Mr. N. A. Nainar Jeyakumar", "age": 58, "title": "Director of Marketing & Additional Director", "yearBorn": 1962, "fiscalYear": 2020, "totalPay": 3464000, "exercisedValue": 0, "unexercisedValue": 0}, {"maxAge": 1, "name": "Mr. B. R. Dhawan", "title": "Chief Gen. Mang. of Fin.", "exercisedValue": 0, "unexercisedValue": 0}, {"maxAge": 1, "name": "B. B. Saha", "title": "Chief Gen. Mang.", "exercisedValue": 0, "unexercisedValue": 0}, {"maxAge": 1, "name": "Mr. D. P. Mishra", "title": "Chief Gen. Mang.", "exercisedValue": 0, "unexercisedValue": 0}, {"maxAge": 1, "name": "Gulab Chandra Rai", "title": "Chief Vigilance Officer", "exercisedValue": 0, "unexercisedValue": 0}, {"maxAge": 1, "name": "Mr. Kapil Kumar Gupta", "age": 51, "title": "Director of Fin. & Director", "yearBorn": 1969, "exercisedValue": 0, "unexercisedValue": 0}, {"maxAge": 1, "name": "Mr. H. P. Girish", "title": "Managing Director of STCL Limited", "exercisedValue": 0, "unexercisedValue": 0}], "compensationAsOfEpochDate": "2020-12-31 05:30:00", "maxAge": 86400}, "cashflowStatementHistory": {"cashflowStatements": [{"maxAge": 1, "endDate": "2020-03-31", "netIncome": -1140900000, "depreciation": 155000000, "changeToNetincome": -947000000, "changeToAccountReceivables": -869100000, "changeToLiabilities": -1689500000, "changeToInventory": -600000, "totalCashFromOperatingActivities": -4492000000, "capitalExpenditures": -1400000, "investments": 3066600000, "otherCashflowsFromInvestingActivities": 280600000, "totalCashflowsFromInvestingActivities": 3759100000, "netBorrowings": -2000000000, "totalCashFromFinancingActivities": -2000000000, "changeInCash": -2732900000}, {"maxAge": 1, "endDate": "2019-03-31", "netIncome": -8830200000, "depreciation": 153800000, "changeToNetincome": 6898700000, "changeToAccountReceivables": 15875700000, "changeToLiabilities": -391600000, "changeToInventory": 900000, "totalCashFromOperatingActivities": 13708100000, "capitalExpenditures": -6500000, "investments": -327300000, "otherCashflowsFromInvestingActivities": 178400000, "totalCashflowsFromInvestingActivities": 266300000, "netBorrowings": -7453400000, "otherCashflowsFromFinancingActivities": -1554900000, "totalCashFromFinancingActivities": -9008300000, "changeInCash": 4966100000}, {"maxAge": 1, "endDate": "2018-03-31", "netIncome": -6180000000, "depreciation": 166400000, "changeToNetincome": 7749600000, "changeToAccountReceivables": -1277800000, "changeToLiabilities": 1641600000, "changeToInventory": 394600000, "changeToOperatingActivities": -423300000, "totalCashFromOperatingActivities": 2071400000, "capitalExpenditures": -16100000, "investments": -327300000, "otherCashflowsFromInvestingActivities": 11200000, "totalCashflowsFromInvestingActivities": 357400000, "netBorrowings": -504200000, "otherCashflowsFromFinancingActivities": -1786800000, "totalCashFromFinancingActivities": -2291000000, "changeInCash": 137800000}, {"maxAge": 1, "endDate": "2017-03-31", "netIncome": -7285100000, "depreciation": 163500000, "changeToNetincome": 7964900000, "changeToAccountReceivables": 4052700000, "changeToLiabilities": -3812700000, "changeToInventory": -392900000, "changeToOperatingActivities": 22400000, "totalCashFromOperatingActivities": 712900000, "capitalExpenditures": -15700000, "investments": 5400000, "otherCashflowsFromInvestingActivities": 5400000, "totalCashflowsFromInvestingActivities": 329800000, "netBorrowings": 514000000, "otherCashflowsFromFinancingActivities": -1573500000, "totalCashFromFinancingActivities": -1059500000, "changeInCash": -16800000}], "maxAge": 86400}, "institutionOwnership": {"ownershipList": [], "maxAge": 1}, "majorHoldersBreakdown": {"maxAge": 1, "insidersPercentHeld": 0.9, "institutionsPercentHeld": 0.0, "institutionsFloatPercentHeld": 0.0, "institutionsCount": 0}, "balanceSheetHistoryQuarterly": {"balanceSheetStatements": [{"maxAge": 1, "endDate": "2020-12-31", "totalStockholderEquity": -46456900000, "netTangibleAssets": -46457000000}, {"maxAge": 1, "endDate": "2020-09-30", "cash": 875900000, "netReceivables": 3066700000, "inventory": 1100000, "otherCurrentAssets": 433900000, "totalCurrentAssets": 4377600000, "longTermInvestments": 568200000, "propertyPlantEquipment": 5792400000, "intangibleAssets": 100000, "otherAssets": 13639700000, "deferredLongTermAssetCharges": 864900000, "totalAssets": 24378000000, "accountsPayable": 1480200000, "otherCurrentLiab": 37612700000, "otherLiab": 11852500000, "totalCurrentLiabilities": 58982400000, "totalLiab": 70834900000, "commonStock": 600000000, "treasuryStock": -47056900000, "otherStockholderEquity": -47056900000, "totalStockholderEquity": -46456900000, "netTangibleAssets": -46457000000}, {"maxAge": 1, "endDate": "2020-06-30", "totalStockholderEquity": -46265900000, "netTangibleAssets": -46266000000}, {"maxAge": 1, "endDate": "2020-03-31", "cash": 261000000, "shortTermInvestments": 1949700000, "netReceivables": 2075300000, "inventory": 2200000, "otherCurrentAssets": 625100000, "totalCurrentAssets": 4917800000, "longTermInvestments": 113900000, "propertyPlantEquipment": 5844600000, "intangibleAssets": 100000, "otherAssets": 14116500000, "deferredLongTermAssetCharges": 864900000, "totalAssets": 24992900000, "accountsPayable": 3370800000, "otherCurrentLiab": 2521500000, "longTermDebt": 11827200000, "otherLiab": 11463600000, "deferredLongTermLiab": 15400000, "totalCurrentLiabilities": 47965200000, "totalLiab": 71258800000, "commonStock": 600000000, "retainedEarnings": -55859100000, "treasuryStock": 8993200000, "otherStockholderEquity": 8993200000, "totalStockholderEquity": -46265900000, "netTangibleAssets": -46266000000}], "maxAge": 86400}, "indexTrend": {"maxAge": 1, "symbol": "SP5", "peRatio": 19.7411, "pegRatio": 1.34172, "estimates": [{"period": "0q", "growth": 0.549}, {"period": "+1q", "growth": 0.431}, {"period": "0y", "growth": 0.305}, {"period": "+1y", "growth": 0.109}, {"period": "+5y", "growth": 0.120865}, {"period": "-5y"}]}, "defaultKeyStatistics": {"maxAge": 1, "priceHint": 2, "enterpriseValue": 23649259520, "profitMargins": -0.06406, "floatShares": 5817381, "sharesOutstanding": 60000000, "heldPercentInsiders": 0.9, "heldPercentInstitutions": 0.0, "beta": 0.830516, "category": null, "bookValue": -774.918, "fundFamily": null, "legalType": null, "lastFiscalYearEnd": "2020-03-31 05:30:00", "nextFiscalYearEnd": "2022-03-31 05:30:00", "mostRecentQuarter": "2020-12-31 05:30:00", "netIncomeToCommon": -289600000, "trailingEps": -4.828, "lastSplitFactor": "2:1", "lastSplitDate": "2008-03-19 05:30:00", "enterpriseToRevenue": 5.231, "enterpriseToEbitda": -43.219}, "summaryProfile": {"address1": "Jawahar Vyapar Bhawan", "address2": "Tolstoy Marg", "city": "New Delhi", "zip": "110001", "country": "India", "phone": "91 11 2331 3177", "fax": "91 11 2370 1123", "website": "http://www.stclimited.co.in", "industry": "Conglomerates", "sector": "Industrials", "longBusinessSummary": "The State Trading Corporation of India Ltd., together with its subsidiary STCL Limited, engages in the trading business worldwide. The company exports various products, including wheat, rice, tea, coffee, cashew, extractions, castor oil/seed, sugar, spices, jute goods, iron ore, chemicals, pharmaceuticals, light engineering goods, construction materials, consumer goods, processed foods, textiles, garments, jewelry, leather ware, etc. It also imports gold, silver, and other precious metals; hydro-carbons; mineral and metal ores, such as manganese ore and iron ore; petro-chemicals; and steam and hard coking coal, and lam and met coke. In addition, the company imports fertilizers; medical, police and security, intelligence/surveillance, firefighting, avionics, laboratory, tourism, sports, snow clearance, agricultural, and multimedia equipment; and ballistic and engineering items. Further, it acts as a nodal agency to monitor counter trade commitments; and provides a Web-based e-portal for online monitoring of the offsets program. The company was founded in 1956 and is based in New Delhi, India.", "fullTimeEmployees": 345, "companyOfficers": [], "maxAge": 86400}, "netSharePurchaseActivity": {"maxAge": 1, "period": "6m", "buyInfoCount": 0, "buyInfoShares": 0, "sellInfoCount": 0, "netInfoCount": 0, "netInfoShares": 0, "netPercentInsiderShares": 0.0, "totalInsiderShares": 53660376}, "insiderTransactions": {"transactions": [{"maxAge": 1, "shares": 613600, "filerUrl": "", "transactionText": "", "filerName": "President of India", "filerRelation": "Promoter", "moneyText": "", "startDate": "2013-08-02", "ownership": "D"}], "maxAge": 1}, "quoteType": {"exchange": "NSI", "quoteType": "EQUITY", "symbol": "STCINDIA.NS", "underlyingSymbol": "STCINDIA.NS", "shortName": "STATE TRD CORP IND", "longName": "The State Trading Corporation of India Ltd.", "firstTradeDateEpochUtc": "2003-04-01 09:15:00", "timeZoneFullName": "Asia/Kolkata", "timeZoneShortName": "IST", "uuid": "a95d1697-3edf-3a33-a603-57154d0ec6da", "gmtOffSetMilliseconds": 19800000, "maxAge": 1}, "incomeStatementHistory": {"incomeStatementHistory": [{"maxAge": 1, "endDate": "2020-03-31", "totalRevenue": 29367400000, "costOfRevenue": 29272300000, "grossProfit": 95100000, "researchDevelopment": {}, "sellingGeneralAdministrative": 836000000, "nonRecurring": {}, "otherOperatingExpenses": -237100000, "totalOperatingExpenses": 30025200000, "operatingIncome": -657800000, "totalOtherIncomeExpenseNet": -483100000, "ebit": -657800000, "interestExpense": {}, "incomeBeforeTax": -1140900000, "incomeTaxExpense": 0, "minorityInterest": {}, "netIncomeFromContinuingOps": -1140900000, "discontinuedOperations": {}, "extraordinaryItems": {}, "effectOfAccountingCharges": {}, "otherItems": {}, "netIncome": -1140900000, "netIncomeApplicableToCommonShares": -1140900000}, {"maxAge": 1, "endDate": "2019-03-31", "totalRevenue": 89034400000, "costOfRevenue": 88872800000, "grossProfit": 161600000, "researchDevelopment": {}, "sellingGeneralAdministrative": 1046700000, "nonRecurring": {}, "otherOperatingExpenses": -76200000, "totalOperatingExpenses": 89995900000, "operatingIncome": -961500000, "totalOtherIncomeExpenseNet": -8029100000, "ebit": -961500000, "interestExpense": -1554900000, "incomeBeforeTax": -8990600000, "incomeTaxExpense": -160400000, "minorityInterest": {}, "netIncomeFromContinuingOps": -8830200000, "discontinuedOperations": {}, "extraordinaryItems": {}, "effectOfAccountingCharges": {}, "otherItems": {}, "netIncome": -8830200000, "netIncomeApplicableToCommonShares": -8830200000}, {"maxAge": 1, "endDate": "2018-03-31", "totalRevenue": 108657100000, "costOfRevenue": 99715400000, "grossProfit": 8941700000, "researchDevelopment": {}, "sellingGeneralAdministrative": 1116600000, "nonRecurring": {}, "otherOperatingExpenses": 8575300000, "totalOperatingExpenses": 109572300000, "operatingIncome": -915200000, "totalOtherIncomeExpenseNet": -5317500000, "ebit": -915200000, "interestExpense": -8338000000, "incomeBeforeTax": -6232700000, "incomeTaxExpense": -52700000, "minorityInterest": {}, "netIncomeFromContinuingOps": -6180000000, "discontinuedOperations": {}, "extraordinaryItems": {}, "effectOfAccountingCharges": {}, "otherItems": {}, "netIncome": -6180000000, "netIncomeApplicableToCommonShares": -6180000000}, {"maxAge": 1, "endDate": "2017-03-31", "totalRevenue": 78144900000, "costOfRevenue": 73800600000, "grossProfit": 4344300000, "researchDevelopment": {}, "sellingGeneralAdministrative": 1139000000, "nonRecurring": {}, "otherOperatingExpenses": 3921000000, "totalOperatingExpenses": 79022100000, "operatingIncome": -877200000, "totalOtherIncomeExpenseNet": -6239400000, "ebit": -877200000, "interestExpense": -7183800000, "incomeBeforeTax": -7116600000, "incomeTaxExpense": 168500000, "minorityInterest": {}, "netIncomeFromContinuingOps": -7285100000, "discontinuedOperations": {}, "extraordinaryItems": {}, "effectOfAccountingCharges": {}, "otherItems": {}, "netIncome": -7285100000, "netIncomeApplicableToCommonShares": -7285100000}], "maxAge": 86400}, "fundOwnership": {"ownershipList": [], "maxAge": 1}, "summaryDetail": {"maxAge": 1, "priceHint": 2, "previousClose": 77.75, "open": 77.9, "dayLow": 77.25, "dayHigh": 81.0, "regularMarketPreviousClose": 77.75, "regularMarketOpen": 77.9, "regularMarketDayLow": 77.25, "regularMarketDayHigh": 81.0, "exDividendDate": "2013-09-19 05:30:00", "payoutRatio": 0.0, "beta": 0.830516, "volume": 36150, "regularMarketVolume": 36150, "averageVolume": 108698, "averageVolume10days": 34622, "averageDailyVolume10Day": 34622, "bid": 0.0, "ask": 0.0, "bidSize": 0, "askSize": 0, "marketCap": 4688838656, "fiftyTwoWeekLow": 31.0, "fiftyTwoWeekHigh": 109.85, "priceToSalesTrailing12Months": 1.0371243, "fiftyDayAverage": 85.57206, "twoHundredDayAverage": 72.025536, "trailingAnnualDividendRate": 2.0, "trailingAnnualDividendYield": 0.025723472, "currency": "INR", "fromCurrency": null, "lastMarket": null, "algorithm": null, "tradeable": false}, "incomeStatementHistoryQuarterly": {"incomeStatementHistory": [{"maxAge": 1, "endDate": "2020-12-31", "totalRevenue": 147600000, "costOfRevenue": 120100000, "grossProfit": 27500000, "researchDevelopment": {}, "sellingGeneralAdministrative": 140900000, "nonRecurring": {}, "otherOperatingExpenses": -100100000, "totalOperatingExpenses": 197800000, "operatingIncome": -50200000, "totalOtherIncomeExpenseNet": 18600000, "ebit": -50200000, "interestExpense": -5000000, "incomeBeforeTax": -31600000, "incomeTaxExpense": 0, "minorityInterest": {}, "netIncomeFromContinuingOps": -31600000, "discontinuedOperations": {}, "extraordinaryItems": {}, "effectOfAccountingCharges": {}, "otherItems": {}, "netIncome": -31600000, "netIncomeApplicableToCommonShares": -31600000}, {"maxAge": 1, "endDate": "2020-09-30", "totalRevenue": 377600000, "costOfRevenue": 369500000, "grossProfit": 8100000, "researchDevelopment": {}, "sellingGeneralAdministrative": 198900000, "nonRecurring": {}, "otherOperatingExpenses": -110700000, "totalOperatingExpenses": 495900000, "operatingIncome": -118300000, "totalOtherIncomeExpenseNet": -3400000, "ebit": -118300000, "interestExpense": -5000000, "incomeBeforeTax": -121700000, "incomeTaxExpense": 0, "minorityInterest": {}, "netIncomeFromContinuingOps": -121700000, "discontinuedOperations": {}, "extraordinaryItems": {}, "effectOfAccountingCharges": {}, "otherItems": {}, "netIncome": -121700000, "netIncomeApplicableToCommonShares": -121700000}, {"maxAge": 1, "endDate": "2020-06-30", "totalRevenue": 1951900000, "costOfRevenue": 1930000000, "grossProfit": 21900000, "researchDevelopment": {}, "sellingGeneralAdministrative": 156500000, "nonRecurring": {}, "otherOperatingExpenses": -108300000, "totalOperatingExpenses": 2016300000, "operatingIncome": -64400000, "totalOtherIncomeExpenseNet": -4800000, "ebit": -64400000, "interestExpense": -5000000, "incomeBeforeTax": -69200000, "incomeTaxExpense": 0, "minorityInterest": {}, "netIncomeFromContinuingOps": -69200000, "discontinuedOperations": {}, "extraordinaryItems": {}, "effectOfAccountingCharges": {}, "otherItems": {}, "netIncome": -69200000, "netIncomeApplicableToCommonShares": -69200000}, {"maxAge": 1, "endDate": "2020-03-31", "totalRevenue": 2043900000, "costOfRevenue": 2032800000, "grossProfit": 11100000, "researchDevelopment": {}, "sellingGeneralAdministrative": 189100000, "nonRecurring": {}, "otherOperatingExpenses": 227300000, "totalOperatingExpenses": 2507100000, "operatingIncome": -463200000, "totalOtherIncomeExpenseNet": 396100000, "ebit": -463200000, "interestExpense": -5000000, "incomeBeforeTax": -67100000, "incomeTaxExpense": 0, "minorityInterest": {}, "netIncomeFromContinuingOps": -67100000, "discontinuedOperations": {}, "extraordinaryItems": {}, "effectOfAccountingCharges": {}, "otherItems": {}, "netIncome": -67100000, "netIncomeApplicableToCommonShares": -67100000}], "maxAge": 86400}, "cashflowStatementHistoryQuarterly": {"cashflowStatements": [{"maxAge": 1, "endDate": "2020-12-31", "netIncome": -31600000, "changeToLiabilities": 0}, {"maxAge": 1, "endDate": "2020-09-30", "netIncome": -121700000, "changeToLiabilities": 0}, {"maxAge": 1, "endDate": "2020-06-30", "netIncome": -69200000, "changeToLiabilities": 0}, {"maxAge": 1, "endDate": "2020-03-31", "netIncome": -67100000, "changeToLiabilities": 0}], "maxAge": 86400}, "insiderHolders": {"holders": [{"maxAge": 1, "name": "President of India", "relation": "Promoter", "url": "", "transactionDescription": "Sale", "latestTransDate": "2013-08-02", "positionDirect": 54000000, "positionDirectDate": "2013-08-02"}], "maxAge": 1}, "calendarEvents": {"maxAge": 1, "earnings": {"earningsDate": []}, "exDividendDate": "2013-09-19 05:30:00"}, "upgradeDowngradeHistory": {"history": [], "maxAge": 86400}, "price": {"maxAge": 1, "regularMarketChangePercent": 0.009003176, "regularMarketChange": 0.69999695, "regularMarketTime": "2021-04-30 15:29:29", "priceHint": 2, "regularMarketPrice": 78.45, "regularMarketDayHigh": 81.0, "regularMarketDayLow": 77.25, "regularMarketVolume": 36150, "averageDailyVolume10Day": 34622, "averageDailyVolume3Month": 108698, "regularMarketPreviousClose": 77.75, "regularMarketSource": "FREE_REALTIME", "regularMarketOpen": 77.9, "exchange": "NSI", "exchangeName": "NSE", "exchangeDataDelayedBy": 15, "marketState": "CLOSED", "quoteType": "EQUITY", "symbol": "STCINDIA.NS", "underlyingSymbol": null, "shortName": "STATE TRD CORP IND", "longName": "The State Trading Corporation of India Ltd.", "currency": "INR", "quoteSourceName": "Delayed Quote", "currencySymbol": "\u20b9", "fromCurrency": null, "lastMarket": null, "marketCap": 4688838656}, "balanceSheetHistory": {"balanceSheetStatements": [{"maxAge": 1, "endDate": "2020-03-31", "cash": 261000000, "shortTermInvestments": 1949700000, "netReceivables": 2075300000, "inventory": 2200000, "otherCurrentAssets": 625100000, "totalCurrentAssets": 4917800000, "longTermInvestments": 113900000, "propertyPlantEquipment": 5844600000, "intangibleAssets": 100000, "otherAssets": 14116500000, "deferredLongTermAssetCharges": 864900000, "totalAssets": 24992900000, "accountsPayable": 3370800000, "otherCurrentLiab": 2521500000, "longTermDebt": 11827200000, "otherLiab": 11463600000, "deferredLongTermLiab": 15400000, "totalCurrentLiabilities": 47965200000, "totalLiab": 71258800000, "commonStock": 600000000, "retainedEarnings": -55859100000, "treasuryStock": 8993200000, "otherStockholderEquity": 8993200000, "totalStockholderEquity": -46265900000, "netTangibleAssets": -46266000000}, {"maxAge": 1, "endDate": "2019-03-31", "cash": 1241200000, "shortTermInvestments": 5059000000, "netReceivables": 1419000000, "inventory": 1600000, "otherCurrentAssets": 443000000, "totalCurrentAssets": 8168200000, "longTermInvestments": 102900000, "propertyPlantEquipment": 5967600000, "intangibleAssets": 200000, "otherAssets": 13838300000, "deferredLongTermAssetCharges": 864900000, "totalAssets": 28077200000, "accountsPayable": 3167400000, "otherCurrentLiab": 2512700000, "longTermDebt": 11852500000, "otherLiab": 11454700000, "deferredLongTermLiab": 17800000, "totalCurrentLiabilities": 49902600000, "totalLiab": 73209800000, "commonStock": 600000000, "retainedEarnings": -54725300000, "treasuryStock": 8992700000, "otherStockholderEquity": 8992700000, "totalStockholderEquity": -45132600000, "netTangibleAssets": -45132800000}, {"maxAge": 1, "endDate": "2018-03-31", "cash": 992000000, "shortTermInvestments": 1200000, "netReceivables": 22794300000, "inventory": 2500000, "otherCurrentAssets": 333900000, "totalCurrentAssets": 24127600000, "longTermInvestments": 431500000, "propertyPlantEquipment": 6071300000, "intangibleAssets": 1000000, "otherAssets": 13796400000, "deferredLongTermAssetCharges": 736700000, "totalAssets": 44427800000, "accountsPayable": 3247700000, "shortLongTermDebt": 1512800000, "otherCurrentLiab": 2401400000, "otherLiab": 11501600000, "deferredLongTermLiab": 23200000, "totalCurrentLiabilities": 69244800000, "totalLiab": 80746400000, "commonStock": 600000000, "retainedEarnings": -45868200000, "treasuryStock": 8949600000, "otherStockholderEquity": 8949600000, "totalStockholderEquity": -36318600000, "netTangibleAssets": -36319600000}, {"maxAge": 1, "endDate": "2017-03-31", "cash": 72700000, "shortTermInvestments": 2000000, "netReceivables": 21449200000, "inventory": 397100000, "otherCurrentAssets": 555400000, "totalCurrentAssets": 22508700000, "longTermInvestments": 105800000, "propertyPlantEquipment": 6218900000, "intangibleAssets": 200000, "otherAssets": 14062200000, "deferredLongTermAssetCharges": 770200000, "totalAssets": 42895800000, "accountsPayable": 2925100000, "shortLongTermDebt": 200000000, "otherCurrentLiab": 2164000000, "longTermDebt": 1462800000, "otherLiab": 11540800000, "deferredLongTermLiab": 24900000, "totalCurrentLiabilities": 60048900000, "totalLiab": 73052500000, "commonStock": 600000000, "retainedEarnings": -39706300000, "treasuryStock": 8949600000, "otherStockholderEquity": 8949600000, "totalStockholderEquity": -30156700000, "netTangibleAssets": -30156900000}], "maxAge": 86400}, "financialData": {"maxAge": 86400, "currentPrice": 78.45, "recommendationKey": "none", "totalCash": 875900032, "totalCashPerShare": 14.691, "ebitda": -547200000, "totalDebt": 19889500160, "totalRevenue": 4520999936, "revenuePerShare": 75.365, "grossProfits": 95100000, "revenueGrowth": -0.953, "grossMargins": 0.01517, "ebitdaMargins": -0.12104, "operatingMargins": -0.15397, "profitMargins": -0.06406, "financialCurrency": "INR"}}}