{"STEELCITY.NS": {"assetProfile": {"address1": "49-52-5/4, Shanthipuram", "address2": "Sankaramatam Road", "city": "Visakhapatnam", "zip": "530016", "country": "India", "phone": "91 89 1256 3581", "fax": "91 89 1256 3585", "website": "http://www.steelcitynettrade.com", "industry": "Capital Markets", "sector": "Financial Services", "longBusinessSummary": "Steel City Securities Limited provides retail stock broking services in southern parts of India. It provides a trading platform of capital market, futures and options, commodities, and currency derivatives; acts as a depository participant; offers margin trading facility for stocks or derivatives traded on National Stock Exchange of India Limited and BSE; and distributes mutual funds, credit cards, corporate fixed deposits, bonds, and IPOs. The company also promotes pension schemes for the retirement benefits of employees and business people; offers insurance agency services; and provides non-banking financial services, such as personal loans, gold loans, and loans against securities. In addition, it offers e-governance products, such as PAN, TAN, e-TDS, AIR, and form 24G, as well as change requests of PAN and TAN. The company was founded in 1995 and is headquartered in Visakhapatnam, India.", "fullTimeEmployees": 343, "companyOfficers": [{"maxAge": 1, "name": "Mr. Kamireddy  Satyanarayana", "age": 69, "title": "Exec. Chairman", "yearBorn": 1951, "fiscalYear": 2020, "totalPay": 3300000, "exercisedValue": 0, "unexercisedValue": 0}, {"maxAge": 1, "name": "Mr. Satish Kumar Arya", "age": 60, "title": "MD & Exec. Director", "yearBorn": 1960, "fiscalYear": 2020, "totalPay": 3000000, "exercisedValue": 0, "unexercisedValue": 0}, {"maxAge": 1, "name": "Mr. Naraharasetti  Ramu", "age": 48, "title": "Chief Financial Officer", "yearBorn": 1972, "exercisedValue": 0, "unexercisedValue": 0}, {"maxAge": 1, "name": "Ms. Movva  Srividya", "age": 31, "title": "Company Sec. & Compliance Officer", "yearBorn": 1989, "exercisedValue": 0, "unexercisedValue": 0}, {"maxAge": 1, "name": "Mr. Tentu Venkata Srikanth", "age": 42, "title": "Director of IT & Whole-Time Director", "yearBorn": 1978, "fiscalYear": 2020, "totalPay": 2000000, "exercisedValue": 0, "unexercisedValue": 0}, {"maxAge": 1, "name": "Mr. Mediboyena  Murali", "age": 51, "title": "Gen. Mang. of Operations", "yearBorn": 1969, "exercisedValue": 0, "unexercisedValue": 0}, {"maxAge": 1, "name": "Mr. V.  Srinivas", "age": 54, "title": "Gen. Mang. of IT", "yearBorn": 1966, "exercisedValue": 0, "unexercisedValue": 0}], "compensationAsOfEpochDate": "2020-12-31 05:30:00", "maxAge": 86400}, "recommendationTrend": {"trend": [{"period": "0m", "strongBuy": 0, "buy": 0, "hold": 0, "sell": 0, "strongSell": 0}, {"period": "-1m", "strongBuy": 0, "buy": 0, "hold": 0, "sell": 0, "strongSell": 0}, {"period": "-2m", "strongBuy": 0, "buy": 0, "hold": 0, "sell": 0, "strongSell": 0}, {"period": "-3m", "strongBuy": 0, "buy": 0, "hold": 0, "sell": 0, "strongSell": 0}], "maxAge": 86400}, "cashflowStatementHistory": {"cashflowStatements": [{"maxAge": 1, "endDate": "2020-03-31", "netIncome": 71144011, "depreciation": 7566282, "changeToNetincome": -17917326, "changeToAccountReceivables": 21261619, "changeToLiabilities": 90034678, "changeToOperatingActivities": -135861127, "totalCashFromOperatingActivities": 37496948, "capitalExpenditures": -16667214, "investments": 2347796, "otherCashflowsFromInvestingActivities": 28715213, "totalCashflowsFromInvestingActivities": 14395795, "dividendsPaid": -30214189, "netBorrowings": -532836, "otherCashflowsFromFinancingActivities": -11716558, "totalCashFromFinancingActivities": -42463583, "changeInCash": 9429160}, {"maxAge": 1, "endDate": "2019-03-31", "netIncome": 88444886, "depreciation": 9577923, "changeToNetincome": -22035170, "changeToAccountReceivables": 43221880, "changeToLiabilities": 4624235, "changeToOperatingActivities": 7576955, "totalCashFromOperatingActivities": 131410709, "capitalExpenditures": -5713503, "investments": -40144266, "otherCashflowsFromInvestingActivities": 30270925, "totalCashflowsFromInvestingActivities": -15586844, "dividendsPaid": -37767737, "netBorrowings": 871468, "otherCashflowsFromFinancingActivities": -10835949, "totalCashFromFinancingActivities": -47732218, "changeInCash": 68091647}, {"maxAge": 1, "endDate": "2018-03-31", "netIncome": 113672901, "depreciation": 8955594, "changeToNetincome": -2446488, "changeToAccountReceivables": 7140988, "changeToLiabilities": 25759394, "changeToOperatingActivities": 11325672, "totalCashFromOperatingActivities": 164408062, "capitalExpenditures": -13117698, "investments": -10828598, "otherCashflowsFromInvestingActivities": 24590819, "totalCashflowsFromInvestingActivities": 644523, "dividendsPaid": -38094737, "netBorrowings": -96248, "otherCashflowsFromFinancingActivities": -11814337, "totalCashFromFinancingActivities": -50005322, "changeInCash": 115047262}, {"maxAge": 1, "endDate": "2017-03-31", "netIncome": 50182944, "depreciation": 6411340, "changeToNetincome": -16774506, "changeToAccountReceivables": -81549105, "changeToLiabilities": 61989786, "changeToOperatingActivities": 46314277, "totalCashFromOperatingActivities": 66574735, "capitalExpenditures": -28416009, "investments": -10774000, "otherCashflowsFromInvestingActivities": 20200103, "totalCashflowsFromInvestingActivities": -18989906, "dividendsPaid": -30686790, "netBorrowings": -47691197, "otherCashflowsFromFinancingActivities": -13276442, "totalCashFromFinancingActivities": 29493381, "changeInCash": 77078209, "issuanceOfStock": 121147810}], "maxAge": 86400}, "indexTrend": {"maxAge": 1, "symbol": "SP5", "peRatio": 19.7411, "pegRatio": 1.34172, "estimates": [{"period": "0q", "growth": 0.549}, {"period": "+1q", "growth": 0.431}, {"period": "0y", "growth": 0.305}, {"period": "+1y", "growth": 0.109}, {"period": "+5y", "growth": 0.120865}, {"period": "-5y"}]}, "defaultKeyStatistics": {"maxAge": 1, "priceHint": 2, "enterpriseValue": -88106592, "profitMargins": 0.18031, "floatShares": 3954299, "sharesOutstanding": 15107100, "beta": 1.090238, "category": null, "bookValue": 62.321, "priceToBook": 0.62338537, "fundFamily": null, "legalType": null, "lastFiscalYearEnd": "2020-03-31 05:30:00", "nextFiscalYearEnd": "2022-03-31 05:30:00", "mostRecentQuarter": "2020-12-31 05:30:00", "earningsQuarterlyGrowth": 0.161, "netIncomeToCommon": 94027008, "trailingEps": 6.219, "lastSplitFactor": null, "enterpriseToRevenue": -0.169}, "industryTrend": {"maxAge": 1, "symbol": null, "estimates": []}, "quoteType": {"exchange": "NSI", "quoteType": "EQUITY", "symbol": "STEELCITY.NS", "underlyingSymbol": "STEELCITY.NS", "shortName": "STEEL CITY SECURIT", "longName": "Steel City Securities Limited", "firstTradeDateEpochUtc": "2017-03-16 09:15:00", "timeZoneFullName": "Asia/Kolkata", "timeZoneShortName": "IST", "uuid": "f063eb9b-222d-31f9-854c-71f056ae97b1", "gmtOffSetMilliseconds": 19800000, "maxAge": 1}, "incomeStatementHistory": {"incomeStatementHistory": [{"maxAge": 1, "endDate": "2020-03-31", "totalRevenue": 512271981, "costOfRevenue": 5029098, "grossProfit": 507242883, "researchDevelopment": {}, "sellingGeneralAdministrative": 129340112, "nonRecurring": {}, "otherOperatingExpenses": 268698138, "totalOperatingExpenses": 411902444, "operatingIncome": 100369537, "totalOtherIncomeExpenseNet": -3484695, "ebit": 0, "interestExpense": {}, "incomeBeforeTax": 96884842, "incomeTaxExpense": 25740831, "minorityInterest": {}, "netIncomeFromContinuingOps": 71144011, "discontinuedOperations": {}, "extraordinaryItems": {}, "effectOfAccountingCharges": {}, "otherItems": {}, "netIncome": 71144011, "netIncomeApplicableToCommonShares": 71144011}, {"maxAge": 1, "endDate": "2019-03-31", "totalRevenue": 633159470, "costOfRevenue": 6994129, "grossProfit": 626165341, "researchDevelopment": {}, "sellingGeneralAdministrative": 125521139, "nonRecurring": {}, "otherOperatingExpenses": 359570874, "totalOperatingExpenses": 501684675, "operatingIncome": 131474795, "totalOtherIncomeExpenseNet": 1590823, "ebit": 0, "interestExpense": {}, "incomeBeforeTax": 133065618, "incomeTaxExpense": 44620732, "minorityInterest": {}, "netIncomeFromContinuingOps": 88444886, "discontinuedOperations": {}, "extraordinaryItems": {}, "effectOfAccountingCharges": {}, "otherItems": {}, "netIncome": 88444886, "netIncomeApplicableToCommonShares": 88444886}, {"maxAge": 1, "endDate": "2018-03-31", "totalRevenue": 660597898, "costOfRevenue": 11788128, "grossProfit": 648809770, "researchDevelopment": {}, "sellingGeneralAdministrative": 117113428, "nonRecurring": {}, "otherOperatingExpenses": 359946959, "totalOperatingExpenses": 498194375, "operatingIncome": 162403523, "totalOtherIncomeExpenseNet": -300391, "ebit": 0, "interestExpense": {}, "incomeBeforeTax": 162103132, "incomeTaxExpense": 47688063, "minorityInterest": 22933869, "netIncomeFromContinuingOps": 114415069, "discontinuedOperations": {}, "extraordinaryItems": {}, "effectOfAccountingCharges": {}, "otherItems": {}, "netIncome": 113672901, "netIncomeApplicableToCommonShares": 113672901}, {"maxAge": 1, "endDate": "2017-03-31", "totalRevenue": 379266417, "costOfRevenue": 11816520, "grossProfit": 367449897, "researchDevelopment": {}, "sellingGeneralAdministrative": 105563231, "nonRecurring": {}, "otherOperatingExpenses": 177251829, "totalOperatingExpenses": 303867028, "operatingIncome": 75399389, "totalOtherIncomeExpenseNet": 720200, "ebit": 0, "interestExpense": {}, "incomeBeforeTax": 76119589, "incomeTaxExpense": 24995085, "minorityInterest": 22644148, "netIncomeFromContinuingOps": 51124504, "discontinuedOperations": {}, "extraordinaryItems": {}, "effectOfAccountingCharges": {}, "otherItems": {}, "netIncome": 50182944, "netIncomeApplicableToCommonShares": 50182944}], "maxAge": 86400}, "fundOwnership": {"ownershipList": [], "maxAge": 1}, "summaryDetail": {"maxAge": 1, "priceHint": 2, "previousClose": 39.3, "open": 41.0, "dayLow": 38.55, "dayHigh": 41.0, "regularMarketPreviousClose": 39.3, "regularMarketOpen": 41.0, "regularMarketDayLow": 38.55, "regularMarketDayHigh": 41.0, "dividendRate": 2.5, "dividendYield": 0.0636, "exDividendDate": "2021-03-08 05:30:00", "payoutRatio": 0.083500005, "beta": 1.090238, "trailingPE": 6.246985, "volume": 33861, "regularMarketVolume": 33861, "averageVolume": 47879, "averageVolume10days": 25625, "averageDailyVolume10Day": 25625, "bid": 0.0, "ask": 0.0, "marketCap": 586910784, "fiftyTwoWeekLow": 17.45, "fiftyTwoWeekHigh": 44.1, "priceToSalesTrailing12Months": 1.1254778, "fiftyDayAverage": 37.00606, "twoHundredDayAverage": 34.563572, "trailingAnnualDividendRate": 2.0, "trailingAnnualDividendYield": 0.050890587, "currency": "INR", "fromCurrency": null, "lastMarket": null, "algorithm": null, "tradeable": false}, "insiderHolders": {"holders": [], "maxAge": 1}, "calendarEvents": {"maxAge": 1, "earnings": {"earningsDate": []}, "exDividendDate": "2021-03-08 05:30:00"}, "upgradeDowngradeHistory": {"history": [], "maxAge": 86400}, "price": {"maxAge": 1, "regularMarketChangePercent": -0.0114504015, "regularMarketChange": -0.45000076, "regularMarketTime": "2021-04-30 15:29:33", "priceHint": 2, "regularMarketPrice": 38.85, "regularMarketDayHigh": 41.0, "regularMarketDayLow": 38.55, "regularMarketVolume": 33861, "averageDailyVolume10Day": 25625, "averageDailyVolume3Month": 47879, "regularMarketPreviousClose": 39.3, "regularMarketSource": "FREE_REALTIME", "regularMarketOpen": 41.0, "exchange": "NSI", "exchangeName": "NSE", "exchangeDataDelayedBy": 15, "marketState": "CLOSED", "quoteType": "EQUITY", "symbol": "STEELCITY.NS", "underlyingSymbol": null, "shortName": "STEEL CITY SECURIT", "longName": "Steel City Securities Limited", "currency": "INR", "quoteSourceName": "Delayed Quote", "currencySymbol": "\u20b9", "fromCurrency": null, "lastMarket": null, "marketCap": 586910784}, "balanceSheetHistory": {"balanceSheetStatements": [{"maxAge": 1, "endDate": "2020-03-31", "cash": 582177310, "netReceivables": 465945780, "otherCurrentAssets": 70760991, "totalCurrentAssets": 1118884081, "longTermInvestments": 56142554, "propertyPlantEquipment": 50426740, "goodWill": 45489000, "intangibleAssets": 476690, "otherAssets": 200312603, "deferredLongTermAssetCharges": 19806542, "totalAssets": 1471731668, "accountsPayable": 385905047, "shortLongTermDebt": 650807, "otherCurrentLiab": 144261339, "totalCurrentLiabilities": 591872660, "totalLiab": 591872660, "commonStock": 151070950, "retainedEarnings": 624340240, "capitalSurplus": 104447825, "totalStockholderEquity": 879859015, "netTangibleAssets": 833893325}, {"maxAge": 1, "endDate": "2019-03-31", "cash": 572748149, "netReceivables": 514499916, "otherCurrentAssets": 80580687, "totalCurrentAssets": 1167828752, "longTermInvestments": 65402206, "propertyPlantEquipment": 41325808, "goodWill": 45489000, "intangibleAssets": 1745503, "otherAssets": 105501042, "deferredLongTermAssetCharges": 17926275, "totalAssets": 1427292311, "accountsPayable": 295870368, "shortLongTermDebt": 1183643, "otherCurrentLiab": 212317632, "totalCurrentLiabilities": 581826872, "totalLiab": 581826872, "commonStock": 151070950, "retainedEarnings": 589946671, "treasuryStock": 708067000, "capitalSurplus": 104447825, "otherStockholderEquity": 708067000, "totalStockholderEquity": 845465446, "netTangibleAssets": 798230943}, {"maxAge": 1, "endDate": "2018-03-31", "cash": 504656502, "netReceivables": 552745296, "otherCurrentAssets": 40268090, "totalCurrentAssets": 1097669888, "longTermInvestments": 49815904, "propertyPlantEquipment": 43593625, "goodWill": 24234000, "intangibleAssets": 3342108, "otherAssets": 192689863, "deferredLongTermAssetCharges": 1596720, "totalAssets": 1411345388, "accountsPayable": 291246133, "otherCurrentLiab": 233781022, "longTermDebt": 312175, "minorityInterest": 22933869, "totalCurrentLiabilities": 594732012, "totalLiab": 595044187, "commonStock": 151070950, "retainedEarnings": 537848561, "capitalSurplus": 104447825, "totalStockholderEquity": 793367336, "netTangibleAssets": 765791228}, {"maxAge": 1, "endDate": "2017-03-31", "cash": 389609239, "netReceivables": 554493962, "otherCurrentAssets": 1448319, "totalCurrentAssets": 945551520, "longTermInvestments": 37462464, "propertyPlantEquipment": 40960974, "goodWill": 24234000, "intangibleAssets": 1812654, "otherAssets": 118007183, "deferredLongTermAssetCharges": 1743471, "totalAssets": 1168028795, "accountsPayable": 265486739, "otherCurrentLiab": 107862493, "longTermDebt": 408423, "minorityInterest": 22644148, "totalCurrentLiabilities": 419884281, "totalLiab": 420292704, "commonStock": 151070950, "retainedEarnings": 469573171, "capitalSurplus": 104447825, "totalStockholderEquity": 725091946, "netTangibleAssets": 699045292}], "maxAge": 86400}, "earningsTrend": {"trend": [{"maxAge": 1, "period": "0q", "endDate": null, "growth": {}, "earningsEstimate": {"avg": 0.0, "low": 0.0, "high": 0.0, "yearAgoEps": {}, "numberOfAnalysts": 0, "growth": {}}, "revenueEstimate": {"avg": 0, "low": 0, "high": 0, "numberOfAnalysts": 0, "yearAgoRevenue": {}, "growth": {}}, "epsTrend": {"current": 0.0, "7daysAgo": 0.0, "30daysAgo": 0.0, "60daysAgo": 0.0, "90daysAgo": 0.0}, "epsRevisions": {"upLast7days": 0, "upLast30days": 0, "downLast30days": 0, "downLast90days": {}}}, {"maxAge": 1, "period": "+1q", "endDate": null, "growth": {}, "earningsEstimate": {"avg": 0.0, "low": 0.0, "high": 0.0, "yearAgoEps": {}, "numberOfAnalysts": 0, "growth": {}}, "revenueEstimate": {"avg": 0, "low": 0, "high": 0, "numberOfAnalysts": 0, "yearAgoRevenue": {}, "growth": {}}, "epsTrend": {"current": 0.0, "7daysAgo": 0.0, "30daysAgo": 0.0, "60daysAgo": 0.0, "90daysAgo": 0.0}, "epsRevisions": {"upLast7days": 0, "upLast30days": 0, "downLast30days": 0, "downLast90days": {}}}, {"maxAge": 1, "period": "0y", "endDate": null, "growth": {}, "earningsEstimate": {"avg": 0.0, "low": 0.0, "high": 0.0, "yearAgoEps": {}, "numberOfAnalysts": 0, "growth": {}}, "revenueEstimate": {"avg": 0, "low": 0, "high": 0, "numberOfAnalysts": 0, "yearAgoRevenue": {}, "growth": {}}, "epsTrend": {"current": 0.0, "7daysAgo": 0.0, "30daysAgo": 0.0, "60daysAgo": 0.0, "90daysAgo": 0.0}, "epsRevisions": {"upLast7days": 0, "upLast30days": 0, "downLast30days": 0, "downLast90days": {}}}, {"maxAge": 1, "period": "+1y", "endDate": null, "growth": {}, "earningsEstimate": {"avg": 0.0, "low": 0.0, "high": 0.0, "yearAgoEps": {}, "numberOfAnalysts": 0, "growth": {}}, "revenueEstimate": {"avg": 0, "low": 0, "high": 0, "numberOfAnalysts": 0, "yearAgoRevenue": {}, "growth": {}}, "epsTrend": {"current": 0.0, "7daysAgo": 0.0, "30daysAgo": 0.0, "60daysAgo": 0.0, "90daysAgo": 0.0}, "epsRevisions": {"upLast7days": 0, "upLast30days": 0, "downLast30days": 0, "downLast90days": {}}}, {"maxAge": 1, "period": "+5y", "endDate": null, "growth": {}, "earningsEstimate": {"avg": {}, "low": {}, "high": {}, "yearAgoEps": {}, "numberOfAnalysts": {}, "growth": {}}, "revenueEstimate": {"avg": {}, "low": {}, "high": {}, "numberOfAnalysts": {}, "yearAgoRevenue": {}, "growth": {}}, "epsTrend": {"current": {}, "7daysAgo": {}, "30daysAgo": {}, "60daysAgo": {}, "90daysAgo": {}}, "epsRevisions": {"upLast7days": {}, "upLast30days": {}, "downLast30days": {}, "downLast90days": {}}}, {"maxAge": 1, "period": "-5y", "endDate": null, "growth": {}, "earningsEstimate": {"avg": {}, "low": {}, "high": {}, "yearAgoEps": {}, "numberOfAnalysts": {}, "growth": {}}, "revenueEstimate": {"avg": {}, "low": {}, "high": {}, "numberOfAnalysts": {}, "yearAgoRevenue": {}, "growth": {}}, "epsTrend": {"current": {}, "7daysAgo": {}, "30daysAgo": {}, "60daysAgo": {}, "90daysAgo": {}}, "epsRevisions": {"upLast7days": {}, "upLast30days": {}, "downLast30days": {}, "downLast90days": {}}}], "maxAge": 1}, "institutionOwnership": {"ownershipList": [], "maxAge": 1}, "majorHoldersBreakdown": {"maxAge": 1}, "balanceSheetHistoryQuarterly": {"balanceSheetStatements": [{"maxAge": 1, "endDate": "2020-12-31", "cash": 688799000, "netReceivables": 748488000, "otherCurrentAssets": 47707000, "totalCurrentAssets": 1484994000, "longTermInvestments": 59585000, "propertyPlantEquipment": 60769000, "goodWill": 45489000, "otherAssets": 22904000, "deferredLongTermAssetCharges": 22904000, "totalAssets": 1673741000, "accountsPayable": 496933000, "shortLongTermDebt": 8745000, "otherCurrentLiab": 229370000, "totalCurrentLiabilities": 735048000, "totalLiab": 735048000, "commonStock": 151071000, "treasuryStock": 787622000, "otherStockholderEquity": 787622000, "totalStockholderEquity": 938693000, "netTangibleAssets": 893204000}, {"maxAge": 1, "endDate": "2020-09-30", "cash": 476729000, "netReceivables": 975940000, "totalCurrentAssets": 1452669000, "longTermInvestments": 60059000, "propertyPlantEquipment": 56697000, "goodWill": 45489000, "intangibleAssets": 70000, "otherAssets": 18304000, "deferredLongTermAssetCharges": 18304000, "totalAssets": 1633288000, "accountsPayable": 370624000, "shortLongTermDebt": 8747000, "otherCurrentLiab": 251424000, "totalCurrentLiabilities": 704642000, "totalLiab": 704642000, "commonStock": 151071000, "treasuryStock": 777575000, "otherStockholderEquity": 777575000, "totalStockholderEquity": 928646000, "netTangibleAssets": 883087000}, {"maxAge": 1, "endDate": "2020-06-30", "totalStockholderEquity": 879859015, "netTangibleAssets": 833893325}, {"maxAge": 1, "endDate": "2020-03-31", "cash": 582177310, "netReceivables": 465945780, "otherCurrentAssets": 70760991, "totalCurrentAssets": 1118884081, "longTermInvestments": 56142554, "propertyPlantEquipment": 50426740, "goodWill": 45489000, "intangibleAssets": 476690, "otherAssets": 200312603, "deferredLongTermAssetCharges": 19806542, "totalAssets": 1471731668, "accountsPayable": 385905047, "shortLongTermDebt": 650807, "otherCurrentLiab": 144261339, "totalCurrentLiabilities": 591872660, "totalLiab": 591872660, "commonStock": 151070950, "retainedEarnings": 624340240, "capitalSurplus": 104447825, "totalStockholderEquity": 879859015, "netTangibleAssets": 833893325}], "maxAge": 86400}, "earningsHistory": {"history": [{"maxAge": 1, "epsActual": {}, "epsEstimate": {}, "epsDifference": {}, "surprisePercent": {}, "quarter": {}, "period": "-4q"}, {"maxAge": 1, "epsActual": {}, "epsEstimate": {}, "epsDifference": {}, "surprisePercent": {}, "quarter": {}, "period": "-3q"}, {"maxAge": 1, "epsActual": {}, "epsEstimate": {}, "epsDifference": {}, "surprisePercent": {}, "quarter": {}, "period": "-2q"}, {"maxAge": 1, "epsActual": {}, "epsEstimate": {}, "epsDifference": {}, "surprisePercent": {}, "quarter": {}, "period": "-1q"}], "maxAge": 86400}, "summaryProfile": {"address1": "49-52-5/4, Shanthipuram", "address2": "Sankaramatam Road", "city": "Visakhapatnam", "zip": "530016", "country": "India", "phone": "91 89 1256 3581", "fax": "91 89 1256 3585", "website": "http://www.steelcitynettrade.com", "industry": "Capital Markets", "sector": "Financial Services", "longBusinessSummary": "Steel City Securities Limited provides retail stock broking services in southern parts of India. It provides a trading platform of capital market, futures and options, commodities, and currency derivatives; acts as a depository participant; offers margin trading facility for stocks or derivatives traded on National Stock Exchange of India Limited and BSE; and distributes mutual funds, credit cards, corporate fixed deposits, bonds, and IPOs. The company also promotes pension schemes for the retirement benefits of employees and business people; offers insurance agency services; and provides non-banking financial services, such as personal loans, gold loans, and loans against securities. In addition, it offers e-governance products, such as PAN, TAN, e-TDS, AIR, and form 24G, as well as change requests of PAN and TAN. The company was founded in 1995 and is headquartered in Visakhapatnam, India.", "fullTimeEmployees": 343, "companyOfficers": [], "maxAge": 86400}, "netSharePurchaseActivity": {"maxAge": 1, "period": "6m", "buyInfoCount": 0, "buyInfoShares": 0, "sellInfoCount": 0, "netInfoCount": 0, "netInfoShares": 0, "totalInsiderShares": 0}, "sectorTrend": {"maxAge": 1, "symbol": null, "estimates": []}, "incomeStatementHistoryQuarterly": {"incomeStatementHistory": [{"maxAge": 1, "endDate": "2020-12-31", "totalRevenue": 141861000, "costOfRevenue": 2938000, "grossProfit": 138923000, "researchDevelopment": {}, "sellingGeneralAdministrative": 24884000, "nonRecurring": {}, "otherOperatingExpenses": 83949000, "totalOperatingExpenses": 113530000, "operatingIncome": 28331000, "totalOtherIncomeExpenseNet": 1409000, "ebit": 0, "interestExpense": {}, "incomeBeforeTax": 29740000, "incomeTaxExpense": 4586000, "minorityInterest": {}, "netIncomeFromContinuingOps": 25154000, "discontinuedOperations": {}, "extraordinaryItems": {}, "effectOfAccountingCharges": {}, "otherItems": {}, "netIncome": 25154000, "netIncomeApplicableToCommonShares": 25154000}, {"maxAge": 1, "endDate": "2020-09-30", "totalRevenue": 145560000, "costOfRevenue": 2719000, "grossProfit": 142841000, "researchDevelopment": {}, "sellingGeneralAdministrative": 29350000, "nonRecurring": {}, "otherOperatingExpenses": 74805000, "totalOperatingExpenses": 108593000, "operatingIncome": 36967000, "totalOtherIncomeExpenseNet": 820000, "ebit": 0, "interestExpense": {}, "incomeBeforeTax": 37787000, "incomeTaxExpense": 11749000, "minorityInterest": {}, "netIncomeFromContinuingOps": 26038000, "discontinuedOperations": {}, "extraordinaryItems": {}, "effectOfAccountingCharges": {}, "otherItems": {}, "netIncome": 26038000, "netIncomeApplicableToCommonShares": 26038000}, {"maxAge": 1, "endDate": "2020-06-30", "totalRevenue": 104934000, "costOfRevenue": 3154000, "grossProfit": 101780000, "researchDevelopment": {}, "sellingGeneralAdministrative": 22581000, "nonRecurring": {}, "otherOperatingExpenses": 48925000, "totalOperatingExpenses": 76607000, "operatingIncome": 28327000, "totalOtherIncomeExpenseNet": 1959000, "ebit": 0, "interestExpense": {}, "incomeBeforeTax": 30286000, "incomeTaxExpense": 7538000, "minorityInterest": {}, "netIncomeFromContinuingOps": 22748000, "discontinuedOperations": {}, "extraordinaryItems": {}, "effectOfAccountingCharges": {}, "otherItems": {}, "netIncome": 22748000, "netIncomeApplicableToCommonShares": 22748000}, {"maxAge": 1, "endDate": "2020-03-31", "totalRevenue": 129121981, "costOfRevenue": 591098, "grossProfit": 128530883, "researchDevelopment": {}, "sellingGeneralAdministrative": 50720112, "nonRecurring": {}, "otherOperatingExpenses": 54448138, "totalOperatingExpenses": 107886444, "operatingIncome": 21235537, "totalOtherIncomeExpenseNet": -677695, "ebit": 0, "interestExpense": {}, "incomeBeforeTax": 20557842, "incomeTaxExpense": 471831, "minorityInterest": {}, "netIncomeFromContinuingOps": 20086011, "discontinuedOperations": {}, "extraordinaryItems": {}, "effectOfAccountingCharges": {}, "otherItems": {}, "netIncome": 20086011, "netIncomeApplicableToCommonShares": 20086011}], "maxAge": 86400}, "cashflowStatementHistoryQuarterly": {"cashflowStatements": [{"maxAge": 1, "endDate": "2020-12-31", "netIncome": 25154000, "depreciation": 1759000, "changeToNetincome": -7076000, "changeToAccountReceivables": 32258000, "changeToLiabilities": 126309000, "changeToOperatingActivities": 120489000, "totalCashFromOperatingActivities": 298893000, "capitalExpenditures": -5760000, "investments": 2227000, "otherCashflowsFromInvestingActivities": 6886000, "totalCashflowsFromInvestingActivities": 3353000, "dividendsPaid": -15107000, "netBorrowings": -73849000, "otherCashflowsFromFinancingActivities": -1218000, "totalCashFromFinancingActivities": -90174000, "changeInCash": 212070000}, {"maxAge": 1, "endDate": "2020-09-30", "netIncome": 26038000, "depreciation": 1759000, "changeToNetincome": -7076000, "changeToAccountReceivables": 32258000, "changeToLiabilities": 0, "changeToOperatingActivities": 120489000, "totalCashFromOperatingActivities": 298893000, "capitalExpenditures": -5760000, "investments": 2227000, "otherCashflowsFromInvestingActivities": 6886000, "totalCashflowsFromInvestingActivities": 3353000, "dividendsPaid": -15107000, "netBorrowings": -73849000, "otherCashflowsFromFinancingActivities": -1218000, "totalCashFromFinancingActivities": -90174000, "changeInCash": 212070000}, {"maxAge": 1, "endDate": "2020-06-30", "netIncome": 22748000, "depreciation": 1759000, "changeToNetincome": -7076000, "changeToAccountReceivables": 32258000, "changeToLiabilities": 0, "changeToOperatingActivities": 120489000, "totalCashFromOperatingActivities": 298893000, "capitalExpenditures": -5760000, "investments": 2227000, "otherCashflowsFromInvestingActivities": 6886000, "totalCashflowsFromInvestingActivities": 3353000, "dividendsPaid": -15107000, "netBorrowings": -73849000, "otherCashflowsFromFinancingActivities": -1218000, "totalCashFromFinancingActivities": -90174000, "changeInCash": 212070000}, {"maxAge": 1, "endDate": "2020-03-31", "netIncome": 20086011, "depreciation": 858282, "changeToNetincome": -4996326, "changeToAccountReceivables": 30292619, "changeToLiabilities": 89488678, "changeToOperatingActivities": -75853127, "totalCashFromOperatingActivities": 61144948, "capitalExpenditures": -2343214, "investments": -204, "otherCashflowsFromInvestingActivities": 9367213, "totalCashflowsFromInvestingActivities": 7023795, "dividendsPaid": -2570189, "netBorrowings": -132836, "otherCashflowsFromFinancingActivities": -8523558, "totalCashFromFinancingActivities": -11226583, "changeInCash": 56942160}], "maxAge": 86400}, "earnings": {"maxAge": 86400, "earningsChart": {"quarterly": [], "earningsDate": []}, "financialsChart": {"yearly": [{"date": 2017, "revenue": 379266417, "earnings": 50182944}, {"date": 2018, "revenue": 660597898, "earnings": 113672901}, {"date": 2019, "revenue": 633159470, "earnings": 88444886}, {"date": 2020, "revenue": 512271981, "earnings": 71144011}], "quarterly": [{"date": "1Q2020", "revenue": 129121981, "earnings": 20086011}, {"date": "2Q2020", "revenue": 104934000, "earnings": 22748000}, {"date": "3Q2020", "revenue": 145560000, "earnings": 26038000}, {"date": "4Q2020", "revenue": 141861000, "earnings": 25154000}]}, "financialCurrency": "INR"}, "financialData": {"maxAge": 86400, "currentPrice": 38.85, "targetHighPrice": 177.0, "targetLowPrice": 177.0, "targetMeanPrice": 177.0, "targetMedianPrice": 177.0, "recommendationKey": "none", "numberOfAnalystOpinions": 1, "totalCash": 688798976, "totalCashPerShare": 45.73, "totalDebt": 8745000, "quickRatio": 1.955, "currentRatio": 2.02, "totalRevenue": 521476992, "debtToEquity": 0.932, "revenuePerShare": 34.493, "returnOnEquity": 0.10436, "grossProfits": 507242883, "operatingCashflow": 171274944, "earningsGrowth": 0.136, "revenueGrowth": 0.126, "grossMargins": 0.98197, "ebitdaMargins": 0.0, "operatingMargins": 0.22026, "profitMargins": 0.18031, "financialCurrency": "INR"}}}