{"STEELCAS.BO": {"recommendationTrend": {"trend": [{"period": "0m", "strongBuy": 0, "buy": 0, "hold": 0, "sell": 0, "strongSell": 0}, {"period": "-1m", "strongBuy": 0, "buy": 0, "hold": 0, "sell": 0, "strongSell": 0}, {"period": "-2m", "strongBuy": 0, "buy": 0, "hold": 0, "sell": 0, "strongSell": 0}, {"period": "-3m", "strongBuy": 0, "buy": 0, "hold": 0, "sell": 0, "strongSell": 0}], "maxAge": 86400}, "cashflowStatementHistory": {"cashflowStatements": [{"maxAge": 1, "endDate": "2020-03-31", "netIncome": 79775000, "depreciation": 153867000, "changeToNetincome": 36161000, "changeToAccountReceivables": 283013000, "changeToLiabilities": 0, "changeToInventory": 9591000, "changeToOperatingActivities": -225134000, "totalCashFromOperatingActivities": 343882000, "capitalExpenditures": -62128000, "investments": 7000, "otherCashflowsFromInvestingActivities": 2708000, "totalCashflowsFromInvestingActivities": -57954000, "dividendsPaid": -40480000, "netBorrowings": -151416000, "otherCashflowsFromFinancingActivities": -54250000, "totalCashFromFinancingActivities": -246146000, "changeInCash": 39783000}, {"maxAge": 1, "endDate": "2019-03-31", "netIncome": 249753000, "depreciation": 149657000, "changeToNetincome": 63307000, "changeToAccountReceivables": -38409000, "changeToLiabilities": 0, "changeToInventory": 164404000, "changeToOperatingActivities": -54829000, "totalCashFromOperatingActivities": 540729000, "capitalExpenditures": -89597000, "investments": 73000, "otherCashflowsFromInvestingActivities": 5776000, "totalCashflowsFromInvestingActivities": -68554000, "dividendsPaid": -27324000, "netBorrowings": 135530000, "otherCashflowsFromFinancingActivities": -90157000, "totalCashFromFinancingActivities": 18049000, "changeInCash": 490223000}, {"maxAge": 1, "endDate": "2018-03-31", "netIncome": 208582000, "depreciation": 148192000, "changeToNetincome": 39546000, "changeToAccountReceivables": -182669000, "changeToLiabilities": 0, "changeToInventory": -156784000, "changeToOperatingActivities": 74839000, "totalCashFromOperatingActivities": 131706000, "capitalExpenditures": -148511000, "investments": 73000, "otherCashflowsFromInvestingActivities": 12423000, "totalCashflowsFromInvestingActivities": -128908000, "dividendsPaid": -14616000, "netBorrowings": -114827000, "otherCashflowsFromFinancingActivities": -87003000, "totalCashFromFinancingActivities": -216446000, "changeInCash": -213648000}, {"maxAge": 1, "endDate": "2017-03-31", "netIncome": 29719000, "depreciation": 117566000, "changeToNetincome": 82791000, "changeToAccountReceivables": 17450000, "changeToLiabilities": 12746000, "changeToInventory": -57335000, "changeToOperatingActivities": -11659000, "totalCashFromOperatingActivities": 194654000, "capitalExpenditures": -58358000, "investments": 73000, "otherCashflowsFromInvestingActivities": 1615000, "totalCashflowsFromInvestingActivities": -33822000, "dividendsPaid": -14616000, "netBorrowings": -68093000, "otherCashflowsFromFinancingActivities": -91220000, "totalCashFromFinancingActivities": -159313000, "changeInCash": 1520000}], "maxAge": 86400}, "institutionOwnership": {"ownershipList": [], "maxAge": 1}, "balanceSheetHistoryQuarterly": {"balanceSheetStatements": [{"maxAge": 1, "endDate": "2020-06-30", "totalStockholderEquity": 1178931000, "netTangibleAssets": 1162043000}, {"maxAge": 1, "endDate": "2020-03-31", "cash": 2821000, "shortTermInvestments": 1913000, "netReceivables": 438582000, "inventory": 230286000, "otherCurrentAssets": 101282000, "totalCurrentAssets": 782804000, "longTermInvestments": 863000, "propertyPlantEquipment": 1051121000, "intangibleAssets": 16888000, "otherAssets": 121254000, "totalAssets": 1972930000, "accountsPayable": 104467000, "shortLongTermDebt": 148418000, "otherCurrentLiab": 40847000, "longTermDebt": 124868000, "otherLiab": 158385000, "totalCurrentLiabilities": 510746000, "totalLiab": 793999000, "commonStock": 101200000, "retainedEarnings": 885646000, "treasuryStock": 467000, "capitalSurplus": 191618000, "otherStockholderEquity": 467000, "totalStockholderEquity": 1178931000, "netTangibleAssets": 1162043000}, {"maxAge": 1, "endDate": "2019-12-31", "totalStockholderEquity": 1184204000, "netTangibleAssets": 1164012000}, {"maxAge": 1, "endDate": "2019-09-30", "cash": 69632000, "shortTermInvestments": 876000, "netReceivables": 467276000, "inventory": 194913000, "otherCurrentAssets": 128001000, "totalCurrentAssets": 860698000, "longTermInvestments": 929000, "propertyPlantEquipment": 1087419000, "intangibleAssets": 20192000, "otherAssets": 140444000, "totalAssets": 2109682000, "accountsPayable": 98096000, "otherCurrentLiab": 247369000, "longTermDebt": 204034000, "otherLiab": 113158000, "totalCurrentLiabilities": 608286000, "totalLiab": 925478000, "commonStock": 101200000, "treasuryStock": 1083004000, "otherStockholderEquity": 1083004000, "totalStockholderEquity": 1184204000, "netTangibleAssets": 1164012000}], "maxAge": 86400}, "earningsHistory": {"history": [{"maxAge": 1, "epsActual": {}, "epsEstimate": {}, "epsDifference": {}, "surprisePercent": {}, "quarter": {}, "period": "-4q"}, {"maxAge": 1, "epsActual": {}, "epsEstimate": {}, "epsDifference": {}, "surprisePercent": {}, "quarter": {}, "period": "-3q"}, {"maxAge": 1, "epsActual": {}, "epsEstimate": {}, "epsDifference": {}, "surprisePercent": {}, "quarter": {}, "period": "-2q"}, {"maxAge": 1, "epsActual": 2.37, "epsEstimate": 0.87, "epsDifference": 1.5, "surprisePercent": 1.724, "quarter": "2017-12-31", "period": "-1q"}], "maxAge": 86400}, "indexTrend": {"maxAge": 1, "symbol": "SP5", "peRatio": 19.7411, "pegRatio": 1.34172, "estimates": [{"period": "0q", "growth": 0.549}, {"period": "+1q", "growth": 0.431}, {"period": "0y", "growth": 0.305}, {"period": "+1y", "growth": 0.109}, {"period": "+5y", "growth": 0.120859005}, {"period": "-5y"}]}, "industryTrend": {"maxAge": 1, "symbol": null, "estimates": []}, "insiderTransactions": {"transactions": [{"maxAge": 1, "shares": 200000, "value": 286220, "filerUrl": "", "transactionText": "Acquisition at price 1.43 per share.", "filerName": "Tamboli (Chetan M)", "filerRelation": "Chairman of the Board", "moneyText": "", "startDate": "2020-09-14", "ownership": "D"}, {"maxAge": 1, "shares": 200000, "value": 286220, "filerUrl": "", "transactionText": "Acquisition at price 1.43 per share.", "filerName": "Tamboli (Manali C)", "filerRelation": "Director (Executive)", "moneyText": "", "startDate": "2020-09-14", "ownership": "D"}, {"maxAge": 1, "shares": 800000, "filerUrl": "", "transactionText": "", "filerName": "Rushil Industries Ltd", "filerRelation": "Promoter", "moneyText": "", "startDate": "2019-12-30", "ownership": "D"}, {"maxAge": 1, "shares": 56500, "filerUrl": "", "transactionText": "", "filerName": "Tamboli (Chetan M)", "filerRelation": "Chairman of the Board", "moneyText": "", "startDate": "2019-08-20", "ownership": "D"}, {"maxAge": 1, "shares": 48400, "filerUrl": "", "transactionText": "", "filerName": "Tamboli (Vidhi C)", "filerRelation": "Promoter", "moneyText": "", "startDate": "2015-01-20", "ownership": "D"}, {"maxAge": 1, "shares": 58800, "filerUrl": "", "transactionText": "", "filerName": "Tamboli (Rushil C)", "filerRelation": "Promoter", "moneyText": "", "startDate": "2015-01-20", "ownership": "D"}, {"maxAge": 1, "shares": 107200, "filerUrl": "", "transactionText": "", "filerName": "Tamboli (Chetan M)", "filerRelation": "Chairman of the Board", "moneyText": "", "startDate": "2015-01-20", "ownership": "D"}, {"maxAge": 1, "shares": 792000, "filerUrl": "", "transactionText": "", "filerName": "Rushil Industries Ltd", "filerRelation": "Promoter", "moneyText": "", "startDate": "2013-05-12", "ownership": "D"}, {"maxAge": 1, "shares": 792000, "filerUrl": "", "transactionText": "", "filerName": "Rushil Industries Ltd", "filerRelation": "Promoter", "moneyText": "", "startDate": "2013-03-19", "ownership": "D"}, {"maxAge": 1, "shares": 417660, "filerUrl": "", "transactionText": "", "filerName": "Tamboli (Chetan M) HUF", "filerRelation": "Promoter", "moneyText": "", "startDate": "2012-08-03", "ownership": "D"}, {"maxAge": 1, "shares": 981600, "filerUrl": "", "transactionText": "", "filerName": "Tamboli Investments Pvt Ltd", "filerRelation": "Promoter", "moneyText": "", "startDate": "2012-08-03", "ownership": "D"}, {"maxAge": 1, "shares": 24200, "filerUrl": "", "transactionText": "", "filerName": "Tamboli (Vidhi C)", "filerRelation": "Promoter", "moneyText": "", "startDate": "2012-08-03", "ownership": "D"}, {"maxAge": 1, "shares": 29400, "filerUrl": "", "transactionText": "", "filerName": "Tamboli (Rushil C)", "filerRelation": "Promoter", "moneyText": "", "startDate": "2012-08-03", "ownership": "D"}, {"maxAge": 1, "shares": 360, "filerUrl": "", "transactionText": "", "filerName": "Tamboli (Manmohan F)", "filerRelation": "Non Executive Chairman", "moneyText": "", "startDate": "2012-08-03", "ownership": "D"}, {"maxAge": 1, "shares": 514740, "filerUrl": "", "transactionText": "", "filerName": "Tamboli (Manali C)", "filerRelation": "Director (Non-Executive)", "moneyText": "", "startDate": "2012-08-03", "ownership": "D"}, {"maxAge": 1, "shares": 480, "filerUrl": "", "transactionText": "", "filerName": "Tamboli (Hansaben M)", "filerRelation": "Promoter", "moneyText": "", "startDate": "2012-08-03", "ownership": "D"}, {"maxAge": 1, "shares": 62000, "filerUrl": "", "transactionText": "", "filerName": "Kumar (T)", "filerRelation": "Director", "moneyText": "", "startDate": "2012-08-03", "ownership": "D"}, {"maxAge": 1, "shares": 2216790, "filerUrl": "", "transactionText": "", "filerName": "Tamboli (Chetan M)", "filerRelation": "Chairman of the Board", "moneyText": "", "startDate": "2012-08-03", "ownership": "D"}, {"maxAge": 1, "shares": 594000, "filerUrl": "", "transactionText": "", "filerName": "Rushil Industries Ltd", "filerRelation": "Promoter", "moneyText": "", "startDate": "2012-08-03", "ownership": "D"}, {"maxAge": 1, "shares": 198000, "filerUrl": "", "transactionText": "", "filerName": "Rushil Industries Ltd", "filerRelation": "Promoter", "moneyText": "", "startDate": "2012-03-21", "ownership": "D"}, {"maxAge": 1, "shares": 337900, "filerUrl": "", "transactionText": "", "filerName": "Tamboli (Manmohan F)", "filerRelation": "Non Executive Chairman", "moneyText": "", "startDate": "2011-06-24", "ownership": "D"}, {"maxAge": 1, "shares": 311700, "filerUrl": "", "transactionText": "", "filerName": "Tamboli (Hansaben M)", "filerRelation": "Promoter", "moneyText": "", "startDate": "2011-06-24", "ownership": "D"}, {"maxAge": 1, "shares": 649600, "filerUrl": "", "transactionText": "", "filerName": "Tamboli (Chetan M)", "filerRelation": "Executive Vice Chairman", "moneyText": "", "startDate": "2011-06-24", "ownership": "D"}], "maxAge": 1}, "quoteType": {"exchange": "BSE", "quoteType": "EQUITY", "symbol": "STEELCAS.BO", "underlyingSymbol": "STEELCAS.BO", "shortName": "STEELCAST LTD.", "longName": "Steelcast Limited", "firstTradeDateEpochUtc": "2002-03-12 09:15:00", "timeZoneFullName": "Asia/Kolkata", "timeZoneShortName": "IST", "uuid": "f08c88c3-2cdd-3573-a364-4b29e11bcc59", "gmtOffSetMilliseconds": 19800000, "maxAge": 1}, "incomeStatementHistory": {"incomeStatementHistory": [{"maxAge": 1, "endDate": "2020-03-31", "totalRevenue": 2005888000, "costOfRevenue": 486691000, "grossProfit": 1519197000, "researchDevelopment": {}, "sellingGeneralAdministrative": 235374000, "nonRecurring": {}, "otherOperatingExpenses": 912189000, "totalOperatingExpenses": 1792542000, "operatingIncome": 213346000, "totalOtherIncomeExpenseNet": -42980000, "ebit": 213346000, "interestExpense": -45929000, "incomeBeforeTax": 170366000, "incomeTaxExpense": 90591000, "minorityInterest": {}, "netIncomeFromContinuingOps": 79775000, "discontinuedOperations": {}, "extraordinaryItems": {}, "effectOfAccountingCharges": {}, "otherItems": {}, "netIncome": 79775000, "netIncomeApplicableToCommonShares": 79775000}, {"maxAge": 1, "endDate": "2019-03-31", "totalRevenue": 3179247000, "costOfRevenue": 898375000, "grossProfit": 2280872000, "researchDevelopment": {}, "sellingGeneralAdministrative": 263366000, "nonRecurring": {}, "otherOperatingExpenses": 1430088000, "totalOperatingExpenses": 2748332000, "operatingIncome": 430915000, "totalOtherIncomeExpenseNet": -80349000, "ebit": 430915000, "interestExpense": -84539000, "incomeBeforeTax": 350566000, "incomeTaxExpense": 100813000, "minorityInterest": {}, "netIncomeFromContinuingOps": 249753000, "discontinuedOperations": {}, "extraordinaryItems": {}, "effectOfAccountingCharges": {}, "otherItems": {}, "netIncome": 249753000, "netIncomeApplicableToCommonShares": 249753000}, {"maxAge": 1, "endDate": "2018-03-31", "totalRevenue": 2312432000, "costOfRevenue": 437155000, "grossProfit": 1875277000, "researchDevelopment": {}, "sellingGeneralAdministrative": 206041000, "nonRecurring": {}, "otherOperatingExpenses": 1235792000, "totalOperatingExpenses": 2027180000, "operatingIncome": 285252000, "totalOtherIncomeExpenseNet": -95429000, "ebit": 285252000, "interestExpense": -87004000, "incomeBeforeTax": 189823000, "incomeTaxExpense": -18759000, "minorityInterest": {}, "netIncomeFromContinuingOps": 208582000, "discontinuedOperations": {}, "extraordinaryItems": {}, "effectOfAccountingCharges": {}, "otherItems": {}, "netIncome": 208582000, "netIncomeApplicableToCommonShares": 208582000}, {"maxAge": 1, "endDate": "2017-03-31", "totalRevenue": 1339515000, "costOfRevenue": 212132000, "grossProfit": 1127383000, "researchDevelopment": {}, "sellingGeneralAdministrative": 158788000, "nonRecurring": {}, "otherOperatingExpenses": 718591000, "totalOperatingExpenses": 1210453000, "operatingIncome": 129062000, "totalOtherIncomeExpenseNet": -86938000, "ebit": 129062000, "interestExpense": -91221000, "incomeBeforeTax": 42124000, "incomeTaxExpense": 12405000, "minorityInterest": {}, "netIncomeFromContinuingOps": 29719000, "discontinuedOperations": {}, "extraordinaryItems": {}, "effectOfAccountingCharges": {}, "otherItems": {}, "netIncome": 29719000, "netIncomeApplicableToCommonShares": 29719000}], "maxAge": 86400}, "fundOwnership": {"ownershipList": [], "maxAge": 1}, "summaryDetail": {"maxAge": 1, "priceHint": 2, "previousClose": 138.55, "open": 128.0, "dayLow": 120.0, "dayHigh": 143.9, "regularMarketPreviousClose": 138.55, "regularMarketOpen": 128.0, "regularMarketDayLow": 120.0, "regularMarketDayHigh": 143.9, "trailingPE": 67.008194, "forwardPE": 9.376345, "volume": 14166, "regularMarketVolume": 14166, "averageVolume": 6538, "averageVolume10days": 6154, "averageDailyVolume10Day": 6154, "bid": 130.25, "ask": 130.8, "bidSize": 0, "askSize": 0, "marketCap": 2647392000, "fiftyTwoWeekLow": 63.0, "fiftyTwoWeekHigh": 156.95, "fiftyDayAverage": 131.09697, "twoHundredDayAverage": 106.36103, "trailingAnnualDividendRate": 0.6, "trailingAnnualDividendYield": 0.0043305666, "currency": "INR", "fromCurrency": null, "lastMarket": null, "algorithm": null, "tradeable": false}, "sectorTrend": {"maxAge": 1, "symbol": null, "estimates": []}, "incomeStatementHistoryQuarterly": {"incomeStatementHistory": [{"maxAge": 1, "endDate": "2020-06-30", "totalRevenue": 237052000, "costOfRevenue": 150981000, "grossProfit": 86071000, "researchDevelopment": {}, "sellingGeneralAdministrative": 36816000, "nonRecurring": {}, "otherOperatingExpenses": 11132000, "totalOperatingExpenses": 228035000, "operatingIncome": 9017000, "totalOtherIncomeExpenseNet": -5015000, "ebit": 9017000, "interestExpense": -8379000, "incomeBeforeTax": 4002000, "incomeTaxExpense": 1045000, "minorityInterest": {}, "netIncomeFromContinuingOps": 2957000, "discontinuedOperations": {}, "extraordinaryItems": {}, "effectOfAccountingCharges": {}, "otherItems": {}, "netIncome": 2957000, "netIncomeApplicableToCommonShares": 2957000}, {"maxAge": 1, "endDate": "2020-03-31", "totalRevenue": 327124000, "costOfRevenue": -586351000, "grossProfit": 913475000, "researchDevelopment": {}, "sellingGeneralAdministrative": 66253000, "nonRecurring": {}, "otherOperatingExpenses": 822373000, "totalOperatingExpenses": 340411000, "operatingIncome": -13287000, "totalOtherIncomeExpenseNet": -8593000, "ebit": -13287000, "interestExpense": -8016000, "incomeBeforeTax": -21880000, "incomeTaxExpense": -323000, "minorityInterest": {}, "netIncomeFromContinuingOps": -21557000, "discontinuedOperations": {}, "extraordinaryItems": {}, "effectOfAccountingCharges": {}, "otherItems": {}, "netIncome": -21557000, "netIncomeApplicableToCommonShares": -21557000}, {"maxAge": 1, "endDate": "2019-12-31", "totalRevenue": 438034000, "costOfRevenue": 269371000, "grossProfit": 168663000, "researchDevelopment": {}, "sellingGeneralAdministrative": 54799000, "nonRecurring": {}, "otherOperatingExpenses": 25108000, "totalOperatingExpenses": 389455000, "operatingIncome": 48579000, "totalOtherIncomeExpenseNet": -10834000, "ebit": 48579000, "interestExpense": -11634000, "incomeBeforeTax": 37745000, "incomeTaxExpense": 21196000, "minorityInterest": {}, "netIncomeFromContinuingOps": 16549000, "discontinuedOperations": {}, "extraordinaryItems": {}, "effectOfAccountingCharges": {}, "otherItems": {}, "netIncome": 16549000, "netIncomeApplicableToCommonShares": 16549000}, {"maxAge": 1, "endDate": "2019-09-30", "totalRevenue": 584832000, "costOfRevenue": 376677000, "grossProfit": 208155000, "researchDevelopment": {}, "sellingGeneralAdministrative": 54118000, "nonRecurring": {}, "otherOperatingExpenses": 30051000, "totalOperatingExpenses": 501041000, "operatingIncome": 83791000, "totalOtherIncomeExpenseNet": -8965000, "ebit": 83791000, "interestExpense": -10826000, "incomeBeforeTax": 74826000, "incomeTaxExpense": 33508000, "minorityInterest": {}, "netIncomeFromContinuingOps": 41318000, "discontinuedOperations": {}, "extraordinaryItems": {}, "effectOfAccountingCharges": {}, "otherItems": {}, "netIncome": 41318000, "netIncomeApplicableToCommonShares": 41318000}], "maxAge": 86400}, "cashflowStatementHistoryQuarterly": {"cashflowStatements": [{"maxAge": 1, "endDate": "2020-06-30", "netIncome": 2957000, "changeToLiabilities": 0}, {"maxAge": 1, "endDate": "2020-03-31", "netIncome": -21557000, "changeToLiabilities": 0}, {"maxAge": 1, "endDate": "2019-12-31", "netIncome": 16549000, "changeToLiabilities": 0}, {"maxAge": 1, "endDate": "2019-09-30", "netIncome": 41318000, "changeToLiabilities": 0}], "maxAge": 86400}, "insiderHolders": {"holders": [{"maxAge": 1, "name": "Kumar (T)", "relation": "Director", "url": "", "transactionDescription": "Acquisition", "latestTransDate": "2012-08-03", "positionDirect": 124000, "positionDirectDate": "2012-08-03"}, {"maxAge": 1, "name": "Rushil Industries Ltd", "relation": "Promoter", "url": "", "transactionDescription": "Sale", "latestTransDate": "2019-12-30", "positionDirect": 1576000, "positionDirectDate": "2019-12-30"}, {"maxAge": 1, "name": "Tamboli (Chetan M)", "relation": "Chairman of the Board", "url": "", "transactionDescription": "Acquisition", "latestTransDate": "2020-09-14", "positionDirect": 3319420, "positionDirectDate": "2020-09-14"}, {"maxAge": 1, "name": "Tamboli (Chetan M) HUF", "relation": "Promoter", "url": "", "transactionDescription": "Acquisition", "latestTransDate": "2012-08-03", "positionDirect": 835320, "positionDirectDate": "2012-08-03"}, {"maxAge": 1, "name": "Tamboli (Hansaben M)", "relation": "Promoter", "url": "", "transactionDescription": "Acquisition", "latestTransDate": "2012-08-03", "positionDirect": 640, "positionDirectDate": "2012-08-03"}, {"maxAge": 1, "name": "Tamboli (Manali C)", "relation": "Director (Executive)", "url": "", "transactionDescription": "Acquisition", "latestTransDate": "2020-09-14", "positionDirect": 1229480, "positionDirectDate": "2020-09-14"}, {"maxAge": 1, "name": "Tamboli (Manmohan F)", "relation": "Non Executive Chairman", "url": "", "transactionDescription": "Acquisition", "latestTransDate": "2012-08-03", "positionDirect": 480, "positionDirectDate": "2012-08-03"}, {"maxAge": 1, "name": "Tamboli (Rushil C)", "relation": "Promoter", "url": "", "transactionDescription": "Gift", "latestTransDate": "2015-01-20", "positionDirect": 0, "positionDirectDate": "2015-01-20"}, {"maxAge": 1, "name": "Tamboli (Vidhi C)", "relation": "Promoter", "url": "", "transactionDescription": "Gift", "latestTransDate": "2015-01-20", "positionDirect": 0, "positionDirectDate": "2015-01-20"}, {"maxAge": 1, "name": "Tamboli Investments Pvt Ltd", "relation": "Promoter", "url": "", "transactionDescription": "Acquisition", "latestTransDate": "2012-08-03", "positionDirect": 1963200, "positionDirectDate": "2012-08-03"}], "maxAge": 1}, "earnings": {"maxAge": 86400, "earningsChart": {"quarterly": [{"date": "4Q2017", "actual": 2.37, "estimate": 0.87}], "currentQuarterEstimateDate": "1Q", "currentQuarterEstimateYear": 2018, "earningsDate": []}, "financialsChart": {"yearly": [{"date": 2017, "revenue": 1339515000, "earnings": 29719000}, {"date": 2018, "revenue": 2312432000, "earnings": 208582000}, {"date": 2019, "revenue": 3179247000, "earnings": 249753000}, {"date": 2020, "revenue": 2005888000, "earnings": 79775000}], "quarterly": [{"date": "3Q2019", "revenue": 584832000, "earnings": 41318000}, {"date": "4Q2019", "revenue": 438034000, "earnings": 16549000}, {"date": "1Q2020", "revenue": 327124000, "earnings": -21557000}, {"date": "2Q2020", "revenue": 237052000, "earnings": 2957000}]}, "financialCurrency": "INR"}, "calendarEvents": {"maxAge": 1, "earnings": {"earningsDate": []}}, "upgradeDowngradeHistory": {"history": [], "maxAge": 86400}, "price": {"maxAge": 1, "regularMarketChangePercent": -0.055936486, "regularMarketChange": -7.75, "regularMarketTime": "2021-04-30 15:57:51", "priceHint": 2, "regularMarketPrice": 130.8, "regularMarketDayHigh": 143.9, "regularMarketDayLow": 120.0, "regularMarketVolume": 14166, "averageDailyVolume10Day": 6154, "averageDailyVolume3Month": 6538, "regularMarketPreviousClose": 138.55, "regularMarketSource": "FREE_REALTIME", "regularMarketOpen": 128.0, "exchange": "BSE", "exchangeName": "BSE", "exchangeDataDelayedBy": 0, "marketState": "CLOSED", "quoteType": "EQUITY", "symbol": "STEELCAS.BO", "underlyingSymbol": null, "shortName": "STEELCAST LTD.", "longName": "Steelcast Limited", "currency": "INR", "quoteSourceName": "Delayed Quote", "currencySymbol": "\u20b9", "fromCurrency": null, "lastMarket": null, "marketCap": 2647392000}, "balanceSheetHistory": {"balanceSheetStatements": [{"maxAge": 1, "endDate": "2020-03-31", "cash": 2821000, "shortTermInvestments": 1913000, "netReceivables": 438582000, "inventory": 230286000, "otherCurrentAssets": 101282000, "totalCurrentAssets": 782804000, "longTermInvestments": 863000, "propertyPlantEquipment": 1051121000, "intangibleAssets": 16888000, "otherAssets": 121254000, "totalAssets": 1972930000, "accountsPayable": 104467000, "shortLongTermDebt": 148418000, "otherCurrentLiab": 40847000, "longTermDebt": 124868000, "otherLiab": 158385000, "totalCurrentLiabilities": 510746000, "totalLiab": 793999000, "commonStock": 101200000, "retainedEarnings": 885646000, "treasuryStock": 467000, "capitalSurplus": 191618000, "otherStockholderEquity": 467000, "totalStockholderEquity": 1178931000, "netTangibleAssets": 1162043000}, {"maxAge": 1, "endDate": "2019-03-31", "cash": 35979000, "shortTermInvestments": 3273000, "netReceivables": 584086000, "inventory": 239877000, "otherCurrentAssets": 115256000, "totalCurrentAssets": 987692000, "longTermInvestments": 870000, "propertyPlantEquipment": 1148913000, "intangibleAssets": 23423000, "otherAssets": 60958000, "totalAssets": 2221856000, "accountsPayable": 162063000, "shortLongTermDebt": 123026000, "otherCurrentLiab": 112560000, "longTermDebt": 276284000, "otherLiab": 96133000, "totalCurrentLiabilities": 699844000, "totalLiab": 1072261000, "commonStock": 101200000, "retainedEarnings": 856310000, "treasuryStock": 467000, "capitalSurplus": 191618000, "otherStockholderEquity": 467000, "totalStockholderEquity": 1149595000, "netTangibleAssets": 1126172000}, {"maxAge": 1, "endDate": "2018-03-31", "cash": 4849000, "netReceivables": 555151000, "inventory": 404280000, "otherCurrentAssets": 196902000, "totalCurrentAssets": 1169763000, "longTermInvestments": 952000, "propertyPlantEquipment": 1223596000, "intangibleAssets": 28831000, "otherAssets": 13020000, "totalAssets": 2436162000, "accountsPayable": 297246000, "shortLongTermDebt": 80223000, "otherCurrentLiab": 86855000, "longTermDebt": 137685000, "otherLiab": 153528000, "totalCurrentLiabilities": 1208575000, "totalLiab": 1502856000, "commonStock": 101200000, "retainedEarnings": 640021000, "treasuryStock": 467000, "capitalSurplus": 191618000, "otherStockholderEquity": 467000, "totalStockholderEquity": 933306000, "netTangibleAssets": 904475000}, {"maxAge": 1, "endDate": "2017-03-31", "cash": 18394000, "netReceivables": 369705000, "inventory": 247496000, "otherCurrentAssets": 141339000, "totalCurrentAssets": 779219000, "longTermInvestments": 1282000, "propertyPlantEquipment": 1239236000, "intangibleAssets": 18717000, "otherAssets": 66843000, "totalAssets": 2105297000, "accountsPayable": 143953000, "shortLongTermDebt": 148443000, "otherCurrentLiab": 59480000, "longTermDebt": 255581000, "otherLiab": 237394000, "totalCurrentLiabilities": 871918000, "totalLiab": 1364893000, "commonStock": 101200000, "retainedEarnings": 447119000, "treasuryStock": 467000, "capitalSurplus": 191618000, "otherStockholderEquity": 467000, "totalStockholderEquity": 740404000, "netTangibleAssets": 721687000}], "maxAge": 86400}, "earningsTrend": {"trend": [{"maxAge": 1, "period": "0q", "endDate": "2018-03-31", "growth": {}, "earningsEstimate": {"avg": 0.0, "low": 0.0, "high": 0.0, "yearAgoEps": {}, "numberOfAnalysts": 0, "growth": {}}, "revenueEstimate": {"avg": 0, "low": 0, "high": 0, "numberOfAnalysts": 0, "yearAgoRevenue": {}, "growth": {}}, "epsTrend": {"current": 0.0, "7daysAgo": 0.0, "30daysAgo": 0.0, "60daysAgo": 0.0, "90daysAgo": 0.0}, "epsRevisions": {"upLast7days": 0, "upLast30days": 0, "downLast30days": 0, "downLast90days": {}}}, {"maxAge": 1, "period": "+1q", "endDate": "2018-06-30", "growth": {}, "earningsEstimate": {"avg": 0.0, "low": 0.0, "high": 0.0, "yearAgoEps": {}, "numberOfAnalysts": 0, "growth": {}}, "revenueEstimate": {"avg": 0, "low": 0, "high": 0, "numberOfAnalysts": 0, "yearAgoRevenue": {}, "growth": {}}, "epsTrend": {"current": 0.0, "7daysAgo": 0.0, "30daysAgo": 0.0, "60daysAgo": 0.0, "90daysAgo": 0.0}, "epsRevisions": {"upLast7days": 0, "upLast30days": 0, "downLast30days": 0, "downLast90days": {}}}, {"maxAge": 1, "period": "0y", "endDate": "2018-03-31", "growth": {}, "earningsEstimate": {"avg": 0.0, "low": 0.0, "high": 0.0, "yearAgoEps": {}, "numberOfAnalysts": 0, "growth": {}}, "revenueEstimate": {"avg": 2312430000, "low": 1934490000, "high": 1934490000, "numberOfAnalysts": 1, "yearAgoRevenue": {}, "growth": {}}, "epsTrend": {"current": 0.0, "7daysAgo": 4.74, "30daysAgo": 4.74, "60daysAgo": 4.74, "90daysAgo": 4.74}, "epsRevisions": {"upLast7days": 0, "upLast30days": 0, "downLast30days": 0, "downLast90days": {}}}, {"maxAge": 1, "period": "+1y", "endDate": "2019-03-31", "growth": {}, "earningsEstimate": {"avg": 0.0, "low": 0.0, "high": 0.0, "yearAgoEps": {}, "numberOfAnalysts": 0, "growth": {}}, "revenueEstimate": {"avg": 2987450000, "low": 2987450000, "high": 2987450000, "numberOfAnalysts": 1, "yearAgoRevenue": 2312430000, "growth": 0.292}, "epsTrend": {"current": 0.0, "7daysAgo": 13.95, "30daysAgo": 13.95, "60daysAgo": 13.95, "90daysAgo": 13.95}, "epsRevisions": {"upLast7days": 0, "upLast30days": 0, "downLast30days": 0, "downLast90days": {}}}, {"maxAge": 1, "period": "+5y", "endDate": null, "growth": {}, "earningsEstimate": {"avg": {}, "low": {}, "high": {}, "yearAgoEps": {}, "numberOfAnalysts": {}, "growth": {}}, "revenueEstimate": {"avg": {}, "low": {}, "high": {}, "numberOfAnalysts": {}, "yearAgoRevenue": {}, "growth": {}}, "epsTrend": {"current": {}, "7daysAgo": {}, "30daysAgo": {}, "60daysAgo": {}, "90daysAgo": {}}, "epsRevisions": {"upLast7days": {}, "upLast30days": {}, "downLast30days": {}, "downLast90days": {}}}, {"maxAge": 1, "period": "-5y", "endDate": null, "growth": {}, "earningsEstimate": {"avg": {}, "low": {}, "high": {}, "yearAgoEps": {}, "numberOfAnalysts": {}, "growth": {}}, "revenueEstimate": {"avg": {}, "low": {}, "high": {}, "numberOfAnalysts": {}, "yearAgoRevenue": {}, "growth": {}}, "epsTrend": {"current": {}, "7daysAgo": {}, "30daysAgo": {}, "60daysAgo": {}, "90daysAgo": {}}, "epsRevisions": {"upLast7days": {}, "upLast30days": {}, "downLast30days": {}, "downLast90days": {}}}], "maxAge": 1}, "financialData": {"maxAge": 86400, "currentPrice": 130.8, "targetHighPrice": 61.0, "targetLowPrice": 61.0, "targetMeanPrice": 61.0, "targetMedianPrice": 61.0, "recommendationKey": "none", "numberOfAnalystOpinions": 1, "grossProfits": 1519197000, "financialCurrency": "INR"}}}