{"STEELXIND.NS": {"assetProfile": {"address1": "Green City Towers", "address2": "4th Floor, Block-A Green City, Near Apparel Export Park Vadlapudi Post", "city": "Visakhapatnam", "zip": "530049", "country": "India", "phone": "91 89 1258 7175", "fax": "91 89 1274 9215", "website": "http://www.seil.co.in", "industry": "Steel", "sector": "Basic Materials", "longBusinessSummary": "Steel Exchange India Limited manufactures and sells steel and related products in India. It produces ingots using sponge iron and scrap/pig iron; TMT bars; sponge iron products, including lumps, fines, and briquettes; and steel billets. The company also trades in various products ranging from finished steel products to semis, coal, scrap, sponge iron, etc. It sells TMT bars under the Simhadri TMT Bars brand. In addition, the company generates power from waste heat. Steel Exchange India Limited was incorporated in 1999 and is based in Visakhapatnam, India.", "fullTimeEmployees": 819, "companyOfficers": [{"maxAge": 1, "name": "Mr. Bandi Satish Kumar", "age": 60, "title": "Chairman & MD", "yearBorn": 1960, "fiscalYear": 2020, "totalPay": 6741682, "exercisedValue": 0, "unexercisedValue": 0}, {"maxAge": 1, "name": "Mr. Bandi Suresh Kumar", "age": 56, "title": "Joint MD & Whole Time Director", "yearBorn": 1964, "fiscalYear": 2020, "totalPay": 6000000, "exercisedValue": 0, "unexercisedValue": 0}, {"maxAge": 1, "name": "Mr. Bandi Ramesh Kumar", "age": 58, "title": "CFO, Joint MD & Whole-Time Director", "yearBorn": 1962, "fiscalYear": 2020, "totalPay": 6000000, "exercisedValue": 0, "unexercisedValue": 0}, {"maxAge": 1, "name": "Mr. Mannem Raveendra Babu", "title": "Company Sec. & Compliance Officer", "exercisedValue": 0, "unexercisedValue": 0}], "compensationAsOfEpochDate": "2020-12-31 05:30:00", "maxAge": 86400}, "cashflowStatementHistory": {"cashflowStatements": [{"maxAge": 1, "endDate": "2020-03-31", "netIncome": 642949836, "depreciation": 272365544, "changeToNetincome": -29606012, "changeToAccountReceivables": -42213685, "changeToLiabilities": -268981774, "changeToInventory": 156623110, "changeToOperatingActivities": -364579670, "totalCashFromOperatingActivities": 366557349, "capitalExpenditures": -23740949, "investments": 3093439, "otherCashflowsFromInvestingActivities": 523201, "totalCashflowsFromInvestingActivities": -19011244, "netBorrowings": -66268373, "otherCashflowsFromFinancingActivities": -34706167, "totalCashFromFinancingActivities": -100974540, "changeInCash": 246571566}, {"maxAge": 1, "endDate": "2019-03-31", "netIncome": -366786907, "depreciation": 296216199, "changeToNetincome": 860040620, "changeToAccountReceivables": 90566808, "changeToLiabilities": 392169485, "changeToInventory": -134524082, "changeToOperatingActivities": -539032468, "totalCashFromOperatingActivities": 598649655, "capitalExpenditures": -31592704, "investments": 3093439, "otherCashflowsFromInvestingActivities": 3696146, "totalCashflowsFromInvestingActivities": -27394159, "netBorrowings": -477184802, "otherCashflowsFromFinancingActivities": -99655420, "totalCashFromFinancingActivities": -576840222, "changeInCash": -5584726}, {"maxAge": 1, "endDate": "2018-03-31", "netIncome": -1701320502, "depreciation": 289987255, "changeToNetincome": 1371388898, "changeToAccountReceivables": 711074190, "changeToLiabilities": -111119328, "changeToInventory": 571411228, "changeToOperatingActivities": -627438964, "totalCashFromOperatingActivities": 503982777, "capitalExpenditures": -531843382, "investments": 3093439, "otherCashflowsFromInvestingActivities": 495141442, "totalCashflowsFromInvestingActivities": -15660884, "netBorrowings": 864306003, "otherCashflowsFromFinancingActivities": -1355206426, "totalCashFromFinancingActivities": -490900423, "changeInCash": -2578530}, {"maxAge": 1, "endDate": "2017-03-31", "netIncome": -1571597513, "depreciation": 297559258, "changeToNetincome": 2090065479, "changeToAccountReceivables": -52945636, "changeToLiabilities": -4711365849, "changeToInventory": 817113164, "changeToOperatingActivities": 1644011011, "totalCashFromOperatingActivities": -1487160086, "capitalExpenditures": -63909503, "investments": 3093439, "otherCashflowsFromInvestingActivities": 495141442, "totalCashflowsFromInvestingActivities": -63247201, "netBorrowings": 3087422317, "otherCashflowsFromFinancingActivities": -1574423051, "totalCashFromFinancingActivities": 1512999266, "changeInCash": -37408021}], "maxAge": 86400}, "institutionOwnership": {"ownershipList": [], "maxAge": 1}, "majorHoldersBreakdown": {"maxAge": 1, "insidersPercentHeld": 0.31116, "institutionsPercentHeld": 0.0, "institutionsFloatPercentHeld": 0.0, "institutionsCount": 0}, "balanceSheetHistoryQuarterly": {"balanceSheetStatements": [{"maxAge": 1, "endDate": "2020-12-31", "totalStockholderEquity": 1740234000, "netTangibleAssets": 1740234000}, {"maxAge": 1, "endDate": "2020-09-30", "cash": 141939000, "netReceivables": 233285000, "inventory": 5690240000, "otherCurrentAssets": 582303000, "totalCurrentAssets": 6647767000, "propertyPlantEquipment": 6577116000, "otherAssets": 273731000, "totalAssets": 13498614000, "accountsPayable": 1158344000, "shortLongTermDebt": 2296337000, "otherCurrentLiab": 494646000, "longTermDebt": 1016888000, "otherLiab": 305175000, "totalCurrentLiabilities": 10436317000, "totalLiab": 11758380000, "commonStock": 759848000, "treasuryStock": 980386000, "otherStockholderEquity": 980386000, "totalStockholderEquity": 1740234000, "netTangibleAssets": 1740234000}, {"maxAge": 1, "endDate": "2020-06-30", "totalStockholderEquity": 1555004000, "netTangibleAssets": 1555004000}, {"maxAge": 1, "endDate": "2020-03-31", "cash": 255591359, "netReceivables": 416562601, "inventory": 5771237357, "otherCurrentAssets": 533152655, "totalCurrentAssets": 6977516943, "propertyPlantEquipment": 6700834620, "otherAssets": 193179550, "totalAssets": 13871531113, "accountsPayable": 1089300043, "shortLongTermDebt": 1720281886, "otherCurrentLiab": 466654912, "longTermDebt": 1218387500, "otherLiab": 305175429, "deferredLongTermLiab": 5003375, "totalCurrentLiabilities": 10792964349, "totalLiab": 12316527278, "commonStock": 759848120, "retainedEarnings": -4970915003, "treasuryStock": 4868246758, "capitalSurplus": 897823960, "otherStockholderEquity": 4868246758, "totalStockholderEquity": 1555003835, "netTangibleAssets": 1555003835}], "maxAge": 86400}, "indexTrend": {"maxAge": 1, "symbol": "SP5", "peRatio": 19.7411, "pegRatio": 1.34172, "estimates": [{"period": "0q", "growth": 0.549}, {"period": "+1q", "growth": 0.431}, {"period": "0y", "growth": 0.305}, {"period": "+1y", "growth": 0.109}, {"period": "+5y", "growth": 0.120865}, {"period": "-5y"}]}, "defaultKeyStatistics": {"maxAge": 1, "priceHint": 2, "enterpriseValue": 14551519232, "profitMargins": 0.17198999, "floatShares": 25851624, "sharesOutstanding": 80388896, "heldPercentInsiders": 0.31116, "heldPercentInstitutions": 0.0, "beta": 1.944266, "category": null, "bookValue": 22.899, "priceToBook": 2.81235, "fundFamily": null, "legalType": null, "lastFiscalYearEnd": "2020-03-31 05:30:00", "nextFiscalYearEnd": "2022-03-31 05:30:00", "mostRecentQuarter": "2020-12-31 05:30:00", "earningsQuarterlyGrowth": 6.07, "netIncomeToCommon": 1295972864, "trailingEps": 17.047, "lastSplitFactor": null, "enterpriseToRevenue": 1.931, "enterpriseToEbitda": 14.961}, "summaryProfile": {"address1": "Green City Towers", "address2": "4th Floor, Block-A Green City, Near Apparel Export Park Vadlapudi Post", "city": "Visakhapatnam", "zip": "530049", "country": "India", "phone": "91 89 1258 7175", "fax": "91 89 1274 9215", "website": "http://www.seil.co.in", "industry": "Steel", "sector": "Basic Materials", "longBusinessSummary": "Steel Exchange India Limited manufactures and sells steel and related products in India. It produces ingots using sponge iron and scrap/pig iron; TMT bars; sponge iron products, including lumps, fines, and briquettes; and steel billets. The company also trades in various products ranging from finished steel products to semis, coal, scrap, sponge iron, etc. It sells TMT bars under the Simhadri TMT Bars brand. In addition, the company generates power from waste heat. Steel Exchange India Limited was incorporated in 1999 and is based in Visakhapatnam, India.", "fullTimeEmployees": 819, "companyOfficers": [], "maxAge": 86400}, "netSharePurchaseActivity": {"maxAge": 1, "period": "6m", "buyInfoCount": 0, "buyInfoShares": 0, "sellInfoCount": 0, "netInfoCount": 0, "netInfoShares": 0, "netPercentInsiderShares": 0.0, "totalInsiderShares": 23648364}, "insiderTransactions": {"transactions": [{"maxAge": 1, "shares": 40000, "filerUrl": "", "transactionText": "", "filerName": "Bhaskar (K V)", "filerRelation": "Promoter", "moneyText": "", "startDate": "2017-08-02", "ownership": "D"}, {"maxAge": 1, "shares": 30500, "filerUrl": "", "transactionText": "", "filerName": "VPL Projects Pvt Ltd", "filerRelation": "Institution- Corporation", "moneyText": "", "startDate": "2013-07-03", "ownership": "D"}, {"maxAge": 1, "shares": 50000, "filerUrl": "", "transactionText": "", "filerName": "VPL Projects Pvt Ltd", "filerRelation": "Institution- Corporation", "moneyText": "", "startDate": "2013-06-28", "ownership": "D"}, {"maxAge": 1, "shares": 140000, "filerUrl": "", "transactionText": "", "filerName": "VPL Projects Pvt Ltd", "filerRelation": "Institution- Corporation", "moneyText": "", "startDate": "2013-06-27", "ownership": "D"}, {"maxAge": 1, "shares": 70000, "filerUrl": "", "transactionText": "", "filerName": "VPL Projects Pvt Ltd", "filerRelation": "Institution- Corporation", "moneyText": "", "startDate": "2013-06-24", "ownership": "D"}], "maxAge": 1}, "quoteType": {"exchange": "NSI", "quoteType": "EQUITY", "symbol": "STEELXIND.NS", "underlyingSymbol": "STEELXIND.NS", "shortName": "STEEL EXCHANGE IND", "longName": "Steel Exchange India Limited", "firstTradeDateEpochUtc": "2017-07-20 09:15:00", "timeZoneFullName": "Asia/Kolkata", "timeZoneShortName": "IST", "uuid": "c19e100a-aadf-33df-87d6-e85a11f0bf8a", "gmtOffSetMilliseconds": 19800000, "maxAge": 1}, "incomeStatementHistory": {"incomeStatementHistory": [{"maxAge": 1, "endDate": "2020-03-31", "totalRevenue": 7808194459, "costOfRevenue": 6135837273, "grossProfit": 1672357186, "researchDevelopment": {}, "sellingGeneralAdministrative": 265621362, "nonRecurring": {}, "otherOperatingExpenses": 518792144, "totalOperatingExpenses": 7263718390, "operatingIncome": 544476069, "totalOtherIncomeExpenseNet": -152777344, "ebit": 544476069, "interestExpense": -33211845, "incomeBeforeTax": 391698725, "incomeTaxExpense": -251251111, "minorityInterest": {}, "netIncomeFromContinuingOps": 642949836, "discontinuedOperations": {}, "extraordinaryItems": {}, "effectOfAccountingCharges": {}, "otherItems": {}, "netIncome": 642949836, "netIncomeApplicableToCommonShares": 642949836}, {"maxAge": 1, "endDate": "2019-03-31", "totalRevenue": 10239413154, "costOfRevenue": 8442566511, "grossProfit": 1796846643, "researchDevelopment": {}, "sellingGeneralAdministrative": 260823538, "nonRecurring": {}, "otherOperatingExpenses": 747281039, "totalOperatingExpenses": 10257748909, "operatingIncome": -18335755, "totalOtherIncomeExpenseNet": -153399991, "ebit": -18335755, "interestExpense": -91836746, "incomeBeforeTax": -171735746, "incomeTaxExpense": 195051161, "minorityInterest": {}, "netIncomeFromContinuingOps": -366786907, "discontinuedOperations": {}, "extraordinaryItems": {}, "effectOfAccountingCharges": {}, "otherItems": {}, "netIncome": -366786907, "netIncomeApplicableToCommonShares": -366786907}, {"maxAge": 1, "endDate": "2018-03-31", "totalRevenue": 9281176265, "costOfRevenue": 7934850087, "grossProfit": 1346326178, "researchDevelopment": {}, "sellingGeneralAdministrative": 246608679, "nonRecurring": {}, "otherOperatingExpenses": 1148950212, "totalOperatingExpenses": 9620396233, "operatingIncome": -339219968, "totalOtherIncomeExpenseNet": -1807723627, "ebit": -339219968, "interestExpense": -1334825441, "incomeBeforeTax": -2146943595, "incomeTaxExpense": -445623093, "minorityInterest": {}, "netIncomeFromContinuingOps": -1701320502, "discontinuedOperations": {}, "extraordinaryItems": {}, "effectOfAccountingCharges": {}, "otherItems": {}, "netIncome": -1701320502, "netIncomeApplicableToCommonShares": -1701320502}, {"maxAge": 1, "endDate": "2017-03-31", "totalRevenue": 12726026999, "costOfRevenue": 10834551145, "grossProfit": 1891475854, "researchDevelopment": {}, "sellingGeneralAdministrative": 242158002, "nonRecurring": {}, "otherOperatingExpenses": 882567891, "totalOperatingExpenses": 12258785343, "operatingIncome": 467241656, "totalOtherIncomeExpenseNet": -2055678357, "ebit": 467241656, "interestExpense": -1300931672, "incomeBeforeTax": -1588436701, "incomeTaxExpense": -16839188, "minorityInterest": {}, "netIncomeFromContinuingOps": -1571597513, "discontinuedOperations": {}, "extraordinaryItems": {}, "effectOfAccountingCharges": {}, "otherItems": {}, "netIncome": -1571597513, "netIncomeApplicableToCommonShares": -1571597513}], "maxAge": 86400}, "fundOwnership": {"ownershipList": [], "maxAge": 1}, "summaryDetail": {"maxAge": 1, "priceHint": 2, "previousClose": 62.6, "open": 62.05, "dayLow": 61.6, "dayHigh": 66.95, "regularMarketPreviousClose": 62.6, "regularMarketOpen": 62.05, "regularMarketDayLow": 61.6, "regularMarketDayHigh": 66.95, "payoutRatio": 0.0, "beta": 1.944266, "trailingPE": 3.7777908, "volume": 300305, "regularMarketVolume": 300305, "averageVolume": 173036, "averageVolume10days": 510411, "averageDailyVolume10Day": 510411, "bid": 0.0, "ask": 0.0, "bidSize": 0, "askSize": 0, "marketCap": 5181179904, "fiftyTwoWeekLow": 11.5, "fiftyTwoWeekHigh": 68.7, "priceToSalesTrailing12Months": 0.6876072, "fiftyDayAverage": 54.242424, "twoHundredDayAverage": 43.123928, "currency": "INR", "fromCurrency": null, "lastMarket": null, "algorithm": null, "tradeable": false}, "incomeStatementHistoryQuarterly": {"incomeStatementHistory": [{"maxAge": 1, "endDate": "2020-12-31", "totalRevenue": 2693766000, "costOfRevenue": 2107857000, "grossProfit": 585909000, "researchDevelopment": {}, "sellingGeneralAdministrative": 64900000, "nonRecurring": {}, "otherOperatingExpenses": 6620000, "totalOperatingExpenses": 2239752000, "operatingIncome": 454014000, "totalOtherIncomeExpenseNet": 469394000, "ebit": 454014000, "interestExpense": -69390000, "incomeBeforeTax": 923408000, "incomeTaxExpense": 0, "minorityInterest": {}, "netIncomeFromContinuingOps": 923408000, "discontinuedOperations": {}, "extraordinaryItems": {}, "effectOfAccountingCharges": {}, "otherItems": {}, "netIncome": 923408000, "netIncomeApplicableToCommonShares": 923408000}, {"maxAge": 1, "endDate": "2020-09-30", "totalRevenue": 2103464000, "costOfRevenue": 1683360000, "grossProfit": 420104000, "researchDevelopment": {}, "sellingGeneralAdministrative": 63044000, "nonRecurring": {}, "otherOperatingExpenses": 114195000, "totalOperatingExpenses": 1922956000, "operatingIncome": 180508000, "totalOtherIncomeExpenseNet": -3437000, "ebit": 180508000, "interestExpense": -3438000, "incomeBeforeTax": 177071000, "incomeTaxExpense": 0, "minorityInterest": {}, "netIncomeFromContinuingOps": 177071000, "discontinuedOperations": {}, "extraordinaryItems": {}, "effectOfAccountingCharges": {}, "otherItems": {}, "netIncome": 177071000, "netIncomeApplicableToCommonShares": 177071000}, {"maxAge": 1, "endDate": "2020-06-30", "totalRevenue": 917280000, "costOfRevenue": 724080000, "grossProfit": 193200000, "researchDevelopment": {}, "sellingGeneralAdministrative": 58715000, "nonRecurring": {}, "otherOperatingExpenses": 63591000, "totalOperatingExpenses": 908876000, "operatingIncome": 8404000, "totalOtherIncomeExpenseNet": -245000, "ebit": 8404000, "interestExpense": -245000, "incomeBeforeTax": 8159000, "incomeTaxExpense": 0, "minorityInterest": {}, "netIncomeFromContinuingOps": 8159000, "discontinuedOperations": {}, "extraordinaryItems": {}, "effectOfAccountingCharges": {}, "otherItems": {}, "netIncome": 8159000, "netIncomeApplicableToCommonShares": 8159000}, {"maxAge": 1, "endDate": "2020-03-31", "totalRevenue": 1803753459, "costOfRevenue": 1564183273, "grossProfit": 239570186, "researchDevelopment": {}, "sellingGeneralAdministrative": 71249362, "nonRecurring": {}, "otherOperatingExpenses": -43896856, "totalOperatingExpenses": 1728559390, "operatingIncome": 75194069, "totalOtherIncomeExpenseNet": -139110344, "ebit": 75194069, "interestExpense": -19544845, "incomeBeforeTax": -63916275, "incomeTaxExpense": -251251111, "minorityInterest": {}, "netIncomeFromContinuingOps": 187334836, "discontinuedOperations": {}, "extraordinaryItems": {}, "effectOfAccountingCharges": {}, "otherItems": {}, "netIncome": 187334836, "netIncomeApplicableToCommonShares": 187334836}], "maxAge": 86400}, "cashflowStatementHistoryQuarterly": {"cashflowStatements": [{"maxAge": 1, "endDate": "2020-12-31", "netIncome": 923408000, "changeToLiabilities": 0}, {"maxAge": 1, "endDate": "2020-09-30", "netIncome": 177071000, "changeToLiabilities": 0}, {"maxAge": 1, "endDate": "2020-06-30", "netIncome": 8159000, "changeToLiabilities": 0}, {"maxAge": 1, "endDate": "2020-03-31", "netIncome": 187334836, "changeToLiabilities": 0}], "maxAge": 86400}, "insiderHolders": {"holders": [{"maxAge": 1, "name": "Bhaskar (K V)", "relation": "Promoter", "url": "", "transactionDescription": "Sale", "latestTransDate": "2017-08-02", "positionDirect": 146328, "positionDirectDate": "2017-08-02"}], "maxAge": 1}, "calendarEvents": {"maxAge": 1, "earnings": {"earningsDate": []}}, "upgradeDowngradeHistory": {"history": [], "maxAge": 86400}, "price": {"maxAge": 1, "regularMarketChangePercent": 0.028754044, "regularMarketChange": 1.800003, "regularMarketTime": "2021-04-30 15:29:56", "priceHint": 2, "regularMarketPrice": 64.4, "regularMarketDayHigh": 66.95, "regularMarketDayLow": 61.6, "regularMarketVolume": 300305, "averageDailyVolume10Day": 510411, "averageDailyVolume3Month": 173036, "regularMarketPreviousClose": 62.6, "regularMarketSource": "FREE_REALTIME", "regularMarketOpen": 62.05, "exchange": "NSI", "exchangeName": "NSE", "exchangeDataDelayedBy": 15, "marketState": "CLOSED", "quoteType": "EQUITY", "symbol": "STEELXIND.NS", "underlyingSymbol": null, "shortName": "STEEL EXCHANGE IND", "longName": "Steel Exchange India Limited", "currency": "INR", "quoteSourceName": "Delayed Quote", "currencySymbol": "\u20b9", "fromCurrency": null, "lastMarket": null, "marketCap": 5181179904}, "balanceSheetHistory": {"balanceSheetStatements": [{"maxAge": 1, "endDate": "2020-03-31", "cash": 255591359, "netReceivables": 416562601, "inventory": 5771237357, "otherCurrentAssets": 533152655, "totalCurrentAssets": 6977516943, "propertyPlantEquipment": 6700834620, "otherAssets": 193179550, "totalAssets": 13871531113, "accountsPayable": 1089300043, "shortLongTermDebt": 1720281886, "otherCurrentLiab": 466654912, "longTermDebt": 1218387500, "otherLiab": 305175429, "deferredLongTermLiab": 5003375, "totalCurrentLiabilities": 10792964349, "totalLiab": 12316527278, "commonStock": 759848120, "retainedEarnings": -4970915003, "treasuryStock": 4868246758, "capitalSurplus": 897823960, "otherStockholderEquity": 4868246758, "totalStockholderEquity": 1555003835, "netTangibleAssets": 1555003835}, {"maxAge": 1, "endDate": "2019-03-31", "cash": 9019794, "netReceivables": 426872449, "inventory": 5927860467, "otherCurrentAssets": 621300723, "totalCurrentAssets": 6990836173, "propertyPlantEquipment": 6952072757, "otherAssets": 332232652, "totalAssets": 14275141582, "accountsPayable": 1358281816, "shortLongTermDebt": 1531650693, "otherCurrentLiab": 775905249, "longTermDebt": 1413387500, "otherLiab": 551240187, "deferredLongTermLiab": 10006746, "totalCurrentLiabilities": 11396350324, "totalLiab": 13361781927, "commonStock": 759848120, "retainedEarnings": -5613864839, "treasuryStock": 4869552414, "capitalSurplus": 897823960, "otherStockholderEquity": 4869552414, "totalStockholderEquity": 913359655, "netTangibleAssets": 913359655}, {"maxAge": 1, "endDate": "2018-03-31", "cash": 14604520, "netReceivables": 1015648428, "inventory": 5793336385, "otherCurrentAssets": 899111005, "totalCurrentAssets": 7727055433, "propertyPlantEquipment": 7221191322, "otherAssets": 385850004, "totalAssets": 15334096759, "accountsPayable": 966112332, "shortLongTermDebt": 1408353308, "otherCurrentLiab": 1370414051, "longTermDebt": 1722187500, "otherLiab": 351262504, "totalCurrentLiabilities": 11976947918, "totalLiab": 14052813186, "commonStock": 759848120, "retainedEarnings": -5247077932, "treasuryStock": 4870689425, "capitalSurplus": 897823960, "otherStockholderEquity": 4870689425, "totalStockholderEquity": 1281283573, "netTangibleAssets": 1281283573}, {"maxAge": 1, "endDate": "2017-03-31", "cash": 17183050, "netReceivables": 2214205825, "inventory": 6364747613, "otherCurrentAssets": 991394820, "totalCurrentAssets": 9595834853, "propertyPlantEquipment": 7495517695, "otherAssets": 70340216, "totalAssets": 17161692764, "accountsPayable": 1077231661, "shortLongTermDebt": 1080183588, "otherCurrentLiab": 1926142116, "longTermDebt": 2009096653, "otherLiab": 794372408, "totalCurrentLiabilities": 11370468185, "totalLiab": 14179168689, "commonStock": 759848120, "retainedEarnings": -3545757430, "treasuryStock": 4870609425, "capitalSurplus": 897823960, "otherStockholderEquity": 4870609425, "totalStockholderEquity": 2982524075, "netTangibleAssets": 2982524075}], "maxAge": 86400}, "financialData": {"maxAge": 86400, "currentPrice": 64.4, "recommendationKey": "none", "totalCash": 141939008, "totalCashPerShare": 1.868, "ebitda": 972601600, "totalDebt": 9799016448, "totalRevenue": 7535086592, "debtToEquity": 563.086, "revenuePerShare": 99.116, "grossProfits": 1672357186, "earningsGrowth": 6.064, "revenueGrowth": 0.335, "grossMargins": 0.19318001, "ebitdaMargins": 0.12908, "operatingMargins": 0.0953, "profitMargins": 0.17198999, "financialCurrency": "INR"}}}