{"STEL.BO": {"cashflowStatementHistory": {"cashflowStatements": [{"maxAge": 1, "endDate": "2020-03-31", "netIncome": 151688870, "depreciation": 471697, "changeToNetincome": -63591, "changeToAccountReceivables": 56714614, "changeToLiabilities": 159656, "changeToOperatingActivities": -45550686, "totalCashFromOperatingActivities": 163420560, "changeInCash": 163420560}, {"maxAge": 1, "endDate": "2019-03-31", "netIncome": 89860242, "depreciation": 536095, "changeToNetincome": -609654, "changeToAccountReceivables": -412501, "changeToLiabilities": 2846, "changeToOperatingActivities": -95416316, "totalCashFromOperatingActivities": -6039288, "changeInCash": -6039288}, {"maxAge": 1, "endDate": "2018-03-31", "netIncome": 57472806, "depreciation": 545975, "changeToNetincome": -81375827, "changeToAccountReceivables": 2905142, "changeToLiabilities": 502473, "changeToOperatingActivities": 49136, "totalCashFromOperatingActivities": -19900295, "otherCashflowsFromInvestingActivities": 68591462, "totalCashflowsFromInvestingActivities": 68591462, "changeInCash": 48691167}, {"maxAge": 1, "endDate": "2017-03-31", "netIncome": 13522350, "depreciation": 653397, "changeToNetincome": -25186695, "changeToAccountReceivables": -30654903, "changeToLiabilities": 13485141, "changeToOperatingActivities": -22140, "totalCashFromOperatingActivities": -28202850, "otherCashflowsFromInvestingActivities": 38394860, "totalCashflowsFromInvestingActivities": 38394860, "otherCashflowsFromFinancingActivities": -7500000, "totalCashFromFinancingActivities": -7500000, "changeInCash": 2692010}], "maxAge": 86400}, "institutionOwnership": {"ownershipList": [], "maxAge": 1}, "balanceSheetHistoryQuarterly": {"balanceSheetStatements": [{"maxAge": 1, "endDate": "2020-06-30", "totalStockholderEquity": 4526968000, "netTangibleAssets": 4526968000}, {"maxAge": 1, "endDate": "2020-03-31", "cash": 301161048, "netReceivables": 51474306, "totalCurrentAssets": 352635354, "longTermInvestments": 4165151709, "propertyPlantEquipment": 9312862, "otherAssets": 378653, "totalAssets": 4527478578, "accountsPayable": 180729, "otherCurrentLiab": 41890, "otherLiab": -1, "totalCurrentLiabilities": 510257, "totalLiab": 510256, "commonStock": 184554050, "retainedEarnings": 409675013, "treasuryStock": 3045359333, "capitalSurplus": 887379926, "otherStockholderEquity": 3045359333, "totalStockholderEquity": 4526968322, "netTangibleAssets": 4526968322}, {"maxAge": 1, "endDate": "2019-12-31", "totalStockholderEquity": 6032613000, "netTangibleAssets": 6032613000}, {"maxAge": 1, "endDate": "2019-09-30", "cash": 139948000, "netReceivables": 109869000, "totalCurrentAssets": 249817000, "longTermInvestments": 5774960000, "propertyPlantEquipment": 9535000, "otherAssets": 315000, "totalAssets": 6034627000, "accountsPayable": 688000, "otherCurrentLiab": 839000, "otherLiab": 1000, "totalCurrentLiabilities": 2013000, "totalLiab": 2014000, "commonStock": 184554000, "treasuryStock": 5848059000, "otherStockholderEquity": 5848059000, "totalStockholderEquity": 6032613000, "netTangibleAssets": 6032613000}], "maxAge": 86400}, "indexTrend": {"maxAge": 1, "symbol": "SP5", "peRatio": 19.7411, "pegRatio": 1.34172, "estimates": [{"period": "0q", "growth": 0.549}, {"period": "+1q", "growth": 0.431}, {"period": "0y", "growth": 0.305}, {"period": "+1y", "growth": 0.109}, {"period": "+5y", "growth": 0.120865}, {"period": "-5y"}]}, "insiderTransactions": {"transactions": [{"maxAge": 1, "shares": 140000, "value": 116158, "filerUrl": "", "transactionText": "Acquisition at price 0.83 per share.", "filerName": "Castor Investments Ltd.", "filerRelation": "Promoter", "moneyText": "", "startDate": "2020-08-27", "ownership": "D"}, {"maxAge": 1, "shares": 140000, "value": 116172, "filerUrl": "", "transactionText": "Acquisition at price 0.83 per share.", "filerName": "Goenka (Harsh Vardhan)", "filerRelation": "Promoter", "moneyText": "", "startDate": "2020-08-27", "ownership": "D"}, {"maxAge": 1, "shares": 96985, "filerUrl": "", "transactionText": "", "filerName": "Castor Investments Ltd.", "filerRelation": "Promoter", "moneyText": "", "startDate": "2019-01-28", "ownership": "D"}, {"maxAge": 1, "shares": 30551, "filerUrl": "", "transactionText": "", "filerName": "Castor Investments Ltd.", "filerRelation": "Promoter", "moneyText": "", "startDate": "2019-01-25", "ownership": "D"}, {"maxAge": 1, "shares": 10276, "filerUrl": "", "transactionText": "", "filerName": "Castor Investments Ltd.", "filerRelation": "Promoter", "moneyText": "", "startDate": "2019-01-22", "ownership": "D"}], "maxAge": 1}, "quoteType": {"exchange": "BSE", "quoteType": "EQUITY", "symbol": "STEL.BO", "underlyingSymbol": "STEL.BO", "shortName": "STEL HOLDINGS LIMITED", "longName": "STEL Holdings Limited", "firstTradeDateEpochUtc": "2011-02-09 09:15:00", "timeZoneFullName": "Asia/Kolkata", "timeZoneShortName": "IST", "uuid": "013a2f33-d070-33e6-8a85-d2b4f4eda602", "gmtOffSetMilliseconds": 19800000, "maxAge": 1}, "incomeStatementHistory": {"incomeStatementHistory": [{"maxAge": 1, "endDate": "2020-03-31", "totalRevenue": 162570708, "costOfRevenue": 812173, "grossProfit": 161758535, "researchDevelopment": {}, "sellingGeneralAdministrative": 1103518, "nonRecurring": {}, "otherOperatingExpenses": 5322577, "totalOperatingExpenses": 7709965, "operatingIncome": 154860743, "totalOtherIncomeExpenseNet": 0, "ebit": 154860743, "interestExpense": {}, "incomeBeforeTax": 154860743, "incomeTaxExpense": 3171873, "minorityInterest": {}, "netIncomeFromContinuingOps": 151688870, "discontinuedOperations": {}, "extraordinaryItems": {}, "effectOfAccountingCharges": {}, "otherItems": {}, "netIncome": 151688870, "netIncomeApplicableToCommonShares": 151688870}, {"maxAge": 1, "endDate": "2019-03-31", "totalRevenue": 98072260, "costOfRevenue": 652349, "grossProfit": 97419911, "researchDevelopment": {}, "sellingGeneralAdministrative": 1095508, "nonRecurring": {}, "otherOperatingExpenses": 3883821, "totalOperatingExpenses": 6167773, "operatingIncome": 91904487, "totalOtherIncomeExpenseNet": 0, "ebit": 91904487, "interestExpense": {}, "incomeBeforeTax": 91904487, "incomeTaxExpense": 2044245, "minorityInterest": {}, "netIncomeFromContinuingOps": 89860242, "discontinuedOperations": {}, "extraordinaryItems": {}, "effectOfAccountingCharges": {}, "otherItems": {}, "netIncome": 89860242, "netIncomeApplicableToCommonShares": 89860242}, {"maxAge": 1, "endDate": "2018-03-31", "totalRevenue": 69204503, "costOfRevenue": 1373100, "grossProfit": 67831403, "researchDevelopment": {}, "sellingGeneralAdministrative": 1007506, "nonRecurring": {}, "otherOperatingExpenses": 6934114, "totalOperatingExpenses": 9928143, "operatingIncome": 59276360, "totalOtherIncomeExpenseNet": 0, "ebit": 59276360, "interestExpense": {}, "incomeBeforeTax": 59276360, "incomeTaxExpense": 1803554, "minorityInterest": {}, "netIncomeFromContinuingOps": 57472806, "discontinuedOperations": {}, "extraordinaryItems": {}, "effectOfAccountingCharges": {}, "otherItems": {}, "netIncome": 57472806, "netIncomeApplicableToCommonShares": 57472806}, {"maxAge": 1, "endDate": "2017-03-31", "totalRevenue": 38947760, "costOfRevenue": 1699373, "grossProfit": 37248387, "researchDevelopment": {}, "sellingGeneralAdministrative": 693190, "nonRecurring": {}, "otherOperatingExpenses": 8412005, "totalOperatingExpenses": 11457965, "operatingIncome": 27489795, "totalOtherIncomeExpenseNet": 0, "ebit": 27489795, "interestExpense": {}, "incomeBeforeTax": 27489795, "incomeTaxExpense": 13967445, "minorityInterest": {}, "netIncomeFromContinuingOps": 13522350, "discontinuedOperations": {}, "extraordinaryItems": {}, "effectOfAccountingCharges": {}, "otherItems": {}, "netIncome": 13522350, "netIncomeApplicableToCommonShares": 13522350}], "maxAge": 86400}, "fundOwnership": {"ownershipList": [], "maxAge": 1}, "summaryDetail": {"maxAge": 1, "priceHint": 2, "previousClose": 79.0, "open": 77.2, "dayLow": 77.0, "dayHigh": 78.75, "regularMarketPreviousClose": 79.0, "regularMarketOpen": 77.2, "regularMarketDayLow": 77.0, "regularMarketDayHigh": 78.75, "trailingPE": 9.348063, "volume": 2061, "regularMarketVolume": 2061, "averageVolume": 9938, "averageVolume10days": 5236, "averageDailyVolume10Day": 5236, "bid": 77.45, "ask": 79.0, "bidSize": 0, "askSize": 0, "marketCap": 1421065856, "fiftyTwoWeekLow": 31.0, "fiftyTwoWeekHigh": 95.5, "fiftyDayAverage": 74.162125, "twoHundredDayAverage": 62.51912, "currency": "INR", "fromCurrency": null, "lastMarket": null, "algorithm": null, "tradeable": false}, "incomeStatementHistoryQuarterly": {"incomeStatementHistory": [{"maxAge": 1, "endDate": "2020-06-30", "totalRevenue": 3503000, "costOfRevenue": 0, "grossProfit": 3503000, "researchDevelopment": {}, "sellingGeneralAdministrative": 209000, "nonRecurring": {}, "otherOperatingExpenses": 1140000, "totalOperatingExpenses": 1467000, "operatingIncome": 2036000, "totalOtherIncomeExpenseNet": -1000, "ebit": 2036000, "interestExpense": {}, "incomeBeforeTax": 2035000, "incomeTaxExpense": 538000, "minorityInterest": {}, "netIncomeFromContinuingOps": 1497000, "discontinuedOperations": {}, "extraordinaryItems": {}, "effectOfAccountingCharges": {}, "otherItems": {}, "netIncome": 1497000, "netIncomeApplicableToCommonShares": 1497000}, {"maxAge": 1, "endDate": "2020-03-31", "totalRevenue": 103101708, "costOfRevenue": 812173, "grossProfit": 102289535, "researchDevelopment": {}, "sellingGeneralAdministrative": 463518, "nonRecurring": {}, "otherOperatingExpenses": 218577, "totalOperatingExpenses": 1594965, "operatingIncome": 101506743, "totalOtherIncomeExpenseNet": 0, "ebit": 101506743, "interestExpense": {}, "incomeBeforeTax": 101506743, "incomeTaxExpense": -236127, "minorityInterest": {}, "netIncomeFromContinuingOps": 101742870, "discontinuedOperations": {}, "extraordinaryItems": {}, "effectOfAccountingCharges": {}, "otherItems": {}, "netIncome": 101742870, "netIncomeApplicableToCommonShares": 101742870}, {"maxAge": 1, "endDate": "2019-12-31", "totalRevenue": 6319000, "costOfRevenue": 0, "grossProfit": 6319000, "researchDevelopment": {}, "sellingGeneralAdministrative": 232000, "nonRecurring": {}, "otherOperatingExpenses": 1903000, "totalOperatingExpenses": 2257000, "operatingIncome": 4062000, "totalOtherIncomeExpenseNet": 0, "ebit": 4062000, "interestExpense": {}, "incomeBeforeTax": 4062000, "incomeTaxExpense": 1642000, "minorityInterest": {}, "netIncomeFromContinuingOps": 2420000, "discontinuedOperations": {}, "extraordinaryItems": {}, "effectOfAccountingCharges": {}, "otherItems": {}, "netIncome": 2420000, "netIncomeApplicableToCommonShares": 2420000}, {"maxAge": 1, "endDate": "2019-09-30", "totalRevenue": 49322000, "costOfRevenue": 0, "grossProfit": 49322000, "researchDevelopment": {}, "sellingGeneralAdministrative": 207000, "nonRecurring": {}, "otherOperatingExpenses": 1816000, "totalOperatingExpenses": 2147000, "operatingIncome": 47175000, "totalOtherIncomeExpenseNet": 0, "ebit": 47175000, "interestExpense": {}, "incomeBeforeTax": 47175000, "incomeTaxExpense": 771000, "minorityInterest": {}, "netIncomeFromContinuingOps": 46404000, "discontinuedOperations": {}, "extraordinaryItems": {}, "effectOfAccountingCharges": {}, "otherItems": {}, "netIncome": 46404000, "netIncomeApplicableToCommonShares": 46404000}], "maxAge": 86400}, "cashflowStatementHistoryQuarterly": {"cashflowStatements": [{"maxAge": 1, "endDate": "2020-06-30", "netIncome": 1497000, "changeToLiabilities": 0}, {"maxAge": 1, "endDate": "2020-03-31", "netIncome": 101742870, "changeToLiabilities": 0}, {"maxAge": 1, "endDate": "2019-12-31", "netIncome": 2420000, "changeToLiabilities": 0}, {"maxAge": 1, "endDate": "2019-09-30", "netIncome": 46404000, "changeToLiabilities": 0}], "maxAge": 86400}, "insiderHolders": {"holders": [{"maxAge": 1, "name": "Castor Investments Ltd.", "relation": "Promoter", "url": "", "transactionDescription": "Acquisition", "latestTransDate": "2020-08-27", "positionDirect": 440900, "positionDirectDate": "2020-08-27"}, {"maxAge": 1, "name": "Goenka (Harsh Vardhan)", "relation": "Promoter", "url": "", "transactionDescription": "Acquisition", "latestTransDate": "2020-08-27", "positionDirect": 140010, "positionDirectDate": "2020-08-27"}], "maxAge": 1}, "calendarEvents": {"maxAge": 1, "earnings": {"earningsDate": ["2020-11-14 05:30:S", "2020-11-21 05:30:S"]}}, "upgradeDowngradeHistory": {"history": [], "maxAge": 86400}, "price": {"maxAge": 1, "regularMarketChangePercent": -0.025316454, "regularMarketChange": -2.0, "regularMarketTime": "2021-04-30 15:14:45", "priceHint": 2, "regularMarketPrice": 77.0, "regularMarketDayHigh": 78.75, "regularMarketDayLow": 77.0, "regularMarketVolume": 2061, "averageDailyVolume10Day": 5236, "averageDailyVolume3Month": 9938, "regularMarketPreviousClose": 79.0, "regularMarketSource": "FREE_REALTIME", "regularMarketOpen": 77.2, "exchange": "BSE", "exchangeName": "BSE", "exchangeDataDelayedBy": 0, "marketState": "CLOSED", "quoteType": "EQUITY", "symbol": "STEL.BO", "underlyingSymbol": null, "shortName": "STEL HOLDINGS LIMITED", "longName": "STEL Holdings Limited", "currency": "INR", "quoteSourceName": "Delayed Quote", "currencySymbol": "\u20b9", "fromCurrency": null, "lastMarket": null, "marketCap": 1421065856}, "balanceSheetHistory": {"balanceSheetStatements": [{"maxAge": 1, "endDate": "2020-03-31", "cash": 301161048, "netReceivables": 51474306, "totalCurrentAssets": 352635354, "longTermInvestments": 4165151709, "propertyPlantEquipment": 9312862, "otherAssets": 378653, "totalAssets": 4527478578, "accountsPayable": 180729, "otherCurrentLiab": 41890, "otherLiab": -1, "totalCurrentLiabilities": 510257, "totalLiab": 510256, "commonStock": 184554050, "retainedEarnings": 409675013, "treasuryStock": 3045359333, "capitalSurplus": 887379926, "otherStockholderEquity": 3045359333, "totalStockholderEquity": 4526968322, "netTangibleAssets": 4526968322}, {"maxAge": 1, "endDate": "2019-03-31", "cash": 137740488, "netReceivables": 108188920, "totalCurrentAssets": 245929408, "longTermInvestments": 6354883724, "propertyPlantEquipment": 9784560, "otherAssets": 315062, "totalAssets": 6610912754, "accountsPayable": 21073, "otherCurrentLiab": 15340, "totalCurrentLiabilities": 485625, "totalLiab": 485625, "commonStock": 184554050, "retainedEarnings": 257986143, "treasuryStock": 5280507010, "capitalSurplus": 887379926, "otherStockholderEquity": 5280507010, "totalStockholderEquity": 6610427129, "netTangibleAssets": 6610427129}, {"maxAge": 1, "endDate": "2018-03-31", "cash": 143779777, "shortTermInvestments": 45727000, "netReceivables": 107776419, "totalCurrentAssets": 251556196, "longTermInvestments": 7274330502, "propertyPlantEquipment": 10320654, "otherAssets": -2000, "totalAssets": 7536207352, "accountsPayable": 18227, "otherCurrentLiab": 294592, "totalCurrentLiabilities": 544814, "totalLiab": 544814, "commonStock": 184554050, "retainedEarnings": 168125901, "treasuryStock": 6295602661, "capitalSurplus": 887379926, "otherStockholderEquity": 6295602661, "totalStockholderEquity": 7535662538, "netTangibleAssets": 7535662538}, {"maxAge": 1, "endDate": "2017-03-31", "cash": 95088610, "netReceivables": 111492972, "otherCurrentAssets": 12052489, "totalCurrentAssets": 206581582, "longTermInvestments": 5809380886, "propertyPlantEquipment": 10934077, "otherAssets": 317274, "totalAssets": 6027213819, "accountsPayable": 374778, "otherCurrentLiab": 13416366, "totalCurrentLiabilities": 13973703, "totalLiab": 13973703, "commonStock": 184554050, "retainedEarnings": 110653095, "treasuryStock": 4830653045, "capitalSurplus": 887379926, "otherStockholderEquity": 4830653045, "totalStockholderEquity": 6013240116, "netTangibleAssets": 6013240116}], "maxAge": 86400}, "financialData": {"maxAge": 86400, "currentPrice": 77.0, "recommendationKey": "none", "grossProfits": 161758535, "financialCurrency": "INR"}}}