{"STERTOOLS.BO": {"recommendationTrend": {"trend": [{"period": "0m", "strongBuy": 0, "buy": 0, "hold": 0, "sell": 0, "strongSell": 0}, {"period": "-1m", "strongBuy": 0, "buy": 0, "hold": 0, "sell": 0, "strongSell": 0}, {"period": "-2m", "strongBuy": 0, "buy": 0, "hold": 0, "sell": 0, "strongSell": 0}, {"period": "-3m", "strongBuy": 0, "buy": 0, "hold": 0, "sell": 0, "strongSell": 0}], "maxAge": 86400}, "cashflowStatementHistory": {"cashflowStatements": [{"maxAge": 1, "endDate": "2020-03-31", "netIncome": 305126000, "depreciation": 240801000, "changeToNetincome": 11816000, "changeToLiabilities": 0, "changeToInventory": 230486000, "changeToOperatingActivities": -269180000, "totalCashFromOperatingActivities": 520435000, "capitalExpenditures": -460125000, "investments": 473776000, "otherCashflowsFromInvestingActivities": 3231000, "totalCashflowsFromInvestingActivities": 21717000, "dividendsPaid": -72048000, "netBorrowings": -264961000, "otherCashflowsFromFinancingActivities": -86923000, "totalCashFromFinancingActivities": -423932000, "changeInCash": 118220000}, {"maxAge": 1, "endDate": "2019-03-31", "netIncome": 451174000, "depreciation": 189404000, "changeToNetincome": -2694000, "changeToLiabilities": 0, "changeToInventory": -279432000, "changeToOperatingActivities": 67338000, "totalCashFromOperatingActivities": 426888000, "capitalExpenditures": -950916000, "investments": 26324000, "otherCashflowsFromInvestingActivities": 1997000, "totalCashflowsFromInvestingActivities": -918796000, "dividendsPaid": -72048000, "netBorrowings": 649232000, "otherCashflowsFromFinancingActivities": -56847000, "totalCashFromFinancingActivities": 520337000, "changeInCash": 28429000}, {"maxAge": 1, "endDate": "2018-03-31", "netIncome": 490519000, "depreciation": 175115000, "changeToNetincome": -19786000, "changeToLiabilities": 0, "changeToInventory": -86067000, "changeToOperatingActivities": -90167000, "totalCashFromOperatingActivities": 470385000, "capitalExpenditures": -246135000, "investments": -503571000, "otherCashflowsFromInvestingActivities": -1000, "totalCashflowsFromInvestingActivities": -746427000, "dividendsPaid": -72049000, "netBorrowings": -58229000, "otherCashflowsFromFinancingActivities": -49565000, "totalCashFromFinancingActivities": 263257000, "changeInCash": -12785000, "issuanceOfStock": 443100000}, {"maxAge": 1, "endDate": "2017-03-31", "netIncome": 391055000, "depreciation": 165754000, "changeToNetincome": 32733000, "changeToLiabilities": 0, "changeToInventory": -48446000, "changeToOperatingActivities": 45614000, "totalCashFromOperatingActivities": 587345000, "capitalExpenditures": -317208000, "investments": 11722000, "otherCashflowsFromInvestingActivities": -1000, "totalCashflowsFromInvestingActivities": -245886000, "dividendsPaid": -68446000, "netBorrowings": -289196000, "otherCashflowsFromFinancingActivities": -65075000, "totalCashFromFinancingActivities": -422717000, "changeInCash": -81257000, "issuanceOfStock": 443100000}], "maxAge": 86400}, "institutionOwnership": {"ownershipList": [], "maxAge": 1}, "balanceSheetHistoryQuarterly": {"balanceSheetStatements": [{"maxAge": 1, "endDate": "2020-06-30", "totalStockholderEquity": 3064592000, "netTangibleAssets": 3060805000}, {"maxAge": 1, "endDate": "2020-03-31", "cash": 156834000, "shortTermInvestments": 6593000, "netReceivables": 532895000, "inventory": 594390000, "otherCurrentAssets": 174264000, "totalCurrentAssets": 1526061000, "longTermInvestments": 116802000, "propertyPlantEquipment": 2635473000, "intangibleAssets": 3787000, "otherAssets": 161324000, "totalAssets": 4443447000, "accountsPayable": 218798000, "shortLongTermDebt": 198324000, "otherCurrentLiab": 28802000, "longTermDebt": 480672000, "otherLiab": 344385000, "minorityInterest": 418000, "totalCurrentLiabilities": 548774000, "totalLiab": 1378437000, "commonStock": 72048000, "retainedEarnings": 2477975000, "treasuryStock": 41000000, "capitalSurplus": 473569000, "otherStockholderEquity": 41000000, "totalStockholderEquity": 3064592000, "netTangibleAssets": 3060805000}, {"maxAge": 1, "endDate": "2019-12-31", "totalStockholderEquity": 2874579000, "netTangibleAssets": 2871073000}, {"maxAge": 1, "endDate": "2019-09-30", "cash": 24531000, "shortTermInvestments": 533822000, "netReceivables": 233225000, "inventory": 713738000, "otherCurrentAssets": 130496000, "totalCurrentAssets": 1635812000, "longTermInvestments": 65219000, "propertyPlantEquipment": 2654884000, "intangibleAssets": 3506000, "otherAssets": 83966000, "totalAssets": 4443387000, "accountsPayable": 264219000, "shortLongTermDebt": 146226000, "otherCurrentLiab": 36456000, "longTermDebt": 626365000, "otherLiab": 380667000, "totalCurrentLiabilities": 547551000, "totalLiab": 1568808000, "commonStock": 72048000, "treasuryStock": 2802531000, "otherStockholderEquity": 2802531000, "totalStockholderEquity": 2874579000, "netTangibleAssets": 2871073000}], "maxAge": 86400}, "earningsHistory": {"history": [{"maxAge": 1, "epsActual": 3.65, "epsEstimate": 2.95, "epsDifference": 0.7, "surprisePercent": 0.237, "quarter": "2017-12-31", "period": "-4q"}, {"maxAge": 1, "epsActual": 3.28, "epsEstimate": 26.35, "epsDifference": -23.07, "surprisePercent": -0.876, "quarter": "2018-03-31", "period": "-3q"}, {"maxAge": 1, "epsActual": 3.89, "epsEstimate": 3.15, "epsDifference": 0.74, "surprisePercent": 0.235, "quarter": "2018-06-30", "period": "-2q"}, {"maxAge": 1, "epsActual": 4.22, "epsEstimate": 3.4, "epsDifference": 0.82, "surprisePercent": 0.241, "quarter": "2018-09-30", "period": "-1q"}], "maxAge": 86400}, "indexTrend": {"maxAge": 1, "symbol": "SP5", "peRatio": 19.7411, "pegRatio": 1.34172, "estimates": [{"period": "0q", "growth": 0.549}, {"period": "+1q", "growth": 0.431}, {"period": "0y", "growth": 0.305}, {"period": "+1y", "growth": 0.109}, {"period": "+5y", "growth": 0.120865}, {"period": "-5y"}]}, "industryTrend": {"maxAge": 1, "symbol": null, "estimates": []}, "insiderTransactions": {"transactions": [{"maxAge": 1, "shares": 75000, "filerUrl": "", "transactionText": "", "filerName": "Aggarwal (Anil)", "filerRelation": "Managing Director", "moneyText": "", "startDate": "2019-08-06", "ownership": "D"}, {"maxAge": 1, "shares": 75000, "filerUrl": "", "transactionText": "", "filerName": "Aggarwal (Atul)", "filerRelation": "Managing Director", "moneyText": "", "startDate": "2019-08-06", "ownership": "D"}, {"maxAge": 1, "shares": 2980, "filerUrl": "", "transactionText": "", "filerName": "Wadhwa (Jaideep)", "filerRelation": "Director (Non-Executive)", "moneyText": "", "startDate": "2019-06-24", "ownership": "D"}, {"maxAge": 1, "shares": 1000, "filerUrl": "", "transactionText": "", "filerName": "Wadhwa (Jaideep)", "filerRelation": "Director (Non-Executive)", "moneyText": "", "startDate": "2019-06-21", "ownership": "D"}, {"maxAge": 1, "shares": 1000, "filerUrl": "", "transactionText": "", "filerName": "Wadhwa (Jaideep)", "filerRelation": "Director (Non-Executive)", "moneyText": "", "startDate": "2019-06-20", "ownership": "D"}, {"maxAge": 1, "shares": 163, "filerUrl": "", "transactionText": "", "filerName": "Aggarwal (Atul)", "filerRelation": "Wholetime Director", "moneyText": "", "startDate": "2019-06-20", "ownership": "D"}, {"maxAge": 1, "shares": 20, "filerUrl": "", "transactionText": "", "filerName": "Wadhwa (Jaideep)", "filerRelation": "Director (Non-Executive)", "moneyText": "", "startDate": "2019-06-19", "ownership": "D"}, {"maxAge": 1, "shares": 1664, "filerUrl": "", "transactionText": "", "filerName": "Aggarwal (Atul)", "filerRelation": "Wholetime Director", "moneyText": "", "startDate": "2019-06-18", "ownership": "D"}, {"maxAge": 1, "shares": 1002, "filerUrl": "", "transactionText": "", "filerName": "Aggarwal (Atul)", "filerRelation": "Wholetime Director", "moneyText": "", "startDate": "2019-06-13", "ownership": "D"}, {"maxAge": 1, "shares": 830, "filerUrl": "", "transactionText": "", "filerName": "Aggarwal (Atul)", "filerRelation": "Wholetime Director", "moneyText": "", "startDate": "2019-06-11", "ownership": "D"}, {"maxAge": 1, "shares": 1572, "filerUrl": "", "transactionText": "", "filerName": "Aggarwal (Atul)", "filerRelation": "Wholetime Director", "moneyText": "", "startDate": "2019-06-10", "ownership": "D"}, {"maxAge": 1, "shares": 2334, "filerUrl": "", "transactionText": "", "filerName": "Aggarwal (Atul)", "filerRelation": "Wholetime Director", "moneyText": "", "startDate": "2019-06-06", "ownership": "D"}, {"maxAge": 1, "shares": 1447, "filerUrl": "", "transactionText": "", "filerName": "Aggarwal (Atul)", "filerRelation": "Wholetime Director", "moneyText": "", "startDate": "2019-06-04", "ownership": "D"}, {"maxAge": 1, "shares": 7851664, "filerUrl": "", "transactionText": "", "filerName": "Aggarwal (Atul)", "filerRelation": "Wholetime Director", "moneyText": "", "startDate": "2019-06-03", "ownership": "D"}, {"maxAge": 1, "shares": 2610, "filerUrl": "", "transactionText": "", "filerName": "Aggarwal (Anil)", "filerRelation": "Managing Director", "moneyText": "", "startDate": "2019-05-31", "ownership": "D"}, {"maxAge": 1, "shares": 2000, "filerUrl": "", "transactionText": "", "filerName": "Aggarwal (Anil)", "filerRelation": "Managing Director", "moneyText": "", "startDate": "2019-05-29", "ownership": "D"}, {"maxAge": 1, "shares": 0, "filerUrl": "", "transactionText": "", "filerName": "Aggarwal (Anil)", "filerRelation": "Managing Director", "moneyText": "", "startDate": "2019-05-29", "ownership": "I"}, {"maxAge": 1, "shares": 2424, "filerUrl": "", "transactionText": "", "filerName": "Aggarwal (Anil)", "filerRelation": "Managing Director", "moneyText": "", "startDate": "2019-05-28", "ownership": "D"}, {"maxAge": 1, "shares": 662909, "filerUrl": "", "transactionText": "", "filerName": "Aggarwal (Anil)", "filerRelation": "Managing Director", "moneyText": "", "startDate": "2019-05-27", "ownership": "D"}, {"maxAge": 1, "shares": 5799039, "filerUrl": "", "transactionText": "", "filerName": "Aggarwal (Anil)", "filerRelation": "Managing Director", "moneyText": "", "startDate": "2017-07-20", "ownership": "D"}, {"maxAge": 1, "shares": 6891, "filerUrl": "", "transactionText": "", "filerName": "Aggarwal (Atul)", "filerRelation": "Wholetime Director", "moneyText": "", "startDate": "2014-04-11", "ownership": "D"}, {"maxAge": 1, "shares": 4298, "filerUrl": "", "transactionText": "", "filerName": "Aggarwal (Atul)", "filerRelation": "Wholetime Director", "moneyText": "", "startDate": "2014-01-13", "ownership": "D"}, {"maxAge": 1, "shares": 5149, "filerUrl": "", "transactionText": "", "filerName": "Aggarwal (Anil)", "filerRelation": "Managing Director", "moneyText": "", "startDate": "2013-01-17", "ownership": "D"}, {"maxAge": 1, "shares": 5406, "filerUrl": "", "transactionText": "", "filerName": "Aggarwal (Anil)", "filerRelation": "Managing Director", "moneyText": "", "startDate": "2012-11-01", "ownership": "D"}, {"maxAge": 1, "shares": 5646, "filerUrl": "", "transactionText": "", "filerName": "Aggarwal (Anil)", "filerRelation": "Managing Director", "moneyText": "", "startDate": "2012-09-07", "ownership": "D"}, {"maxAge": 1, "shares": 8112, "filerUrl": "", "transactionText": "", "filerName": "Aggarwal (Manohar Lal)", "filerRelation": "Executive Chairman", "moneyText": "", "startDate": "2012-08-06", "ownership": "D"}, {"maxAge": 1, "shares": 4698, "filerUrl": "", "transactionText": "", "filerName": "Aggarwal (Manohar Lal)", "filerRelation": "Executive Chairman", "moneyText": "", "startDate": "2012-01-18", "ownership": "D"}, {"maxAge": 1, "shares": 13295, "filerUrl": "", "transactionText": "", "filerName": "Aggarwal (Manohar Lal)", "filerRelation": "Executive Chairman", "moneyText": "", "startDate": "2012-01-11", "ownership": "D"}, {"maxAge": 1, "shares": 4700, "filerUrl": "", "transactionText": "", "filerName": "Aggarwal (Manohar Lal)", "filerRelation": "Executive Chairman", "moneyText": "", "startDate": "2011-12-16", "ownership": "D"}, {"maxAge": 1, "shares": 5345, "filerUrl": "", "transactionText": "", "filerName": "Aggarwal (Manohar Lal)", "filerRelation": "Executive Chairman", "moneyText": "", "startDate": "2011-12-07", "ownership": "D"}], "maxAge": 1}, "quoteType": {"exchange": "BSE", "quoteType": "EQUITY", "symbol": "STERTOOLS.BO", "underlyingSymbol": "STERTOOLS.BO", "shortName": "STERLING TOOLS LTD.", "longName": "Sterling Tools Limited", "firstTradeDateEpochUtc": "2000-01-03 09:15:00", "timeZoneFullName": "Asia/Kolkata", "timeZoneShortName": "IST", "uuid": "f35d0079-f212-33a1-9cf9-9f2472fd85c8", "gmtOffSetMilliseconds": 19800000, "maxAge": 1}, "incomeStatementHistory": {"incomeStatementHistory": [{"maxAge": 1, "endDate": "2020-03-31", "totalRevenue": 3642415000, "costOfRevenue": 1505050000, "grossProfit": 2137365000, "researchDevelopment": {}, "sellingGeneralAdministrative": 385297000, "nonRecurring": {}, "otherOperatingExpenses": 1143478000, "totalOperatingExpenses": 3276149000, "operatingIncome": 366266000, "totalOtherIncomeExpenseNet": -6205000, "ebit": 366266000, "interestExpense": -61928000, "incomeBeforeTax": 360061000, "incomeTaxExpense": 55017000, "minorityInterest": 418000, "netIncomeFromContinuingOps": 305044000, "discontinuedOperations": {}, "extraordinaryItems": {}, "effectOfAccountingCharges": {}, "otherItems": {}, "netIncome": 305126000, "netIncomeApplicableToCommonShares": 305126000}, {"maxAge": 1, "endDate": "2019-03-31", "totalRevenue": 5122035000, "costOfRevenue": 2285960000, "grossProfit": 2836075000, "researchDevelopment": {}, "sellingGeneralAdministrative": 380738000, "nonRecurring": {}, "otherOperatingExpenses": 1596083000, "totalOperatingExpenses": 4453283000, "operatingIncome": 668752000, "totalOtherIncomeExpenseNet": 30156000, "ebit": 668752000, "interestExpense": -34297000, "incomeBeforeTax": 698908000, "incomeTaxExpense": 247734000, "minorityInterest": 418000, "netIncomeFromContinuingOps": 451174000, "discontinuedOperations": {}, "extraordinaryItems": {}, "effectOfAccountingCharges": {}, "otherItems": {}, "netIncome": 451174000, "netIncomeApplicableToCommonShares": 451174000}, {"maxAge": 1, "endDate": "2018-03-31", "totalRevenue": 4529059000, "costOfRevenue": 1856526000, "grossProfit": 2672533000, "researchDevelopment": {}, "sellingGeneralAdministrative": 355645000, "nonRecurring": {}, "otherOperatingExpenses": 1410267000, "totalOperatingExpenses": 3798324000, "operatingIncome": 730735000, "totalOtherIncomeExpenseNet": 22883000, "ebit": 730735000, "interestExpense": -35486000, "incomeBeforeTax": 753618000, "incomeTaxExpense": 263099000, "minorityInterest": 418000, "netIncomeFromContinuingOps": 490519000, "discontinuedOperations": {}, "extraordinaryItems": {}, "effectOfAccountingCharges": {}, "otherItems": {}, "netIncome": 490519000, "netIncomeApplicableToCommonShares": 490519000}, {"maxAge": 1, "endDate": "2017-03-31", "totalRevenue": 3708890000, "costOfRevenue": 1498965000, "grossProfit": 2209925000, "researchDevelopment": {}, "sellingGeneralAdministrative": 329374000, "nonRecurring": {}, "otherOperatingExpenses": 1123735000, "totalOperatingExpenses": 3118535000, "operatingIncome": 590355000, "totalOtherIncomeExpenseNet": 12566000, "ebit": 590355000, "interestExpense": -52752000, "incomeBeforeTax": 602921000, "incomeTaxExpense": 211866000, "minorityInterest": 418000, "netIncomeFromContinuingOps": 391055000, "discontinuedOperations": {}, "extraordinaryItems": {}, "effectOfAccountingCharges": {}, "otherItems": {}, "netIncome": 391055000, "netIncomeApplicableToCommonShares": 391055000}], "maxAge": 86400}, "fundOwnership": {"ownershipList": [], "maxAge": 1}, "summaryDetail": {"maxAge": 1, "priceHint": 2, "previousClose": 193.05, "open": 192.8, "dayLow": 184.0, "dayHigh": 194.95, "regularMarketPreviousClose": 193.05, "regularMarketOpen": 192.8, "regularMarketDayLow": 184.0, "regularMarketDayHigh": 194.95, "trailingPE": 52.57468, "forwardPE": 3.174167, "volume": 6594, "regularMarketVolume": 6594, "averageVolume": 3837, "averageVolume10days": 1612, "averageDailyVolume10Day": 1612, "bid": 185.0, "ask": 190.0, "bidSize": 0, "askSize": 0, "marketCap": 6657272320, "fiftyTwoWeekLow": 105.3, "fiftyTwoWeekHigh": 246.0, "fiftyDayAverage": 201.87273, "twoHundredDayAverage": 186.19044, "trailingAnnualDividendRate": 2.0, "trailingAnnualDividendYield": 0.01036001, "currency": "INR", "fromCurrency": null, "lastMarket": null, "algorithm": null, "tradeable": false}, "sectorTrend": {"maxAge": 1, "symbol": null, "estimates": []}, "incomeStatementHistoryQuarterly": {"incomeStatementHistory": [{"maxAge": 1, "endDate": "2020-06-30", "totalRevenue": 202695000, "costOfRevenue": 118096000, "grossProfit": 84599000, "researchDevelopment": {}, "sellingGeneralAdministrative": 80208000, "nonRecurring": {}, "otherOperatingExpenses": 55638000, "totalOperatingExpenses": 313376000, "operatingIncome": -110681000, "totalOtherIncomeExpenseNet": -8336000, "ebit": -110681000, "interestExpense": -18028000, "incomeBeforeTax": -119017000, "incomeTaxExpense": -26828000, "minorityInterest": {}, "netIncomeFromContinuingOps": -92189000, "discontinuedOperations": {}, "extraordinaryItems": {}, "effectOfAccountingCharges": {}, "otherItems": {}, "netIncome": -92150000, "netIncomeApplicableToCommonShares": -92150000}, {"maxAge": 1, "endDate": "2020-03-31", "totalRevenue": 858288000, "costOfRevenue": 37591000, "grossProfit": 820697000, "researchDevelopment": {}, "sellingGeneralAdministrative": 102568000, "nonRecurring": {}, "otherOperatingExpenses": 580250000, "totalOperatingExpenses": 786105000, "operatingIncome": 72183000, "totalOtherIncomeExpenseNet": -5225000, "ebit": 72183000, "interestExpense": -17207000, "incomeBeforeTax": 66958000, "incomeTaxExpense": -34205000, "minorityInterest": 418000, "netIncomeFromContinuingOps": 101163000, "discontinuedOperations": {}, "extraordinaryItems": {}, "effectOfAccountingCharges": {}, "otherItems": {}, "netIncome": 101245000, "netIncomeApplicableToCommonShares": 101245000}, {"maxAge": 1, "endDate": "2019-12-31", "totalRevenue": 848638000, "costOfRevenue": 446210000, "grossProfit": 402428000, "researchDevelopment": {}, "sellingGeneralAdministrative": 95191000, "nonRecurring": {}, "otherOperatingExpenses": 167900000, "totalOperatingExpenses": 774084000, "operatingIncome": 74554000, "totalOtherIncomeExpenseNet": -5227000, "ebit": 74554000, "interestExpense": -17913000, "incomeBeforeTax": 69327000, "incomeTaxExpense": 21941000, "minorityInterest": 418000, "netIncomeFromContinuingOps": 47386000, "discontinuedOperations": {}, "extraordinaryItems": {}, "effectOfAccountingCharges": {}, "otherItems": {}, "netIncome": 47386000, "netIncomeApplicableToCommonShares": 47386000}, {"maxAge": 1, "endDate": "2019-09-30", "totalRevenue": 892401000, "costOfRevenue": 461957000, "grossProfit": 430444000, "researchDevelopment": {}, "sellingGeneralAdministrative": 92057000, "nonRecurring": {}, "otherOperatingExpenses": 192145000, "totalOperatingExpenses": 803446000, "operatingIncome": 88955000, "totalOtherIncomeExpenseNet": 5387000, "ebit": 88955000, "interestExpense": -12861000, "incomeBeforeTax": 94342000, "incomeTaxExpense": 24196000, "minorityInterest": 418000, "netIncomeFromContinuingOps": 70146000, "discontinuedOperations": {}, "extraordinaryItems": {}, "effectOfAccountingCharges": {}, "otherItems": {}, "netIncome": 70146000, "netIncomeApplicableToCommonShares": 70146000}], "maxAge": 86400}, "cashflowStatementHistoryQuarterly": {"cashflowStatements": [{"maxAge": 1, "endDate": "2020-06-30", "netIncome": -92150000, "changeToLiabilities": 0}, {"maxAge": 1, "endDate": "2020-03-31", "netIncome": 101245000, "changeToLiabilities": 0}, {"maxAge": 1, "endDate": "2019-12-31", "netIncome": 47386000, "changeToLiabilities": 0}, {"maxAge": 1, "endDate": "2019-09-30", "netIncome": 70146000, "changeToLiabilities": 0}], "maxAge": 86400}, "insiderHolders": {"holders": [{"maxAge": 1, "name": "Aggarwal (Anil)", "relation": "Managing Director", "url": "", "transactionDescription": "Acquisition", "latestTransDate": "2019-08-06", "positionDirect": 8110583, "positionDirectDate": "2019-08-06"}, {"maxAge": 1, "name": "Aggarwal (Atul)", "relation": "Managing Director", "url": "", "transactionDescription": "Acquisition", "latestTransDate": "2019-08-06", "positionDirect": 9665367, "positionDirectDate": "2019-08-06"}, {"maxAge": 1, "name": "Aggarwal (Manohar Lal)", "relation": "Executive Chairman", "url": "", "transactionDescription": "Acquisition", "latestTransDate": "2012-08-06", "positionDirect": 770613, "positionDirectDate": "2012-08-06"}, {"maxAge": 1, "name": "Wadhwa (Jaideep)", "relation": "Director (Non-Executive)", "url": "", "transactionDescription": "Acquisition", "latestTransDate": "2019-06-24", "positionDirect": 13917, "positionDirectDate": "2019-06-24"}], "maxAge": 1}, "earnings": {"maxAge": 86400, "earningsChart": {"quarterly": [{"date": "4Q2017", "actual": 3.65, "estimate": 2.95}, {"date": "1Q2018", "actual": 3.28, "estimate": 26.35}, {"date": "2Q2018", "actual": 3.89, "estimate": 3.15}, {"date": "3Q2018", "actual": 4.22, "estimate": 3.4}], "currentQuarterEstimateDate": "4Q", "currentQuarterEstimateYear": 2018, "earningsDate": []}, "financialsChart": {"yearly": [{"date": 2017, "revenue": 3708890000, "earnings": 391055000}, {"date": 2018, "revenue": 4529059000, "earnings": 490519000}, {"date": 2019, "revenue": 5122035000, "earnings": 451174000}, {"date": 2020, "revenue": 3642415000, "earnings": 305126000}], "quarterly": [{"date": "3Q2019", "revenue": 892401000, "earnings": 70146000}, {"date": "4Q2019", "revenue": 848638000, "earnings": 47386000}, {"date": "1Q2020", "revenue": 858288000, "earnings": 101245000}, {"date": "2Q2020", "revenue": 202695000, "earnings": -92150000}]}, "financialCurrency": "INR"}, "calendarEvents": {"maxAge": 1, "earnings": {"earningsDate": []}}, "upgradeDowngradeHistory": {"history": [], "maxAge": 86400}, "price": {"maxAge": 1, "regularMarketChangePercent": -0.042735044, "regularMarketChange": -8.25, "regularMarketTime": "2021-04-30 15:27:47", "priceHint": 2, "regularMarketPrice": 184.8, "regularMarketDayHigh": 194.95, "regularMarketDayLow": 184.0, "regularMarketVolume": 6594, "averageDailyVolume10Day": 1612, "averageDailyVolume3Month": 3837, "regularMarketPreviousClose": 193.05, "regularMarketSource": "FREE_REALTIME", "regularMarketOpen": 192.8, "exchange": "BSE", "exchangeName": "BSE", "exchangeDataDelayedBy": 0, "marketState": "CLOSED", "quoteType": "EQUITY", "symbol": "STERTOOLS.BO", "underlyingSymbol": null, "shortName": "STERLING TOOLS LTD.", "longName": "Sterling Tools Limited", "currency": "INR", "quoteSourceName": "Delayed Quote", "currencySymbol": "\u20b9", "fromCurrency": null, "lastMarket": null, "marketCap": 6657272320}, "balanceSheetHistory": {"balanceSheetStatements": [{"maxAge": 1, "endDate": "2020-03-31", "cash": 156834000, "shortTermInvestments": 6593000, "netReceivables": 532895000, "inventory": 594390000, "otherCurrentAssets": 174264000, "totalCurrentAssets": 1526061000, "longTermInvestments": 116802000, "propertyPlantEquipment": 2635473000, "intangibleAssets": 3787000, "otherAssets": 161324000, "totalAssets": 4443447000, "accountsPayable": 218798000, "shortLongTermDebt": 198324000, "otherCurrentLiab": 28802000, "longTermDebt": 480672000, "otherLiab": 344385000, "minorityInterest": 418000, "totalCurrentLiabilities": 548774000, "totalLiab": 1378437000, "commonStock": 72048000, "retainedEarnings": 2477975000, "treasuryStock": 41000000, "capitalSurplus": 473569000, "otherStockholderEquity": 41000000, "totalStockholderEquity": 3064592000, "netTangibleAssets": 3060805000}, {"maxAge": 1, "endDate": "2019-03-31", "cash": 38614000, "shortTermInvestments": 23538000, "netReceivables": 444778000, "inventory": 824876000, "otherCurrentAssets": 143374000, "totalCurrentAssets": 1974896000, "longTermInvestments": 68897000, "propertyPlantEquipment": 2382320000, "intangibleAssets": 1841000, "otherAssets": 152150000, "totalAssets": 4580104000, "accountsPayable": 327584000, "shortLongTermDebt": 130439000, "otherCurrentLiab": 36485000, "longTermDebt": 539455000, "otherLiab": 354392000, "totalCurrentLiabilities": 881290000, "totalLiab": 1775137000, "commonStock": 72048000, "retainedEarnings": 2258685000, "treasuryStock": 665000, "capitalSurplus": 473569000, "otherStockholderEquity": 665000, "totalStockholderEquity": 2804967000, "netTangibleAssets": 2803126000}, {"maxAge": 1, "endDate": "2018-03-31", "cash": 12195000, "shortTermInvestments": 12000000, "netReceivables": 484542000, "inventory": 545444000, "otherCurrentAssets": 134778000, "totalCurrentAssets": 1738839000, "longTermInvestments": 27400000, "propertyPlantEquipment": 1680648000, "intangibleAssets": 2174000, "otherAssets": 59631000, "totalAssets": 3508692000, "accountsPayable": 364707000, "shortLongTermDebt": 92300000, "otherCurrentLiab": 32395000, "longTermDebt": 164707000, "otherLiab": 278143000, "totalCurrentLiabilities": 625139000, "totalLiab": 1067989000, "commonStock": 72048000, "retainedEarnings": 1894421000, "treasuryStock": 665000, "capitalSurplus": 473569000, "otherStockholderEquity": 665000, "totalStockholderEquity": 2440703000, "netTangibleAssets": 2438529000}, {"maxAge": 1, "endDate": "2017-03-31", "cash": 22969000, "shortTermInvestments": 2332000, "netReceivables": 374970000, "inventory": 459377000, "otherCurrentAssets": 107462000, "totalCurrentAssets": 977808000, "longTermInvestments": 14815000, "propertyPlantEquipment": 1644534000, "intangibleAssets": 825000, "otherAssets": 27574000, "totalAssets": 2665556000, "accountsPayable": 285672000, "shortLongTermDebt": 122161000, "otherCurrentLiab": 50904000, "longTermDebt": 252191000, "otherLiab": 287482000, "totalCurrentLiabilities": 527470000, "totalLiab": 1067143000, "commonStock": 68446000, "retainedEarnings": 1495230000, "treasuryStock": 665000, "capitalSurplus": 34072000, "otherStockholderEquity": 665000, "totalStockholderEquity": 1598413000, "netTangibleAssets": 1597588000}], "maxAge": 86400}, "earningsTrend": {"trend": [{"maxAge": 1, "period": "0q", "endDate": "2018-12-31", "growth": {}, "earningsEstimate": {"avg": 0.0, "low": 0.0, "high": 0.0, "yearAgoEps": 3.65, "numberOfAnalysts": 0, "growth": {}}, "revenueEstimate": {"avg": 0, "low": 0, "high": 0, "numberOfAnalysts": 0, "yearAgoRevenue": {}, "growth": {}}, "epsTrend": {"current": 0.0, "7daysAgo": 0.0, "30daysAgo": 0.0, "60daysAgo": 0.0, "90daysAgo": 0.0}, "epsRevisions": {"upLast7days": 0, "upLast30days": 0, "downLast30days": 0, "downLast90days": {}}}, {"maxAge": 1, "period": "+1q", "endDate": "2019-03-31", "growth": {}, "earningsEstimate": {"avg": 0.0, "low": 0.0, "high": 0.0, "yearAgoEps": 3.28, "numberOfAnalysts": 0, "growth": {}}, "revenueEstimate": {"avg": 0, "low": 0, "high": 0, "numberOfAnalysts": 0, "yearAgoRevenue": {}, "growth": {}}, "epsTrend": {"current": 0.0, "7daysAgo": 0.0, "30daysAgo": 0.0, "60daysAgo": 0.0, "90daysAgo": 0.0}, "epsRevisions": {"upLast7days": 0, "upLast30days": 0, "downLast30days": 0, "downLast90days": {}}}, {"maxAge": 1, "period": "0y", "endDate": "2019-03-31", "growth": {}, "earningsEstimate": {"avg": 0.0, "low": 0.0, "high": 0.0, "yearAgoEps": {}, "numberOfAnalysts": 0, "growth": {}}, "revenueEstimate": {"avg": 5374000000, "low": 5374000000, "high": 5374000000, "numberOfAnalysts": 1, "yearAgoRevenue": 4529060000, "growth": 0.187}, "epsTrend": {"current": 0.0, "7daysAgo": 16.6, "30daysAgo": 16.6, "60daysAgo": 16.6, "90daysAgo": 16.6}, "epsRevisions": {"upLast7days": 0, "upLast30days": 0, "downLast30days": 0, "downLast90days": {}}}, {"maxAge": 1, "period": "+1y", "endDate": "2020-03-31", "growth": {}, "earningsEstimate": {"avg": 0.0, "low": 0.0, "high": 0.0, "yearAgoEps": {}, "numberOfAnalysts": 0, "growth": {}}, "revenueEstimate": {"avg": 6156000000, "low": 6156000000, "high": 6156000000, "numberOfAnalysts": 1, "yearAgoRevenue": 5374000000, "growth": 0.146}, "epsTrend": {"current": 0.0, "7daysAgo": 20.6, "30daysAgo": 20.6, "60daysAgo": 20.6, "90daysAgo": 20.6}, "epsRevisions": {"upLast7days": 0, "upLast30days": 0, "downLast30days": 0, "downLast90days": {}}}, {"maxAge": 1, "period": "+5y", "endDate": null, "growth": {}, "earningsEstimate": {"avg": {}, "low": {}, "high": {}, "yearAgoEps": {}, "numberOfAnalysts": {}, "growth": {}}, "revenueEstimate": {"avg": {}, "low": {}, "high": {}, "numberOfAnalysts": {}, "yearAgoRevenue": {}, "growth": {}}, "epsTrend": {"current": {}, "7daysAgo": {}, "30daysAgo": {}, "60daysAgo": {}, "90daysAgo": {}}, "epsRevisions": {"upLast7days": {}, "upLast30days": {}, "downLast30days": {}, "downLast90days": {}}}, {"maxAge": 1, "period": "-5y", "endDate": null, "growth": {}, "earningsEstimate": {"avg": {}, "low": {}, "high": {}, "yearAgoEps": {}, "numberOfAnalysts": {}, "growth": {}}, "revenueEstimate": {"avg": {}, "low": {}, "high": {}, "numberOfAnalysts": {}, "yearAgoRevenue": {}, "growth": {}}, "epsTrend": {"current": {}, "7daysAgo": {}, "30daysAgo": {}, "60daysAgo": {}, "90daysAgo": {}}, "epsRevisions": {"upLast7days": {}, "upLast30days": {}, "downLast30days": {}, "downLast90days": {}}}], "maxAge": 1}, "financialData": {"maxAge": 86400, "currentPrice": 184.8, "targetHighPrice": 413.0, "targetLowPrice": 354.0, "targetMeanPrice": 383.5, "targetMedianPrice": 383.5, "recommendationKey": "none", "numberOfAnalystOpinions": 2, "grossProfits": 2137365000, "financialCurrency": "INR"}}}