{"STHINPA.BO": {"recommendationTrend": {"trend": [{"period": "0m", "strongBuy": 0, "buy": 0, "hold": 0, "sell": 0, "strongSell": 0}, {"period": "-1m", "strongBuy": 0, "buy": 0, "hold": 0, "sell": 0, "strongSell": 0}, {"period": "-2m", "strongBuy": 0, "buy": 0, "hold": 0, "sell": 0, "strongSell": 0}, {"period": "-3m", "strongBuy": 0, "buy": 0, "hold": 0, "sell": 0, "strongSell": 0}], "maxAge": 86400}, "cashflowStatementHistory": {"cashflowStatements": [{"maxAge": 1, "endDate": "2020-03-31", "netIncome": 159478000, "depreciation": 97547000, "changeToNetincome": 53427000, "changeToAccountReceivables": 101093000, "changeToLiabilities": -84534000, "changeToInventory": 41691000, "changeToOperatingActivities": 46480000, "totalCashFromOperatingActivities": 415301000, "capitalExpenditures": -339985000, "otherCashflowsFromInvestingActivities": 7494000, "totalCashflowsFromInvestingActivities": -332348000, "dividendsPaid": -22500000, "netBorrowings": 44156000, "otherCashflowsFromFinancingActivities": -47975000, "totalCashFromFinancingActivities": -26319000, "changeInCash": 56635000}, {"maxAge": 1, "endDate": "2019-03-31", "netIncome": 183675000, "depreciation": 94769000, "changeToNetincome": 33717000, "changeToAccountReceivables": -14421000, "changeToLiabilities": 44574000, "changeToInventory": -13225000, "changeToOperatingActivities": 60063000, "totalCashFromOperatingActivities": 389382000, "capitalExpenditures": -127620000, "otherCashflowsFromInvestingActivities": 4783000, "totalCashflowsFromInvestingActivities": -122620000, "dividendsPaid": -14938000, "netBorrowings": -150092000, "otherCashflowsFromFinancingActivities": -47484000, "totalCashFromFinancingActivities": -212514000, "changeInCash": 54248000}, {"maxAge": 1, "endDate": "2018-03-31", "netIncome": 9528000, "depreciation": 87515000, "changeToNetincome": 26380000, "changeToAccountReceivables": -81486000, "changeToLiabilities": 22720000, "changeToInventory": -75241000, "changeToOperatingActivities": -6261000, "totalCashFromOperatingActivities": -16479000, "capitalExpenditures": -26776000, "otherCashflowsFromInvestingActivities": 4253000, "totalCashflowsFromInvestingActivities": 14007000, "dividendsPaid": -22953000, "netBorrowings": 75051000, "otherCashflowsFromFinancingActivities": -71283000, "totalCashFromFinancingActivities": -19185000, "changeInCash": -21657000}, {"maxAge": 1, "endDate": "2017-03-31", "netIncome": 119547000, "depreciation": 94736000, "changeToNetincome": 41108000, "changeToAccountReceivables": 60774000, "changeToLiabilities": -30314000, "changeToInventory": -2205000, "changeToOperatingActivities": -22449000, "totalCashFromOperatingActivities": 261578000, "capitalExpenditures": -295685000, "otherCashflowsFromInvestingActivities": 6101000, "totalCashflowsFromInvestingActivities": -289584000, "dividendsPaid": -44343000, "netBorrowings": 156013000, "otherCashflowsFromFinancingActivities": -77345000, "totalCashFromFinancingActivities": 34325000, "changeInCash": 6319000}], "maxAge": 86400}, "institutionOwnership": {"ownershipList": [], "maxAge": 1}, "balanceSheetHistoryQuarterly": {"balanceSheetStatements": [{"maxAge": 1, "endDate": "2020-06-30", "totalStockholderEquity": 1693383000, "netTangibleAssets": 1693320000}, {"maxAge": 1, "endDate": "2020-03-31", "cash": 3948000, "netReceivables": 302732000, "inventory": 322329000, "otherCurrentAssets": 152049000, "totalCurrentAssets": 787534000, "propertyPlantEquipment": 1430460000, "intangibleAssets": 63000, "otherAssets": 315417000, "totalAssets": 2533474000, "accountsPayable": 134169000, "shortLongTermDebt": 54662000, "otherCurrentLiab": 41456000, "longTermDebt": 261446000, "otherLiab": 187169000, "totalCurrentLiabilities": 391476000, "totalLiab": 840091000, "commonStock": 150000000, "retainedEarnings": 1536886000, "treasuryStock": 6497000, "otherStockholderEquity": 6497000, "totalStockholderEquity": 1693383000, "netTangibleAssets": 1693320000}, {"maxAge": 1, "endDate": "2019-12-31", "totalStockholderEquity": 1618403000, "netTangibleAssets": 1618281000}, {"maxAge": 1, "endDate": "2019-09-30", "cash": 94866000, "shortTermInvestments": 1114000, "netReceivables": 333925000, "inventory": 350434000, "otherCurrentAssets": 24040000, "totalCurrentAssets": 804379000, "propertyPlantEquipment": 1378869000, "intangibleAssets": 122000, "otherAssets": 209762000, "totalAssets": 2393132000, "accountsPayable": 147237000, "shortLongTermDebt": 62686000, "otherCurrentLiab": 39450000, "longTermDebt": 290908000, "otherLiab": 182972000, "totalCurrentLiabilities": 300849000, "totalLiab": 774729000, "commonStock": 150000000, "treasuryStock": 1468403000, "otherStockholderEquity": 1468403000, "totalStockholderEquity": 1618403000, "netTangibleAssets": 1618281000}], "maxAge": 86400}, "earningsHistory": {"history": [{"maxAge": 1, "epsActual": {}, "epsEstimate": {}, "epsDifference": {}, "surprisePercent": {}, "quarter": {}, "period": "-4q"}, {"maxAge": 1, "epsActual": {}, "epsEstimate": {}, "epsDifference": {}, "surprisePercent": {}, "quarter": {}, "period": "-3q"}, {"maxAge": 1, "epsActual": {}, "epsEstimate": {}, "epsDifference": {}, "surprisePercent": {}, "quarter": {}, "period": "-2q"}, {"maxAge": 1, "epsActual": {}, "epsEstimate": {}, "epsDifference": {}, "surprisePercent": {}, "quarter": {}, "period": "-1q"}], "maxAge": 86400}, "indexTrend": {"maxAge": 1, "symbol": "SP5", "peRatio": 19.7411, "pegRatio": 1.34172, "estimates": [{"period": "0q", "growth": 0.549}, {"period": "+1q", "growth": 0.431}, {"period": "0y", "growth": 0.305}, {"period": "+1y", "growth": 0.109}, {"period": "+5y", "growth": 0.120859005}, {"period": "-5y"}]}, "industryTrend": {"maxAge": 1, "symbol": null, "estimates": []}, "insiderTransactions": {"transactions": [{"maxAge": 1, "shares": 359224, "filerUrl": "", "transactionText": "", "filerName": "Patel (Prafulchandra C)", "filerRelation": "Promoter", "moneyText": "", "startDate": "2018-04-20", "ownership": "D"}, {"maxAge": 1, "shares": 359224, "filerUrl": "", "transactionText": "", "filerName": "Patel (Sheilja D)", "filerRelation": "Promoter", "moneyText": "", "startDate": "2018-04-20", "ownership": "D"}, {"maxAge": 1, "shares": 207776, "filerUrl": "", "transactionText": "", "filerName": "Patel (Prafulchandra C)", "filerRelation": "UNREPORTED", "moneyText": "", "startDate": "2018-04-10", "ownership": "D"}, {"maxAge": 1, "shares": 207776, "filerUrl": "", "transactionText": "", "filerName": "Patel (Shishir P)", "filerRelation": "UNREPORTED", "moneyText": "", "startDate": "2018-04-10", "ownership": "D"}, {"maxAge": 1, "shares": 21050, "filerUrl": "", "transactionText": "", "filerName": "Patel (Sanjay Suresh)", "filerRelation": "Promoter", "moneyText": "", "startDate": "2017-10-04", "ownership": "D"}], "maxAge": 1}, "quoteType": {"exchange": "BSE", "quoteType": "EQUITY", "symbol": "STHINPA.BO", "underlyingSymbol": "STHINPA.BO", "shortName": "SOUTH INDIA PAPER MILLS LTD.", "longName": "The South India Paper Mills Limited", "firstTradeDateEpochUtc": "2002-08-26 09:15:00", "timeZoneFullName": "Asia/Kolkata", "timeZoneShortName": "IST", "uuid": "ad9dc4d0-d9a4-3af7-b9ca-465dd3a15f1a", "gmtOffSetMilliseconds": 19800000, "maxAge": 1}, "incomeStatementHistory": {"incomeStatementHistory": [{"maxAge": 1, "endDate": "2020-03-31", "totalRevenue": 2176108000, "costOfRevenue": 1041542000, "grossProfit": 1134566000, "researchDevelopment": {}, "sellingGeneralAdministrative": 250204000, "nonRecurring": {}, "otherOperatingExpenses": 540071000, "totalOperatingExpenses": 1929483000, "operatingIncome": 246625000, "totalOtherIncomeExpenseNet": -33281000, "ebit": 246625000, "interestExpense": -41146000, "incomeBeforeTax": 213344000, "incomeTaxExpense": 53866000, "minorityInterest": {}, "netIncomeFromContinuingOps": 159478000, "discontinuedOperations": {}, "extraordinaryItems": {}, "effectOfAccountingCharges": {}, "otherItems": {}, "netIncome": 159478000, "netIncomeApplicableToCommonShares": 159478000}, {"maxAge": 1, "endDate": "2019-03-31", "totalRevenue": 2424958000, "costOfRevenue": 1190757000, "grossProfit": 1234201000, "researchDevelopment": {}, "sellingGeneralAdministrative": 229815000, "nonRecurring": {}, "otherOperatingExpenses": 635643000, "totalOperatingExpenses": 2151214000, "operatingIncome": 273744000, "totalOtherIncomeExpenseNet": -41573000, "ebit": 273744000, "interestExpense": -44537000, "incomeBeforeTax": 232171000, "incomeTaxExpense": 48496000, "minorityInterest": {}, "netIncomeFromContinuingOps": 183675000, "discontinuedOperations": {}, "extraordinaryItems": {}, "effectOfAccountingCharges": {}, "otherItems": {}, "netIncome": 183675000, "netIncomeApplicableToCommonShares": 183675000}, {"maxAge": 1, "endDate": "2018-03-31", "totalRevenue": 1346645000, "costOfRevenue": 650196000, "grossProfit": 696449000, "researchDevelopment": {}, "sellingGeneralAdministrative": 155940000, "nonRecurring": {}, "otherOperatingExpenses": 412139000, "totalOperatingExpenses": 1306156000, "operatingIncome": 40489000, "totalOtherIncomeExpenseNet": -32429000, "ebit": 40489000, "interestExpense": -47770000, "incomeBeforeTax": 8060000, "incomeTaxExpense": -1468000, "minorityInterest": {}, "netIncomeFromContinuingOps": 9528000, "discontinuedOperations": {}, "extraordinaryItems": {}, "effectOfAccountingCharges": {}, "otherItems": {}, "netIncome": 9528000, "netIncomeApplicableToCommonShares": 9528000}, {"maxAge": 1, "endDate": "2017-03-31", "totalRevenue": 1952714000, "costOfRevenue": 919636000, "grossProfit": 1033078000, "researchDevelopment": {}, "sellingGeneralAdministrative": 193432000, "nonRecurring": {}, "otherOperatingExpenses": 538070000, "totalOperatingExpenses": 1746255000, "operatingIncome": 206459000, "totalOtherIncomeExpenseNet": -24771000, "ebit": 206459000, "interestExpense": -38843000, "incomeBeforeTax": 181688000, "incomeTaxExpense": 62141000, "minorityInterest": {}, "netIncomeFromContinuingOps": 119547000, "discontinuedOperations": {}, "extraordinaryItems": {}, "effectOfAccountingCharges": {}, "otherItems": {}, "netIncome": 119547000, "netIncomeApplicableToCommonShares": 119547000}], "maxAge": 86400}, "fundOwnership": {"ownershipList": [], "maxAge": 1}, "summaryDetail": {"maxAge": 1, "priceHint": 2, "previousClose": 85.0, "open": 84.25, "dayLow": 84.25, "dayHigh": 86.6, "regularMarketPreviousClose": 85.0, "regularMarketOpen": 84.25, "regularMarketDayLow": 84.25, "regularMarketDayHigh": 86.6, "trailingPE": 9.453528, "volume": 2360, "regularMarketVolume": 2360, "averageVolume": 9735, "averageVolume10days": 9733, "averageDailyVolume10Day": 9733, "bid": 85.15, "ask": 86.2, "bidSize": 0, "askSize": 0, "marketCap": 1292249984, "fiftyTwoWeekLow": 32.6, "fiftyTwoWeekHigh": 102.9, "fiftyDayAverage": 84.395454, "twoHundredDayAverage": 67.97022, "trailingAnnualDividendRate": 1.5, "trailingAnnualDividendYield": 0.01764706, "currency": "INR", "fromCurrency": null, "lastMarket": null, "algorithm": null, "tradeable": false}, "sectorTrend": {"maxAge": 1, "symbol": null, "estimates": []}, "incomeStatementHistoryQuarterly": {"incomeStatementHistory": [{"maxAge": 1, "endDate": "2020-06-30", "totalRevenue": 346346000, "costOfRevenue": 123724000, "grossProfit": 222622000, "researchDevelopment": {}, "sellingGeneralAdministrative": 48384000, "nonRecurring": {}, "otherOperatingExpenses": 109826000, "totalOperatingExpenses": 305949000, "operatingIncome": 40397000, "totalOtherIncomeExpenseNet": -9378000, "ebit": 40397000, "interestExpense": -10824000, "incomeBeforeTax": 31019000, "incomeTaxExpense": 9033000, "minorityInterest": {}, "netIncomeFromContinuingOps": 21986000, "discontinuedOperations": {}, "extraordinaryItems": {}, "effectOfAccountingCharges": {}, "otherItems": {}, "netIncome": 21986000, "netIncomeApplicableToCommonShares": 21986000}, {"maxAge": 1, "endDate": "2020-03-31", "totalRevenue": 465456000, "costOfRevenue": 299831000, "grossProfit": 165625000, "researchDevelopment": {}, "sellingGeneralAdministrative": 69367000, "nonRecurring": {}, "otherOperatingExpenses": 29119000, "totalOperatingExpenses": 423584000, "operatingIncome": 41872000, "totalOtherIncomeExpenseNet": -8837000, "ebit": 41872000, "interestExpense": -9512000, "incomeBeforeTax": 33035000, "incomeTaxExpense": 1166000, "minorityInterest": {}, "netIncomeFromContinuingOps": 31869000, "discontinuedOperations": {}, "extraordinaryItems": {}, "effectOfAccountingCharges": {}, "otherItems": {}, "netIncome": 31869000, "netIncomeApplicableToCommonShares": 31869000}, {"maxAge": 1, "endDate": "2019-12-31", "totalRevenue": 561259000, "costOfRevenue": 235350000, "grossProfit": 325909000, "researchDevelopment": {}, "sellingGeneralAdministrative": 63570000, "nonRecurring": {}, "otherOperatingExpenses": 170117000, "totalOperatingExpenses": 493380000, "operatingIncome": 67879000, "totalOtherIncomeExpenseNet": -7717000, "ebit": 67879000, "interestExpense": -9791000, "incomeBeforeTax": 60162000, "incomeTaxExpense": 17700000, "minorityInterest": {}, "netIncomeFromContinuingOps": 42462000, "discontinuedOperations": {}, "extraordinaryItems": {}, "effectOfAccountingCharges": {}, "otherItems": {}, "netIncome": 42462000, "netIncomeApplicableToCommonShares": 42462000}, {"maxAge": 1, "endDate": "2019-09-30", "totalRevenue": 540498000, "costOfRevenue": 220004000, "grossProfit": 320494000, "researchDevelopment": {}, "sellingGeneralAdministrative": 59061000, "nonRecurring": {}, "otherOperatingExpenses": 164962000, "totalOperatingExpenses": 468120000, "operatingIncome": 72378000, "totalOtherIncomeExpenseNet": -9361000, "ebit": 72378000, "interestExpense": -11164000, "incomeBeforeTax": 63017000, "incomeTaxExpense": 22700000, "minorityInterest": {}, "netIncomeFromContinuingOps": 40317000, "discontinuedOperations": {}, "extraordinaryItems": {}, "effectOfAccountingCharges": {}, "otherItems": {}, "netIncome": 40317000, "netIncomeApplicableToCommonShares": 40317000}], "maxAge": 86400}, "cashflowStatementHistoryQuarterly": {"cashflowStatements": [{"maxAge": 1, "endDate": "2020-06-30", "netIncome": 21986000, "changeToLiabilities": 0}, {"maxAge": 1, "endDate": "2020-03-31", "netIncome": 31869000, "changeToLiabilities": 0}, {"maxAge": 1, "endDate": "2019-12-31", "netIncome": 42462000, "changeToLiabilities": 0}, {"maxAge": 1, "endDate": "2019-09-30", "netIncome": 40317000, "changeToLiabilities": 0}], "maxAge": 86400}, "insiderHolders": {"holders": [{"maxAge": 1, "name": "Patel (Prafulchandra C)", "relation": "Promoter", "url": "", "transactionDescription": "Other", "latestTransDate": "2018-04-20", "positionDirect": 0, "positionDirectDate": "2018-04-20"}, {"maxAge": 1, "name": "Patel (Sanjay Suresh)", "relation": "Promoter", "url": "", "transactionDescription": "Sale", "latestTransDate": "2017-10-04", "positionDirect": 266057, "positionDirectDate": "2017-10-04"}, {"maxAge": 1, "name": "Patel (Sheilja D)", "relation": "Promoter", "url": "", "transactionDescription": "Other", "latestTransDate": "2018-04-20", "positionDirect": 387796, "positionDirectDate": "2018-04-20"}, {"maxAge": 1, "name": "Patel (Shishir P)", "relation": "UNREPORTED", "url": "", "transactionDescription": "Other", "latestTransDate": "2018-04-10", "positionDirect": 387796, "positionDirectDate": "2018-04-10"}], "maxAge": 1}, "earnings": {"maxAge": 86400, "earningsChart": {"quarterly": [], "earningsDate": ["2020-07-30 05:30:S"]}, "financialsChart": {"yearly": [{"date": 2017, "revenue": 1952714000, "earnings": 119547000}, {"date": 2018, "revenue": 1346645000, "earnings": 9528000}, {"date": 2019, "revenue": 2424958000, "earnings": 183675000}, {"date": 2020, "revenue": 2176108000, "earnings": 159478000}], "quarterly": [{"date": "3Q2019", "revenue": 540498000, "earnings": 40317000}, {"date": "4Q2019", "revenue": 561259000, "earnings": 42462000}, {"date": "1Q2020", "revenue": 465456000, "earnings": 31869000}, {"date": "2Q2020", "revenue": 346346000, "earnings": 21986000}]}, "financialCurrency": "INR"}, "calendarEvents": {"maxAge": 1, "earnings": {"earningsDate": ["2020-07-30 05:30:S"]}}, "upgradeDowngradeHistory": {"history": [], "maxAge": 86400}, "price": {"maxAge": 1, "regularMarketChangePercent": 0.013529431, "regularMarketChange": 1.1500015, "regularMarketTime": "2021-04-30 15:20:54", "priceHint": 2, "regularMarketPrice": 86.15, "regularMarketDayHigh": 86.6, "regularMarketDayLow": 84.25, "regularMarketVolume": 2360, "averageDailyVolume10Day": 9733, "averageDailyVolume3Month": 9735, "regularMarketPreviousClose": 85.0, "regularMarketSource": "FREE_REALTIME", "regularMarketOpen": 84.25, "exchange": "BSE", "exchangeName": "BSE", "exchangeDataDelayedBy": 0, "marketState": "CLOSED", "quoteType": "EQUITY", "symbol": "STHINPA.BO", "underlyingSymbol": null, "shortName": "SOUTH INDIA PAPER MILLS LTD.", "longName": "The South India Paper Mills Limited", "currency": "INR", "quoteSourceName": "Delayed Quote", "currencySymbol": "\u20b9", "fromCurrency": null, "lastMarket": null, "marketCap": 1292249984}, "balanceSheetHistory": {"balanceSheetStatements": [{"maxAge": 1, "endDate": "2020-03-31", "cash": 3948000, "netReceivables": 302732000, "inventory": 322329000, "otherCurrentAssets": 152049000, "totalCurrentAssets": 787534000, "propertyPlantEquipment": 1430460000, "intangibleAssets": 63000, "otherAssets": 315417000, "totalAssets": 2533474000, "accountsPayable": 134169000, "shortLongTermDebt": 54662000, "otherCurrentLiab": 41456000, "longTermDebt": 261446000, "otherLiab": 187169000, "totalCurrentLiabilities": 391476000, "totalLiab": 840091000, "commonStock": 150000000, "retainedEarnings": 1536886000, "treasuryStock": 6497000, "otherStockholderEquity": 6497000, "totalStockholderEquity": 1693383000, "netTangibleAssets": 1693320000}, {"maxAge": 1, "endDate": "2019-03-31", "cash": 9988000, "shortTermInvestments": 1868000, "netReceivables": 409749000, "inventory": 364020000, "otherCurrentAssets": 94442000, "totalCurrentAssets": 884651000, "propertyPlantEquipment": 1401169000, "intangibleAssets": 182000, "otherAssets": 102069000, "totalAssets": 2388071000, "accountsPayable": 217641000, "shortLongTermDebt": 56177000, "otherCurrentLiab": 9692000, "longTermDebt": 321704000, "otherLiab": 169197000, "totalCurrentLiabilities": 336789000, "totalLiab": 827690000, "commonStock": 150000000, "retainedEarnings": 1404533000, "treasuryStock": 5848000, "otherStockholderEquity": 5848000, "totalStockholderEquity": 1560381000, "netTangibleAssets": 1560199000}, {"maxAge": 1, "endDate": "2018-03-31", "cash": 4883000, "netReceivables": 406196000, "inventory": 350794000, "otherCurrentAssets": 78402000, "totalCurrentAssets": 847197000, "propertyPlantEquipment": 1448551000, "intangibleAssets": 412000, "otherAssets": 53087000, "totalAssets": 2349247000, "accountsPayable": 175052000, "shortLongTermDebt": 56177000, "otherCurrentLiab": 39509000, "longTermDebt": 356397000, "otherLiab": 171812000, "totalCurrentLiabilities": 424098000, "totalLiab": 952307000, "commonStock": 150000000, "retainedEarnings": 1238942000, "treasuryStock": 7998000, "otherStockholderEquity": 7998000, "totalStockholderEquity": 1396940000, "netTangibleAssets": 1396528000}, {"maxAge": 1, "endDate": "2017-03-31", "cash": 11529000, "netReceivables": 311034000, "inventory": 275553000, "otherCurrentAssets": 138050000, "totalCurrentAssets": 740566000, "propertyPlantEquipment": 1470297000, "intangibleAssets": 778000, "otherAssets": 93332000, "totalAssets": 2304973000, "accountsPayable": 152332000, "shortLongTermDebt": 17843000, "otherCurrentLiab": 43719000, "longTermDebt": 299657000, "otherLiab": 192733000, "totalCurrentLiabilities": 399495000, "totalLiab": 891885000, "commonStock": 150000000, "retainedEarnings": 1256495000, "treasuryStock": 6593000, "otherStockholderEquity": 6593000, "totalStockholderEquity": 1413088000, "netTangibleAssets": 1412310000}], "maxAge": 86400}, "earningsTrend": {"trend": [{"maxAge": 1, "period": "0q", "endDate": null, "growth": {}, "earningsEstimate": {"avg": 0.0, "low": 0.0, "high": 0.0, "yearAgoEps": {}, "numberOfAnalysts": 0, "growth": {}}, "revenueEstimate": {"avg": 0, "low": 0, "high": 0, "numberOfAnalysts": 0, "yearAgoRevenue": {}, "growth": {}}, "epsTrend": {"current": 0.0, "7daysAgo": 0.0, "30daysAgo": 0.0, "60daysAgo": 0.0, "90daysAgo": 0.0}, "epsRevisions": {"upLast7days": 0, "upLast30days": 0, "downLast30days": 0, "downLast90days": {}}}, {"maxAge": 1, "period": "+1q", "endDate": null, "growth": {}, "earningsEstimate": {"avg": 0.0, "low": 0.0, "high": 0.0, "yearAgoEps": {}, "numberOfAnalysts": 0, "growth": {}}, "revenueEstimate": {"avg": 0, "low": 0, "high": 0, "numberOfAnalysts": 0, "yearAgoRevenue": {}, "growth": {}}, "epsTrend": {"current": 0.0, "7daysAgo": 0.0, "30daysAgo": 0.0, "60daysAgo": 0.0, "90daysAgo": 0.0}, "epsRevisions": {"upLast7days": 0, "upLast30days": 0, "downLast30days": 0, "downLast90days": {}}}, {"maxAge": 1, "period": "0y", "endDate": null, "growth": {}, "earningsEstimate": {"avg": 0.0, "low": 0.0, "high": 0.0, "yearAgoEps": {}, "numberOfAnalysts": 0, "growth": {}}, "revenueEstimate": {"avg": 0, "low": 0, "high": 0, "numberOfAnalysts": 0, "yearAgoRevenue": {}, "growth": {}}, "epsTrend": {"current": 0.0, "7daysAgo": 0.0, "30daysAgo": 0.0, "60daysAgo": 0.0, "90daysAgo": 0.0}, "epsRevisions": {"upLast7days": 0, "upLast30days": 0, "downLast30days": 0, "downLast90days": {}}}, {"maxAge": 1, "period": "+1y", "endDate": null, "growth": {}, "earningsEstimate": {"avg": 0.0, "low": 0.0, "high": 0.0, "yearAgoEps": {}, "numberOfAnalysts": 0, "growth": {}}, "revenueEstimate": {"avg": 0, "low": 0, "high": 0, "numberOfAnalysts": 0, "yearAgoRevenue": {}, "growth": {}}, "epsTrend": {"current": 0.0, "7daysAgo": 0.0, "30daysAgo": 0.0, "60daysAgo": 0.0, "90daysAgo": 0.0}, "epsRevisions": {"upLast7days": 0, "upLast30days": 0, "downLast30days": 0, "downLast90days": {}}}, {"maxAge": 1, "period": "+5y", "endDate": null, "growth": {}, "earningsEstimate": {"avg": {}, "low": {}, "high": {}, "yearAgoEps": {}, "numberOfAnalysts": {}, "growth": {}}, "revenueEstimate": {"avg": {}, "low": {}, "high": {}, "numberOfAnalysts": {}, "yearAgoRevenue": {}, "growth": {}}, "epsTrend": {"current": {}, "7daysAgo": {}, "30daysAgo": {}, "60daysAgo": {}, "90daysAgo": {}}, "epsRevisions": {"upLast7days": {}, "upLast30days": {}, "downLast30days": {}, "downLast90days": {}}}, {"maxAge": 1, "period": "-5y", "endDate": null, "growth": {}, "earningsEstimate": {"avg": {}, "low": {}, "high": {}, "yearAgoEps": {}, "numberOfAnalysts": {}, "growth": {}}, "revenueEstimate": {"avg": {}, "low": {}, "high": {}, "numberOfAnalysts": {}, "yearAgoRevenue": {}, "growth": {}}, "epsTrend": {"current": {}, "7daysAgo": {}, "30daysAgo": {}, "60daysAgo": {}, "90daysAgo": {}}, "epsRevisions": {"upLast7days": {}, "upLast30days": {}, "downLast30days": {}, "downLast90days": {}}}], "maxAge": 1}, "financialData": {"maxAge": 86400, "currentPrice": 86.15, "recommendationKey": "none", "grossProfits": 1134566000, "financialCurrency": "INR"}}}