{"STOVEKRAFT.NS": {"assetProfile": {"address1": "81/1, Medamarana Halli Village", "address2": "Harohalli Hobli Kanakapura Taluk Ramnagar District", "city": "Bengaluru", "zip": "562112", "country": "India", "phone": "91 80 2801 6222", "fax": "91 80 2801 6209", "website": "http://www.stovekraft.com", "industry": "Furnishings, Fixtures & Appliances", "sector": "Consumer Cyclical", "longBusinessSummary": "Stove Kraft Limited engages in manufacturing and trading of kitchen and home appliances primarily under the Pigeon and Gilma brands. It offers pressure cookers, non-stick cookware, hobs, stainless steel cooktops, gas and induction cooktops, LPG and wick stoves, mixer grinders, chimneys, emergency lamps, ladders and cloth dryers, water bottles and flasks, cleaning and garment care products, and cooking appliances. The company also provides chairs, digital safes, microwave OTG, and ovens; and bulb, batten, and downlight LED lights. It operates in India, the Middle East, Kenya, Uganda, Qatar, Sri Lanka, Fiji, Bahrain, Kuwait, Oman, and Tanzania. The company was founded in 1994 and is based in Bengaluru, India.", "fullTimeEmployees": 3156, "companyOfficers": [{"maxAge": 1, "name": "Mr. Rajendra J. Gandhi", "title": "Chairman & MD", "exercisedValue": 0, "unexercisedValue": 0}, {"maxAge": 1, "name": "Mr. Rajiv Mehta Nitinbhai", "title": "CEO & Director", "exercisedValue": 0, "unexercisedValue": 0}, {"maxAge": 1, "name": "Mr. S. K. Shashidhar", "title": "Chief Financial Officer", "exercisedValue": 0, "unexercisedValue": 0}, {"maxAge": 1, "name": "Mr. R. Senthil Kumar", "title": "Chief Operating Officer", "exercisedValue": 0, "unexercisedValue": 0}, {"maxAge": 1, "name": "Mr. Ramakrishna  Pendyala", "title": "Sr. Gen. Mang. of Fin., Accounts & Control", "exercisedValue": 0, "unexercisedValue": 0}, {"maxAge": 1, "name": "Mr. Vivek  Mishra", "title": "Legal Head", "exercisedValue": 0, "unexercisedValue": 0}, {"maxAge": 1, "name": "Mr. Vivek  Kulkarni", "title": "Head of Quality", "exercisedValue": 0, "unexercisedValue": 0}, {"maxAge": 1, "name": "Mr. Krishna Kumar Sinha", "title": "National Sales Head of Pigeon LED", "exercisedValue": 0, "unexercisedValue": 0}, {"maxAge": 1, "name": "Mr. Hemant Kumar Kothari", "title": "Chief Bus. Analyst", "exercisedValue": 0, "unexercisedValue": 0}, {"maxAge": 1, "name": "Ms. Neha  Gandhi", "title": "Exec. Director", "exercisedValue": 0, "unexercisedValue": 0}], "maxAge": 86400}, "cashflowStatementHistory": {"cashflowStatements": [{"maxAge": 1, "endDate": "2020-03-31", "netIncome": 31600000, "depreciation": 121430000, "changeToNetincome": 274880000, "changeToAccountReceivables": -172420000, "changeToLiabilities": 164340000, "changeToInventory": -191800000, "changeToOperatingActivities": -74920000, "totalCashFromOperatingActivities": 155780000, "capitalExpenditures": -260790000, "otherCashflowsFromInvestingActivities": -12130000, "totalCashflowsFromInvestingActivities": -272570000, "netBorrowings": 156030000, "otherCashflowsFromFinancingActivities": -174420000, "totalCashFromFinancingActivities": -18390000, "changeInCash": -135180000}, {"maxAge": 1, "endDate": "2019-03-31", "netIncome": 7330000, "depreciation": 120980000, "changeToNetincome": 188900000, "changeToAccountReceivables": -123500000, "changeToLiabilities": -92040000, "changeToInventory": 77240000, "changeToOperatingActivities": -49590000, "totalCashFromOperatingActivities": 131720000, "capitalExpenditures": -74430000, "otherCashflowsFromInvestingActivities": 6190000, "totalCashflowsFromInvestingActivities": -68110000, "netBorrowings": 403110000, "otherCashflowsFromFinancingActivities": -185480000, "totalCashFromFinancingActivities": 217630000, "changeInCash": 281240000}, {"maxAge": 1, "endDate": "2018-03-31", "netIncome": -120000000, "depreciation": 109360000, "changeToNetincome": 326260000, "changeToAccountReceivables": -247930000, "changeToLiabilities": 343340000, "changeToInventory": -325110000, "changeToOperatingActivities": 24230000, "totalCashFromOperatingActivities": 113040000, "capitalExpenditures": -63180000, "otherCashflowsFromInvestingActivities": -630000, "totalCashflowsFromInvestingActivities": -61490000, "netBorrowings": 95200000, "otherCashflowsFromFinancingActivities": -148170000, "totalCashFromFinancingActivities": -52970000, "changeInCash": -1420000}, {"maxAge": 1, "endDate": "2017-03-31", "netIncome": -184810000, "depreciation": 108230000, "changeToNetincome": 323770000, "changeToAccountReceivables": -103030000, "changeToLiabilities": 201300000, "changeToInventory": -27370000, "changeToOperatingActivities": -25740000, "totalCashFromOperatingActivities": 294800000, "capitalExpenditures": -70950000, "otherCashflowsFromInvestingActivities": 21000000, "totalCashflowsFromInvestingActivities": -47340000, "netBorrowings": -121210000, "otherCashflowsFromFinancingActivities": -124940000, "totalCashFromFinancingActivities": -246150000, "changeInCash": 1310000}], "maxAge": 86400}, "institutionOwnership": {"ownershipList": [], "maxAge": 1}, "majorHoldersBreakdown": {"maxAge": 1, "insidersPercentHeld": 0.0, "institutionsPercentHeld": 0.09044, "institutionsFloatPercentHeld": 0.09044, "institutionsCount": 6}, "balanceSheetHistoryQuarterly": {"balanceSheetStatements": [{"maxAge": 1, "endDate": "2020-12-31", "totalStockholderEquity": -299430000, "netTangibleAssets": -333720000}, {"maxAge": 1, "endDate": "2020-09-30", "cash": 52900000, "netReceivables": 1078580000, "inventory": 1366280000, "otherCurrentAssets": 213790000, "totalCurrentAssets": 2758520000, "propertyPlantEquipment": 2002250000, "intangibleAssets": 34290000, "otherAssets": 189930000, "totalAssets": 4984990000, "accountsPayable": 1761360000, "shortLongTermDebt": 147220000, "otherCurrentLiab": 222670000, "longTermDebt": 2054390000, "otherLiab": 138110000, "totalCurrentLiabilities": 3091920000, "totalLiab": 5284420000, "commonStock": 247170000, "retainedEarnings": -1651160000, "treasuryStock": 10190000, "capitalSurplus": 1094370000, "otherStockholderEquity": 10190000, "totalStockholderEquity": -299430000, "netTangibleAssets": -333720000}, {"maxAge": 1, "endDate": "2020-06-30", "cash": 52900000, "netReceivables": 1078580000, "inventory": 1366280000, "otherCurrentAssets": 213790000, "totalCurrentAssets": 2758520000, "propertyPlantEquipment": 2002250000, "intangibleAssets": 34290000, "otherAssets": 189930000, "totalAssets": 4984990000, "accountsPayable": 1761360000, "shortLongTermDebt": 147220000, "otherCurrentLiab": 222670000, "longTermDebt": 2054390000, "otherLiab": 138110000, "totalCurrentLiabilities": 3091920000, "totalLiab": 5284420000, "commonStock": 247170000, "retainedEarnings": -1651160000, "treasuryStock": 10190000, "capitalSurplus": 1094370000, "otherStockholderEquity": 10190000, "totalStockholderEquity": -299430000, "netTangibleAssets": -333720000}, {"maxAge": 1, "endDate": "2020-03-31"}], "maxAge": 86400}, "indexTrend": {"maxAge": 1, "symbol": "SP5", "peRatio": 19.7411, "pegRatio": 1.34172, "estimates": [{"period": "0q", "growth": 0.549}, {"period": "+1q", "growth": 0.431}, {"period": "0y", "growth": 0.305}, {"period": "+1y", "growth": 0.109}, {"period": "+5y", "growth": 0.120865}, {"period": "-5y"}]}, "defaultKeyStatistics": {"maxAge": 1, "priceHint": 2, "enterpriseValue": 14391885824, "profitMargins": 0.06673, "floatShares": 2484526, "sharesOutstanding": 32548200, "heldPercentInsiders": 0.0, "heldPercentInstitutions": 0.09044, "category": null, "bookValue": -12.114, "fundFamily": null, "legalType": null, "lastFiscalYearEnd": "2020-03-31 05:30:00", "nextFiscalYearEnd": "2022-03-31 05:30:00", "mostRecentQuarter": "2020-12-31 05:30:00", "earningsQuarterlyGrowth": 2.775, "netIncomeToCommon": 518849984, "trailingEps": 20.991, "lastSplitFactor": null, "enterpriseToRevenue": 1.851, "enterpriseToEbitda": 16.714}, "summaryProfile": {"address1": "81/1, Medamarana Halli Village", "address2": "Harohalli Hobli Kanakapura Taluk Ramnagar District", "city": "Bengaluru", "zip": "562112", "country": "India", "phone": "91 80 2801 6222", "fax": "91 80 2801 6209", "website": "http://www.stovekraft.com", "industry": "Furnishings, Fixtures & Appliances", "sector": "Consumer Cyclical", "longBusinessSummary": "Stove Kraft Limited engages in manufacturing and trading of kitchen and home appliances primarily under the Pigeon and Gilma brands. It offers pressure cookers, non-stick cookware, hobs, stainless steel cooktops, gas and induction cooktops, LPG and wick stoves, mixer grinders, chimneys, emergency lamps, ladders and cloth dryers, water bottles and flasks, cleaning and garment care products, and cooking appliances. The company also provides chairs, digital safes, microwave OTG, and ovens; and bulb, batten, and downlight LED lights. It operates in India, the Middle East, Kenya, Uganda, Qatar, Sri Lanka, Fiji, Bahrain, Kuwait, Oman, and Tanzania. The company was founded in 1994 and is based in Bengaluru, India.", "fullTimeEmployees": 3156, "companyOfficers": [], "maxAge": 86400}, "netSharePurchaseActivity": {"maxAge": 1, "period": "6m", "buyInfoCount": 0, "buyInfoShares": 0, "sellInfoCount": 0, "netInfoCount": 0, "netInfoShares": 0, "totalInsiderShares": 0}, "quoteType": {"exchange": "NSI", "quoteType": "EQUITY", "symbol": "STOVEKRAFT.NS", "underlyingSymbol": "STOVEKRAFT.NS", "shortName": "Stove Kraft Limited", "longName": "Stove Kraft Limited", "firstTradeDateEpochUtc": "2021-02-08 09:15:00", "timeZoneFullName": "Asia/Kolkata", "timeZoneShortName": "IST", "uuid": "fcaa943e-1678-3cfe-88c3-325124be37d0", "gmtOffSetMilliseconds": 19800000, "maxAge": 1}, "incomeStatementHistory": {"incomeStatementHistory": [{"maxAge": 1, "endDate": "2020-03-31", "totalRevenue": 6698610000, "costOfRevenue": 4468080000, "grossProfit": 2230530000, "researchDevelopment": {}, "sellingGeneralAdministrative": 1142510000, "nonRecurring": {}, "otherOperatingExpenses": 737560000, "totalOperatingExpenses": 6472250000, "operatingIncome": 226360000, "totalOtherIncomeExpenseNet": -193850000, "ebit": 226360000, "interestExpense": -181300000, "incomeBeforeTax": 32510000, "incomeTaxExpense": 810000, "minorityInterest": 2270000, "netIncomeFromContinuingOps": 31700000, "discontinuedOperations": {}, "extraordinaryItems": {}, "effectOfAccountingCharges": {}, "otherItems": {}, "netIncome": 31600000, "netIncomeApplicableToCommonShares": 31600000}, {"maxAge": 1, "endDate": "2019-03-31", "totalRevenue": 6409380000, "costOfRevenue": 4435370000, "grossProfit": 1974010000, "researchDevelopment": {}, "sellingGeneralAdministrative": 928420000, "nonRecurring": {}, "otherOperatingExpenses": 716390000, "totalOperatingExpenses": 6203560000, "operatingIncome": 205820000, "totalOtherIncomeExpenseNet": -193580000, "ebit": 205820000, "interestExpense": -155060000, "incomeBeforeTax": 12240000, "incomeTaxExpense": 4880000, "minorityInterest": 2170000, "netIncomeFromContinuingOps": 7360000, "discontinuedOperations": {}, "extraordinaryItems": {}, "effectOfAccountingCharges": {}, "otherItems": {}, "netIncome": 7330000, "netIncomeApplicableToCommonShares": 7330000}, {"maxAge": 1, "endDate": "2018-03-31", "totalRevenue": 5236190000, "costOfRevenue": 3572660000, "grossProfit": 1663530000, "researchDevelopment": {}, "sellingGeneralAdministrative": 766950000, "nonRecurring": {}, "otherOperatingExpenses": 795840000, "totalOperatingExpenses": 5247700000, "operatingIncome": -11510000, "totalOtherIncomeExpenseNet": -114040000, "ebit": -11510000, "interestExpense": -153340000, "incomeBeforeTax": -125550000, "incomeTaxExpense": -5370000, "minorityInterest": 2140000, "netIncomeFromContinuingOps": -120180000, "discontinuedOperations": {}, "extraordinaryItems": {}, "effectOfAccountingCharges": {}, "otherItems": {}, "netIncome": -120000000, "netIncomeApplicableToCommonShares": -120000000}, {"maxAge": 1, "endDate": "2017-03-31", "totalRevenue": 4934840000, "costOfRevenue": 3421650000, "grossProfit": 1513190000, "researchDevelopment": {}, "sellingGeneralAdministrative": 679400000, "nonRecurring": {}, "otherOperatingExpenses": 784520000, "totalOperatingExpenses": 4996250000, "operatingIncome": -61410000, "totalOtherIncomeExpenseNet": -120840000, "ebit": -61410000, "interestExpense": -135130000, "incomeBeforeTax": -182250000, "incomeTaxExpense": 2780000, "minorityInterest": 2540000, "netIncomeFromContinuingOps": -185030000, "discontinuedOperations": {}, "extraordinaryItems": {}, "effectOfAccountingCharges": {}, "otherItems": {}, "netIncome": -184810000, "netIncomeApplicableToCommonShares": -184810000}], "maxAge": 86400}, "fundOwnership": {"ownershipList": [], "maxAge": 1}, "summaryDetail": {"maxAge": 1, "priceHint": 2, "previousClose": 464.8, "open": 463.4, "dayLow": 455.5, "dayHigh": 463.7, "regularMarketPreviousClose": 464.8, "regularMarketOpen": 463.4, "regularMarketDayLow": 455.5, "regularMarketDayHigh": 463.7, "payoutRatio": 0.0, "trailingPE": 21.778381, "volume": 139267, "regularMarketVolume": 139267, "averageVolume": 487468, "averageVolume10days": 165144, "averageDailyVolume10Day": 165144, "bid": 0.0, "ask": 0.0, "marketCap": 14898610176, "fiftyTwoWeekLow": 406.1, "fiftyTwoWeekHigh": 547.85, "priceToSalesTrailing12Months": 1.9161904, "fiftyDayAverage": 478.19116, "twoHundredDayAverage": 477.66153, "currency": "INR", "fromCurrency": null, "lastMarket": null, "algorithm": null, "tradeable": false}, "incomeStatementHistoryQuarterly": {"incomeStatementHistory": [{"maxAge": 1, "endDate": "2020-12-31", "totalRevenue": 2946800000, "costOfRevenue": 1895560000, "grossProfit": 1051240000, "researchDevelopment": {}, "sellingGeneralAdministrative": 235900000, "nonRecurring": {}, "otherOperatingExpenses": 387720000, "totalOperatingExpenses": 2557300000, "operatingIncome": 389500000, "totalOtherIncomeExpenseNet": -54760000, "ebit": 389500000, "interestExpense": -55510000, "incomeBeforeTax": 334740000, "incomeTaxExpense": 0, "minorityInterest": {}, "netIncomeFromContinuingOps": 334740000, "discontinuedOperations": {}, "extraordinaryItems": {}, "effectOfAccountingCharges": {}, "otherItems": {}, "netIncome": 334740000, "netIncomeApplicableToCommonShares": 334740000}, {"maxAge": 1, "endDate": "2020-09-30", "totalRevenue": 1644180000, "costOfRevenue": 1083710000, "grossProfit": 560470000, "researchDevelopment": {}, "sellingGeneralAdministrative": 185285000, "nonRecurring": {}, "otherOperatingExpenses": 147570000, "totalOperatingExpenses": 1450890000, "operatingIncome": 193290000, "totalOtherIncomeExpenseNet": -49420000, "ebit": 193290000, "interestExpense": -46780000, "incomeBeforeTax": 143870000, "incomeTaxExpense": -10000, "minorityInterest": {}, "netIncomeFromContinuingOps": 143880000, "discontinuedOperations": {}, "extraordinaryItems": {}, "effectOfAccountingCharges": {}, "otherItems": {}, "netIncome": 143865000, "netIncomeApplicableToCommonShares": 143865000}, {"maxAge": 1, "endDate": "2020-06-30", "totalRevenue": 1644180000, "costOfRevenue": 1083710000, "grossProfit": 560470000, "researchDevelopment": {}, "sellingGeneralAdministrative": 185285000, "nonRecurring": {}, "otherOperatingExpenses": 147570000, "totalOperatingExpenses": 1450890000, "operatingIncome": 193290000, "totalOtherIncomeExpenseNet": -49420000, "ebit": 193290000, "interestExpense": -46780000, "incomeBeforeTax": 143870000, "incomeTaxExpense": -10000, "minorityInterest": {}, "netIncomeFromContinuingOps": 143880000, "discontinuedOperations": {}, "extraordinaryItems": {}, "effectOfAccountingCharges": {}, "otherItems": {}, "netIncome": 143865000, "netIncomeApplicableToCommonShares": 143865000}, {"maxAge": 1, "endDate": "2020-03-31", "totalRevenue": 1771770000, "costOfRevenue": 1196045000, "grossProfit": 575725000, "researchDevelopment": {}, "sellingGeneralAdministrative": 314135000, "nonRecurring": {}, "otherOperatingExpenses": 182840000, "totalOperatingExpenses": 1726145000, "operatingIncome": 45625000, "totalOtherIncomeExpenseNet": -51720000, "ebit": 45625000, "interestExpense": -48205000, "incomeBeforeTax": -6095000, "incomeTaxExpense": 0, "minorityInterest": {}, "netIncomeFromContinuingOps": -6095000, "discontinuedOperations": {}, "extraordinaryItems": {}, "effectOfAccountingCharges": {}, "otherItems": {}, "netIncome": -6110000, "netIncomeApplicableToCommonShares": -6110000}], "maxAge": 86400}, "cashflowStatementHistoryQuarterly": {"cashflowStatements": [{"maxAge": 1, "endDate": "2020-12-31", "netIncome": 334740000, "changeToLiabilities": 0}, {"maxAge": 1, "endDate": "2020-09-30", "netIncome": 143865000, "depreciation": 32645000, "changeToNetincome": 58415000, "changeToAccountReceivables": -16960000, "changeToLiabilities": 124960000, "changeToInventory": -100170000, "changeToOperatingActivities": 3905000, "totalCashFromOperatingActivities": 248340000, "capitalExpenditures": -125535000, "otherCashflowsFromInvestingActivities": -1500000, "totalCashflowsFromInvestingActivities": -126635000, "netBorrowings": -118200000, "otherCashflowsFromFinancingActivities": -52085000, "totalCashFromFinancingActivities": -170285000, "changeInCash": -48580000}, {"maxAge": 1, "endDate": "2020-06-30", "netIncome": 143865000, "depreciation": 32645000, "changeToNetincome": 58415000, "changeToAccountReceivables": -16960000, "changeToLiabilities": 124960000, "changeToInventory": -100170000, "changeToOperatingActivities": 3905000, "totalCashFromOperatingActivities": 248340000, "capitalExpenditures": -125535000, "otherCashflowsFromInvestingActivities": -1500000, "totalCashflowsFromInvestingActivities": -126635000, "netBorrowings": -118200000, "otherCashflowsFromFinancingActivities": -52085000, "totalCashFromFinancingActivities": -170285000, "changeInCash": -48580000}, {"maxAge": 1, "endDate": "2020-03-31", "netIncome": -6110000, "depreciation": 32530000, "changeToNetincome": 55855000, "changeToAccountReceivables": 193310000, "changeToLiabilities": -171525000, "changeToInventory": 59350000, "changeToOperatingActivities": -38430000, "totalCashFromOperatingActivities": 125575000, "capitalExpenditures": -74820000, "otherCashflowsFromInvestingActivities": -705000, "totalCashflowsFromInvestingActivities": -75520000, "netBorrowings": 39835000, "otherCashflowsFromFinancingActivities": -45370000, "totalCashFromFinancingActivities": -5535000, "changeInCash": 44520000}], "maxAge": 86400}, "insiderHolders": {"holders": [], "maxAge": 1}, "calendarEvents": {"maxAge": 1, "earnings": {"earningsDate": []}}, "upgradeDowngradeHistory": {"history": [], "maxAge": 86400}, "price": {"maxAge": 1, "regularMarketChangePercent": -0.016458679, "regularMarketChange": -7.649994, "regularMarketTime": "2021-04-30 15:30:01", "priceHint": 2, "regularMarketPrice": 457.15, "regularMarketDayHigh": 463.7, "regularMarketDayLow": 455.5, "regularMarketVolume": 139267, "averageDailyVolume10Day": 165144, "averageDailyVolume3Month": 487468, "regularMarketPreviousClose": 464.8, "regularMarketSource": "FREE_REALTIME", "regularMarketOpen": 463.4, "exchange": "NSI", "exchangeName": "NSE", "exchangeDataDelayedBy": 15, "marketState": "CLOSED", "quoteType": "EQUITY", "symbol": "STOVEKRAFT.NS", "underlyingSymbol": null, "shortName": "Stove Kraft Limited", "longName": "Stove Kraft Limited", "currency": "INR", "quoteSourceName": "Delayed Quote", "currencySymbol": "\u20b9", "fromCurrency": null, "lastMarket": null, "marketCap": 14898610176}, "balanceSheetHistory": {"balanceSheetStatements": [{"maxAge": 1, "endDate": "2020-03-31", "cash": 150060000, "netReceivables": 1047110000, "inventory": 1165940000, "otherCurrentAssets": 201490000, "totalCurrentAssets": 2634370000, "propertyPlantEquipment": 1971160000, "intangibleAssets": 36350000, "otherAssets": 71030000, "totalAssets": 4712910000, "accountsPayable": 1509360000, "shortLongTermDebt": 110540000, "otherCurrentLiab": 222190000, "longTermDebt": 2048250000, "otherLiab": 171010000, "minorityInterest": 2270000, "totalCurrentLiabilities": 3093190000, "totalLiab": 5312450000, "commonStock": 247170000, "retainedEarnings": -1951960000, "treasuryStock": 8610000, "capitalSurplus": 1094370000, "otherStockholderEquity": 8610000, "totalStockholderEquity": -601810000, "netTangibleAssets": -638160000}, {"maxAge": 1, "endDate": "2019-03-31", "cash": 285240000, "netReceivables": 920200000, "inventory": 974140000, "otherCurrentAssets": 104180000, "totalCurrentAssets": 2336900000, "propertyPlantEquipment": 1796640000, "intangibleAssets": 12530000, "otherAssets": 111190000, "totalAssets": 4257260000, "accountsPayable": 1341010000, "shortLongTermDebt": 111410000, "otherCurrentLiab": 180310000, "longTermDebt": 2100260000, "otherLiab": 142130000, "minorityInterest": 2170000, "totalCurrentLiabilities": 2652160000, "totalLiab": 4894550000, "commonStock": 247170000, "retainedEarnings": -1981000000, "capitalSurplus": 1094370000, "totalStockholderEquity": -639460000, "netTangibleAssets": -651990000}, {"maxAge": 1, "endDate": "2018-03-31", "cash": 4000000, "netReceivables": 805370000, "inventory": 1051380000, "otherCurrentAssets": 115450000, "totalCurrentAssets": 1986500000, "propertyPlantEquipment": 1827530000, "intangibleAssets": 6320000, "otherAssets": 116070000, "totalAssets": 3936420000, "accountsPayable": 1451600000, "shortLongTermDebt": 39910000, "otherCurrentLiab": 110710000, "longTermDebt": 3113050000, "otherLiab": 182410000, "minorityInterest": 2140000, "totalCurrentLiabilities": 2439840000, "totalLiab": 5735300000, "commonStock": 189000000, "retainedEarnings": -1989970000, "treasuryStock": -50000, "otherStockholderEquity": -50000, "totalStockholderEquity": -1801020000, "netTangibleAssets": -1807340000}, {"maxAge": 1, "endDate": "2017-03-31", "cash": 5420000, "netReceivables": 674330000, "inventory": 726270000, "otherCurrentAssets": 119000000, "totalCurrentAssets": 1531030000, "longTermInvestments": 4760000, "propertyPlantEquipment": 1878310000, "intangibleAssets": 7930000, "otherAssets": 86840000, "totalAssets": 3508870000, "accountsPayable": 1082400000, "shortLongTermDebt": 68040000, "otherCurrentLiab": 103100000, "longTermDebt": 2867470000, "otherLiab": 199740000, "minorityInterest": 2540000, "totalCurrentLiabilities": 2123130000, "totalLiab": 5190340000, "commonStock": 189000000, "retainedEarnings": -1871720000, "treasuryStock": -1290000, "otherStockholderEquity": -1290000, "totalStockholderEquity": -1684010000, "netTangibleAssets": -1691940000}], "maxAge": 86400}, "financialData": {"maxAge": 86400, "currentPrice": 457.15, "recommendationKey": "none", "totalCash": 52900000, "totalCashPerShare": 2.14, "ebitda": 861054976, "totalDebt": 3145530112, "totalRevenue": 7775119872, "revenuePerShare": 314.563, "grossProfits": 2230530000, "earningsGrowth": 2.773, "revenueGrowth": 0.471, "grossMargins": 0.3371, "ebitdaMargins": 0.110740006, "operatingMargins": 0.09392, "profitMargins": 0.06673, "financialCurrency": "INR"}}}