{"STYLAMIND.BO": {"recommendationTrend": {"trend": [{"period": "0m", "strongBuy": 0, "buy": 0, "hold": 0, "sell": 0, "strongSell": 0}, {"period": "-1m", "strongBuy": 0, "buy": 0, "hold": 0, "sell": 0, "strongSell": 0}, {"period": "-2m", "strongBuy": 0, "buy": 0, "hold": 0, "sell": 0, "strongSell": 0}, {"period": "-3m", "strongBuy": 0, "buy": 0, "hold": 0, "sell": 0, "strongSell": 0}], "maxAge": 86400}, "cashflowStatementHistory": {"cashflowStatements": [{"maxAge": 1, "endDate": "2020-03-31", "netIncome": 188686000, "depreciation": 209849000, "changeToNetincome": 198481000, "changeToAccountReceivables": -71999000, "changeToLiabilities": 132390000, "changeToInventory": -5024000, "totalCashFromOperatingActivities": 658640000, "capitalExpenditures": -244096000, "investments": 98690000, "otherCashflowsFromInvestingActivities": 1954000, "totalCashflowsFromInvestingActivities": 189733000, "netBorrowings": -711276000, "otherCashflowsFromFinancingActivities": -92952000, "totalCashFromFinancingActivities": -804228000, "changeInCash": 44145000}, {"maxAge": 1, "endDate": "2019-03-31", "netIncome": 388157000, "depreciation": 182117000, "changeToNetincome": 120745000, "changeToAccountReceivables": -231048000, "changeToLiabilities": -122949000, "changeToInventory": -53268000, "totalCashFromOperatingActivities": 284599000, "capitalExpenditures": -456154000, "investments": -88613000, "otherCashflowsFromInvestingActivities": 15441000, "totalCashflowsFromInvestingActivities": -525428000, "netBorrowings": 300659000, "otherCashflowsFromFinancingActivities": -76107000, "totalCashFromFinancingActivities": 224552000, "changeInCash": -16277000}, {"maxAge": 1, "endDate": "2018-03-31", "netIncome": 200570000, "depreciation": 108302000, "changeToNetincome": 30919000, "changeToAccountReceivables": -220605000, "changeToLiabilities": 121467000, "changeToInventory": -47809000, "totalCashFromOperatingActivities": 193485000, "capitalExpenditures": -103682000, "investments": 5788000, "otherCashflowsFromInvestingActivities": 3329000, "totalCashflowsFromInvestingActivities": -80852000, "netBorrowings": -560113000, "otherCashflowsFromFinancingActivities": -62629000, "totalCashFromFinancingActivities": -111892000, "changeInCash": 741000, "issuanceOfStock": 510850000}, {"maxAge": 1, "endDate": "2017-03-31", "netIncome": 196438000, "depreciation": 56996000, "changeToNetincome": 122444000, "changeToAccountReceivables": -98793000, "changeToLiabilities": 90191000, "changeToInventory": -107442000, "totalCashFromOperatingActivities": 262446000, "capitalExpenditures": -774555000, "investments": 5788000, "otherCashflowsFromInvestingActivities": 542000, "totalCashflowsFromInvestingActivities": -773113000, "netBorrowings": 595318000, "otherCashflowsFromFinancingActivities": -85712000, "totalCashFromFinancingActivities": 509606000, "changeInCash": -1060000, "issuanceOfStock": 510850000}], "maxAge": 86400}, "institutionOwnership": {"ownershipList": [], "maxAge": 1}, "balanceSheetHistoryQuarterly": {"balanceSheetStatements": [{"maxAge": 1, "endDate": "2020-06-30", "totalStockholderEquity": 2042285000, "netTangibleAssets": 2042285000}, {"maxAge": 1, "endDate": "2020-03-31", "cash": 60022000, "netReceivables": 1085984000, "inventory": 667305000, "otherCurrentAssets": 30908000, "totalCurrentAssets": 1847188000, "longTermInvestments": 14978000, "propertyPlantEquipment": 2030963000, "intangibleAssets": 30429000, "otherAssets": 28981000, "totalAssets": 3952539000, "accountsPayable": 355123000, "shortLongTermDebt": 242835000, "otherCurrentLiab": 94311000, "longTermDebt": 356538000, "otherLiab": 220210000, "totalCurrentLiabilities": 1333506000, "totalLiab": 1910254000, "commonStock": 84740000, "retainedEarnings": 1382037000, "treasuryStock": 73158000, "capitalSurplus": 502350000, "otherStockholderEquity": 73158000, "totalStockholderEquity": 2042285000, "netTangibleAssets": 2011856000}, {"maxAge": 1, "endDate": "2019-12-31", "totalStockholderEquity": 1950740000, "netTangibleAssets": 1950740000}, {"maxAge": 1, "endDate": "2019-09-30", "cash": 16182000, "netReceivables": 822682000, "inventory": 544271000, "otherCurrentAssets": 215043000, "totalCurrentAssets": 1598178000, "longTermInvestments": 10237000, "propertyPlantEquipment": 1682803000, "otherAssets": 609487000, "totalAssets": 3900705000, "accountsPayable": 230521000, "shortLongTermDebt": 136747000, "otherCurrentLiab": 62891000, "longTermDebt": 641499000, "otherLiab": 188569000, "totalCurrentLiabilities": 1119897000, "totalLiab": 1949965000, "commonStock": 81662000, "treasuryStock": 1869078000, "otherStockholderEquity": 1869078000, "totalStockholderEquity": 1950740000, "netTangibleAssets": 1950740000}], "maxAge": 86400}, "earningsHistory": {"history": [{"maxAge": 1, "epsActual": {}, "epsEstimate": {}, "epsDifference": {}, "surprisePercent": {}, "quarter": {}, "period": "-4q"}, {"maxAge": 1, "epsActual": {}, "epsEstimate": {}, "epsDifference": {}, "surprisePercent": {}, "quarter": {}, "period": "-3q"}, {"maxAge": 1, "epsActual": 8.58, "epsEstimate": 6.75, "epsDifference": 1.83, "surprisePercent": 0.271, "quarter": "2018-06-30", "period": "-2q"}, {"maxAge": 1, "epsActual": 10.0, "epsEstimate": 7.3, "epsDifference": 2.7, "surprisePercent": 0.37, "quarter": "2018-09-30", "period": "-1q"}], "maxAge": 86400}, "indexTrend": {"maxAge": 1, "symbol": "SP5", "peRatio": 19.7411, "pegRatio": 1.34172, "estimates": [{"period": "0q", "growth": 0.549}, {"period": "+1q", "growth": 0.431}, {"period": "0y", "growth": 0.305}, {"period": "+1y", "growth": 0.109}, {"period": "+5y", "growth": 0.120859005}, {"period": "-5y"}]}, "industryTrend": {"maxAge": 1, "symbol": null, "estimates": []}, "insiderTransactions": {"transactions": [{"maxAge": 1, "shares": 2546, "filerUrl": "", "transactionText": "", "filerName": "Gupta (Jagdish)", "filerRelation": "Executive Chairman", "moneyText": "", "startDate": "2020-03-24", "ownership": "D"}, {"maxAge": 1, "shares": 2468, "filerUrl": "", "transactionText": "", "filerName": "Gupta (Jagdish)", "filerRelation": "Promoter", "moneyText": "", "startDate": "2020-03-20", "ownership": "D"}, {"maxAge": 1, "shares": 200, "filerUrl": "", "transactionText": "", "filerName": "Gupta (Jagdish)", "filerRelation": "Promoter", "moneyText": "", "startDate": "2020-03-20", "ownership": "D"}, {"maxAge": 1, "shares": 1429, "filerUrl": "", "transactionText": "", "filerName": "Gupta (Jagdish)", "filerRelation": "Promoter", "moneyText": "", "startDate": "2020-03-19", "ownership": "D"}, {"maxAge": 1, "shares": 2047, "filerUrl": "", "transactionText": "", "filerName": "Gupta (Jagdish)", "filerRelation": "Promoter", "moneyText": "", "startDate": "2020-03-18", "ownership": "D"}, {"maxAge": 1, "shares": 77686, "filerUrl": "", "transactionText": "", "filerName": "Gupta (Jagdish)", "filerRelation": "Promoter", "moneyText": "", "startDate": "2020-03-17", "ownership": "D"}, {"maxAge": 1, "shares": 1433, "filerUrl": "", "transactionText": "", "filerName": "Gupta (Jagdish)", "filerRelation": "Promoter", "moneyText": "", "startDate": "2020-03-13", "ownership": "D"}, {"maxAge": 1, "shares": 73266, "filerUrl": "", "transactionText": "", "filerName": "Gupta (Jagdish)", "filerRelation": "Promoter", "moneyText": "", "startDate": "2020-03-13", "ownership": "D"}, {"maxAge": 1, "shares": 1755, "filerUrl": "", "transactionText": "", "filerName": "Gupta (Jagdish)", "filerRelation": "Executive Chairman", "moneyText": "", "startDate": "2020-03-12", "ownership": "D"}, {"maxAge": 1, "shares": 70078, "filerUrl": "", "transactionText": "", "filerName": "Gupta (Jagdish)", "filerRelation": "Executive Chairman", "moneyText": "", "startDate": "2020-03-11", "ownership": "D"}, {"maxAge": 1, "shares": 26, "filerUrl": "", "transactionText": "", "filerName": "Gupta (Manit)", "filerRelation": "Promoter", "moneyText": "", "startDate": "2020-03-11", "ownership": "D"}, {"maxAge": 1, "shares": 234569, "filerUrl": "", "transactionText": "", "filerName": "Gupta (Pushpa)", "filerRelation": "Promoter", "moneyText": "", "startDate": "2020-03-11", "ownership": "D"}, {"maxAge": 1, "shares": 27, "filerUrl": "", "transactionText": "", "filerName": "Gupta (Saru)", "filerRelation": "Promoter", "moneyText": "", "startDate": "2020-03-11", "ownership": "D"}, {"maxAge": 1, "shares": 1375, "filerUrl": "", "transactionText": "", "filerName": "Gupta (Usha)", "filerRelation": "Promoter", "moneyText": "", "startDate": "2020-03-11", "ownership": "D"}], "maxAge": 1}, "quoteType": {"exchange": "BSE", "quoteType": "EQUITY", "symbol": "STYLAMIND.BO", "underlyingSymbol": "STYLAMIND.BO", "shortName": "STYLAM INDUSTRIES LIMITED", "longName": "Stylam Industries Limited", "firstTradeDateEpochUtc": "2002-01-02 09:15:00", "timeZoneFullName": "Asia/Kolkata", "timeZoneShortName": "IST", "uuid": "b0402bf4-06f6-34f2-9738-bdc69251a8e1", "gmtOffSetMilliseconds": 19800000, "maxAge": 1}, "incomeStatementHistory": {"incomeStatementHistory": [{"maxAge": 1, "endDate": "2020-03-31", "totalRevenue": 4625834000, "costOfRevenue": 2545363000, "grossProfit": 2080471000, "researchDevelopment": {}, "sellingGeneralAdministrative": 443827000, "nonRecurring": {}, "otherOperatingExpenses": 832922000, "totalOperatingExpenses": 4031961000, "operatingIncome": 593873000, "totalOtherIncomeExpenseNet": -259209000, "ebit": 593873000, "interestExpense": -92953000, "incomeBeforeTax": 334664000, "incomeTaxExpense": 145978000, "minorityInterest": {}, "netIncomeFromContinuingOps": 188686000, "discontinuedOperations": {}, "extraordinaryItems": {}, "effectOfAccountingCharges": {}, "otherItems": {}, "netIncome": 188686000, "netIncomeApplicableToCommonShares": 188686000}, {"maxAge": 1, "endDate": "2019-03-31", "totalRevenue": 4606386000, "costOfRevenue": 2644493000, "grossProfit": 1961893000, "researchDevelopment": {}, "sellingGeneralAdministrative": 357155000, "nonRecurring": {}, "otherOperatingExpenses": 793759000, "totalOperatingExpenses": 3977524000, "operatingIncome": 628862000, "totalOtherIncomeExpenseNet": -110016000, "ebit": 628862000, "interestExpense": -76108000, "incomeBeforeTax": 518846000, "incomeTaxExpense": 130689000, "minorityInterest": {}, "netIncomeFromContinuingOps": 388157000, "discontinuedOperations": {}, "extraordinaryItems": {}, "effectOfAccountingCharges": {}, "otherItems": {}, "netIncome": 388157000, "netIncomeApplicableToCommonShares": 388157000}, {"maxAge": 1, "endDate": "2018-03-31", "totalRevenue": 3379690000, "costOfRevenue": 1854106000, "grossProfit": 1525584000, "researchDevelopment": {}, "sellingGeneralAdministrative": 352058000, "nonRecurring": {}, "otherOperatingExpenses": 669169000, "totalOperatingExpenses": 2983635000, "operatingIncome": 396055000, "totalOtherIncomeExpenseNet": -65471000, "ebit": 396055000, "interestExpense": -62629000, "incomeBeforeTax": 330584000, "incomeTaxExpense": 130014000, "minorityInterest": {}, "netIncomeFromContinuingOps": 200570000, "discontinuedOperations": {}, "extraordinaryItems": {}, "effectOfAccountingCharges": {}, "otherItems": {}, "netIncome": 200570000, "netIncomeApplicableToCommonShares": 200570000}, {"maxAge": 1, "endDate": "2017-03-31", "totalRevenue": 2942956000, "costOfRevenue": 1562761000, "grossProfit": 1380195000, "researchDevelopment": {}, "sellingGeneralAdministrative": 384964000, "nonRecurring": {}, "otherOperatingExpenses": 532298000, "totalOperatingExpenses": 2537018000, "operatingIncome": 405938000, "totalOtherIncomeExpenseNet": -94282000, "ebit": 405938000, "interestExpense": -85712000, "incomeBeforeTax": 311656000, "incomeTaxExpense": 115218000, "minorityInterest": {}, "netIncomeFromContinuingOps": 196438000, "discontinuedOperations": {}, "extraordinaryItems": {}, "effectOfAccountingCharges": {}, "otherItems": {}, "netIncome": 196438000, "netIncomeApplicableToCommonShares": 196438000}], "maxAge": 86400}, "fundOwnership": {"ownershipList": [], "maxAge": 1}, "summaryDetail": {"maxAge": 1, "priceHint": 2, "previousClose": 734.25, "open": 721.05, "dayLow": 721.05, "dayHigh": 750.0, "regularMarketPreviousClose": 734.25, "regularMarketOpen": 721.05, "regularMarketDayLow": 721.05, "regularMarketDayHigh": 750.0, "trailingPE": 38.703396, "forwardPE": 22.396334, "volume": 5597, "regularMarketVolume": 5597, "averageVolume": 6557, "averageVolume10days": 34520, "averageDailyVolume10Day": 34520, "bid": 730.4, "ask": 750.0, "bidSize": 0, "askSize": 0, "marketCap": 6086676992, "fiftyTwoWeekLow": 212.05, "fiftyTwoWeekHigh": 974.8, "fiftyDayAverage": 907.4121, "twoHundredDayAverage": 719.32245, "currency": "INR", "fromCurrency": null, "lastMarket": null, "algorithm": null, "tradeable": false}, "sectorTrend": {"maxAge": 1, "symbol": null, "estimates": []}, "incomeStatementHistoryQuarterly": {"incomeStatementHistory": [{"maxAge": 1, "endDate": "2020-06-30", "totalRevenue": 703120000, "costOfRevenue": 372026000, "grossProfit": 331094000, "researchDevelopment": {}, "sellingGeneralAdministrative": 63296000, "nonRecurring": {}, "otherOperatingExpenses": 122032000, "totalOperatingExpenses": 610777000, "operatingIncome": 92343000, "totalOtherIncomeExpenseNet": -19468000, "ebit": 92343000, "interestExpense": -17760000, "incomeBeforeTax": 72875000, "incomeTaxExpense": 18894000, "minorityInterest": {}, "netIncomeFromContinuingOps": 53981000, "discontinuedOperations": {}, "extraordinaryItems": {}, "effectOfAccountingCharges": {}, "otherItems": {}, "netIncome": 53981000, "netIncomeApplicableToCommonShares": 53981000}, {"maxAge": 1, "endDate": "2020-03-31", "totalRevenue": 1054930000, "costOfRevenue": 571316000, "grossProfit": 483614000, "researchDevelopment": {}, "sellingGeneralAdministrative": 173179000, "nonRecurring": {}, "otherOperatingExpenses": 67371000, "totalOperatingExpenses": 890293000, "operatingIncome": 164637000, "totalOtherIncomeExpenseNet": -197706000, "ebit": 164637000, "interestExpense": -29929000, "incomeBeforeTax": -33069000, "incomeTaxExpense": 34432000, "minorityInterest": {}, "netIncomeFromContinuingOps": -67501000, "discontinuedOperations": {}, "extraordinaryItems": {}, "effectOfAccountingCharges": {}, "otherItems": {}, "netIncome": -67501000, "netIncomeApplicableToCommonShares": -67501000}, {"maxAge": 1, "endDate": "2019-12-31", "totalRevenue": 1262838000, "costOfRevenue": 678494000, "grossProfit": 584344000, "researchDevelopment": {}, "sellingGeneralAdministrative": 101566000, "nonRecurring": {}, "otherOperatingExpenses": 276002000, "totalOperatingExpenses": 1104908000, "operatingIncome": 157930000, "totalOtherIncomeExpenseNet": -13574000, "ebit": 157930000, "interestExpense": -15097000, "incomeBeforeTax": 144356000, "incomeTaxExpense": 68059000, "minorityInterest": {}, "netIncomeFromContinuingOps": 76297000, "discontinuedOperations": {}, "extraordinaryItems": {}, "effectOfAccountingCharges": {}, "otherItems": {}, "netIncome": 76297000, "netIncomeApplicableToCommonShares": 76297000}, {"maxAge": 1, "endDate": "2019-09-30", "totalRevenue": 1181073000, "costOfRevenue": 650322000, "grossProfit": 530751000, "researchDevelopment": {}, "sellingGeneralAdministrative": 90750000, "nonRecurring": {}, "otherOperatingExpenses": 256810000, "totalOperatingExpenses": 1039491000, "operatingIncome": 141582000, "totalOtherIncomeExpenseNet": -21171000, "ebit": 141582000, "interestExpense": -21173000, "incomeBeforeTax": 120411000, "incomeTaxExpense": 43486000, "minorityInterest": {}, "netIncomeFromContinuingOps": 76925000, "discontinuedOperations": {}, "extraordinaryItems": {}, "effectOfAccountingCharges": {}, "otherItems": {}, "netIncome": 76925000, "netIncomeApplicableToCommonShares": 76925000}], "maxAge": 86400}, "cashflowStatementHistoryQuarterly": {"cashflowStatements": [{"maxAge": 1, "endDate": "2020-06-30", "netIncome": 53981000, "changeToLiabilities": 0}, {"maxAge": 1, "endDate": "2020-03-31", "netIncome": -67501000, "changeToLiabilities": 0}, {"maxAge": 1, "endDate": "2019-12-31", "netIncome": 76297000, "changeToLiabilities": 0}, {"maxAge": 1, "endDate": "2019-09-30", "netIncome": 76925000, "changeToLiabilities": 0}], "maxAge": 86400}, "insiderHolders": {"holders": [{"maxAge": 1, "name": "Gupta (Jagdish)", "relation": "Executive Chairman", "url": "", "transactionDescription": "Acquisition", "latestTransDate": "2020-03-24", "positionDirect": 1073181, "positionDirectDate": "2020-03-24"}, {"maxAge": 1, "name": "Gupta (Manit)", "relation": "Promoter", "url": "", "transactionDescription": "Other", "latestTransDate": "2020-03-11", "positionDirect": 412224, "positionDirectDate": "2020-03-11"}, {"maxAge": 1, "name": "Gupta (Pushpa)", "relation": "Promoter", "url": "", "transactionDescription": "Other", "latestTransDate": "2020-03-11", "positionDirect": 785539, "positionDirectDate": "2020-03-11"}, {"maxAge": 1, "name": "Gupta (Saru)", "relation": "Promoter", "url": "", "transactionDescription": "Other", "latestTransDate": "2020-03-11", "positionDirect": 33127, "positionDirectDate": "2020-03-11"}, {"maxAge": 1, "name": "Gupta (Usha)", "relation": "Promoter", "url": "", "transactionDescription": "Other", "latestTransDate": "2020-03-11", "positionDirect": 714250, "positionDirectDate": "2020-03-11"}], "maxAge": 1}, "earnings": {"maxAge": 86400, "earningsChart": {"quarterly": [{"date": "2Q2018", "actual": 8.58, "estimate": 6.75}, {"date": "3Q2018", "actual": 10.0, "estimate": 7.3}], "currentQuarterEstimateDate": "4Q", "currentQuarterEstimateYear": 2018, "earningsDate": []}, "financialsChart": {"yearly": [{"date": 2017, "revenue": 2942956000, "earnings": 196438000}, {"date": 2018, "revenue": 3379690000, "earnings": 200570000}, {"date": 2019, "revenue": 4606386000, "earnings": 388157000}, {"date": 2020, "revenue": 4625834000, "earnings": 188686000}], "quarterly": [{"date": "3Q2019", "revenue": 1181073000, "earnings": 76925000}, {"date": "4Q2019", "revenue": 1262838000, "earnings": 76297000}, {"date": "1Q2020", "revenue": 1054930000, "earnings": -67501000}, {"date": "2Q2020", "revenue": 703120000, "earnings": 53981000}]}, "financialCurrency": "INR"}, "calendarEvents": {"maxAge": 1, "earnings": {"earningsDate": [], "revenueAverage": 1130060000, "revenueLow": 1130060000, "revenueHigh": 1130060000}}, "upgradeDowngradeHistory": {"history": [], "maxAge": 86400}, "price": {"maxAge": 1, "regularMarketChangePercent": 0.015117434, "regularMarketChange": 11.099976, "regularMarketTime": "2021-04-30 15:40:03", "priceHint": 2, "regularMarketPrice": 745.35, "regularMarketDayHigh": 750.0, "regularMarketDayLow": 721.05, "regularMarketVolume": 5597, "averageDailyVolume10Day": 34520, "averageDailyVolume3Month": 6557, "regularMarketPreviousClose": 734.25, "regularMarketSource": "FREE_REALTIME", "regularMarketOpen": 721.05, "exchange": "BSE", "exchangeName": "BSE", "exchangeDataDelayedBy": 0, "marketState": "CLOSED", "quoteType": "EQUITY", "symbol": "STYLAMIND.BO", "underlyingSymbol": null, "shortName": "STYLAM INDUSTRIES LIMITED", "longName": "Stylam Industries Limited", "currency": "INR", "quoteSourceName": "Delayed Quote", "currencySymbol": "\u20b9", "fromCurrency": null, "lastMarket": null, "marketCap": 6086676992}, "balanceSheetHistory": {"balanceSheetStatements": [{"maxAge": 1, "endDate": "2020-03-31", "cash": 60022000, "netReceivables": 1085984000, "inventory": 667305000, "otherCurrentAssets": 30908000, "totalCurrentAssets": 1847188000, "longTermInvestments": 14978000, "propertyPlantEquipment": 2030963000, "intangibleAssets": 30429000, "otherAssets": 28981000, "totalAssets": 3952539000, "accountsPayable": 355123000, "shortLongTermDebt": 242835000, "otherCurrentLiab": 94311000, "longTermDebt": 356538000, "otherLiab": 220210000, "totalCurrentLiabilities": 1333506000, "totalLiab": 1910254000, "commonStock": 84740000, "retainedEarnings": 1382037000, "treasuryStock": 73158000, "capitalSurplus": 502350000, "otherStockholderEquity": 73158000, "totalStockholderEquity": 2042285000, "netTangibleAssets": 2011856000}, {"maxAge": 1, "endDate": "2019-03-31", "cash": 15877000, "netReceivables": 1008612000, "inventory": 662281000, "otherCurrentAssets": 41198000, "totalCurrentAssets": 1731070000, "longTermInvestments": 11414000, "propertyPlantEquipment": 1936499000, "intangibleAssets": 35186000, "otherAssets": 667331000, "totalAssets": 4381500000, "accountsPayable": 273535000, "shortLongTermDebt": 192741000, "otherCurrentLiab": 80718000, "longTermDebt": 976431000, "otherLiab": 218082000, "totalCurrentLiabilities": 1331873000, "totalLiab": 2526386000, "commonStock": 81662000, "retainedEarnings": 1193841000, "treasuryStock": 77261000, "capitalSurplus": 502350000, "otherStockholderEquity": 77261000, "totalStockholderEquity": 1855114000, "netTangibleAssets": 1819928000}, {"maxAge": 1, "endDate": "2018-03-31", "cash": 3128000, "netReceivables": 766815000, "inventory": 587172000, "otherCurrentAssets": 24699000, "totalCurrentAssets": 1383124000, "propertyPlantEquipment": 1366884000, "otherAssets": 532056000, "totalAssets": 3282064000, "accountsPayable": 342214000, "shortLongTermDebt": 102113000, "otherCurrentLiab": 41319000, "longTermDebt": 423612000, "otherLiab": 123704000, "totalCurrentLiabilities": 1278370000, "totalLiab": 1825686000, "commonStock": 81662000, "retainedEarnings": 872366000, "treasuryStock": 2836000, "capitalSurplus": 502350000, "otherStockholderEquity": 2836000, "totalStockholderEquity": 1456378000, "netTangibleAssets": 1456378000}, {"maxAge": 1, "endDate": "2017-03-31", "cash": 2387000, "netReceivables": 477173000, "inventory": 539363000, "otherCurrentAssets": 93506000, "totalCurrentAssets": 1119747000, "propertyPlantEquipment": 1883944000, "otherAssets": 27858000, "totalAssets": 3031549000, "accountsPayable": 184227000, "shortLongTermDebt": 126158000, "otherCurrentLiab": 109122000, "longTermDebt": 885525000, "otherLiab": 74132000, "totalCurrentLiabilities": 1306585000, "totalLiab": 2266242000, "commonStock": 73162000, "retainedEarnings": 689309000, "treasuryStock": 2836000, "otherStockholderEquity": 2836000, "totalStockholderEquity": 765307000, "netTangibleAssets": 765307000}], "maxAge": 86400}, "earningsTrend": {"trend": [{"maxAge": 1, "period": "0q", "endDate": "2018-12-31", "growth": {}, "earningsEstimate": {"avg": 0.0, "low": 0.0, "high": 0.0, "yearAgoEps": {}, "numberOfAnalysts": 0, "growth": {}}, "revenueEstimate": {"avg": 1130060000, "low": 1130060000, "high": 1130060000, "numberOfAnalysts": 1, "yearAgoRevenue": {}, "growth": {}}, "epsTrend": {"current": 0.0, "7daysAgo": 9.71, "30daysAgo": 9.71, "60daysAgo": 9.71, "90daysAgo": 9.71}, "epsRevisions": {"upLast7days": 0, "upLast30days": 0, "downLast30days": 0, "downLast90days": {}}}, {"maxAge": 1, "period": "+1q", "endDate": "2019-03-31", "growth": {}, "earningsEstimate": {"avg": 0.0, "low": 0.0, "high": 0.0, "yearAgoEps": {}, "numberOfAnalysts": 0, "growth": {}}, "revenueEstimate": {"avg": 0, "low": 0, "high": 0, "numberOfAnalysts": 0, "yearAgoRevenue": {}, "growth": {}}, "epsTrend": {"current": 0.0, "7daysAgo": 0.0, "30daysAgo": 0.0, "60daysAgo": 0.0, "90daysAgo": 0.0}, "epsRevisions": {"upLast7days": 0, "upLast30days": 0, "downLast30days": 0, "downLast90days": {}}}, {"maxAge": 1, "period": "0y", "endDate": "2019-03-31", "growth": {}, "earningsEstimate": {"avg": 0.0, "low": 0.0, "high": 0.0, "yearAgoEps": {}, "numberOfAnalysts": 0, "growth": {}}, "revenueEstimate": {"avg": 4244280000, "low": 4244280000, "high": 4244280000, "numberOfAnalysts": 1, "yearAgoRevenue": 3379690000, "growth": 0.256}, "epsTrend": {"current": 0.0, "7daysAgo": 35.34, "30daysAgo": 35.34, "60daysAgo": 35.34, "90daysAgo": 35.34}, "epsRevisions": {"upLast7days": 0, "upLast30days": 1, "downLast30days": 0, "downLast90days": {}}}, {"maxAge": 1, "period": "+1y", "endDate": "2020-03-31", "growth": {}, "earningsEstimate": {"avg": 0.0, "low": 0.0, "high": 0.0, "yearAgoEps": {}, "numberOfAnalysts": 0, "growth": {}}, "revenueEstimate": {"avg": 5008240000, "low": 5008240000, "high": 5008240000, "numberOfAnalysts": 1, "yearAgoRevenue": 4244280000, "growth": 0.18}, "epsTrend": {"current": 0.0, "7daysAgo": 42.06, "30daysAgo": 42.06, "60daysAgo": 42.06, "90daysAgo": 42.06}, "epsRevisions": {"upLast7days": 0, "upLast30days": 1, "downLast30days": 0, "downLast90days": {}}}, {"maxAge": 1, "period": "+5y", "endDate": null, "growth": {}, "earningsEstimate": {"avg": {}, "low": {}, "high": {}, "yearAgoEps": {}, "numberOfAnalysts": {}, "growth": {}}, "revenueEstimate": {"avg": {}, "low": {}, "high": {}, "numberOfAnalysts": {}, "yearAgoRevenue": {}, "growth": {}}, "epsTrend": {"current": {}, "7daysAgo": {}, "30daysAgo": {}, "60daysAgo": {}, "90daysAgo": {}}, "epsRevisions": {"upLast7days": {}, "upLast30days": {}, "downLast30days": {}, "downLast90days": {}}}, {"maxAge": 1, "period": "-5y", "endDate": null, "growth": {}, "earningsEstimate": {"avg": {}, "low": {}, "high": {}, "yearAgoEps": {}, "numberOfAnalysts": {}, "growth": {}}, "revenueEstimate": {"avg": {}, "low": {}, "high": {}, "numberOfAnalysts": {}, "yearAgoRevenue": {}, "growth": {}}, "epsTrend": {"current": {}, "7daysAgo": {}, "30daysAgo": {}, "60daysAgo": {}, "90daysAgo": {}}, "epsRevisions": {"upLast7days": {}, "upLast30days": {}, "downLast30days": {}, "downLast90days": {}}}], "maxAge": 1}, "financialData": {"maxAge": 86400, "currentPrice": 745.35, "targetHighPrice": 674.0, "targetLowPrice": 674.0, "targetMeanPrice": 674.0, "targetMedianPrice": 674.0, "recommendationKey": "none", "numberOfAnalystOpinions": 1, "grossProfits": 2080471000, "financialCurrency": "INR"}}}