{"SUBROS.NS": {"assetProfile": {"address1": "LGF, World Trade Centre", "address2": "Barakhamba Lane", "city": "New Delhi", "zip": "110001", "country": "India", "phone": "91 11 2341 4946", "fax": "91 11 2341 4945", "website": "http://www.subros.com", "industry": "Auto Parts", "sector": "Consumer Cyclical", "longBusinessSummary": "Subros Limited manufactures and sells thermal products for automotive applications in India. The company offers compressors; automotive condensers; heating, ventilating, and air conditioning (AC) systems, such as heaters, evaporators, and blower units; tubes and hoses; bus ACs; driver cabin ACs for railway engines; commercial and residential ACs; water dispensers; transport refrigeration systems; truck cabin AC systems; and off-roader AC systems. It also exports its products. Subros Limited was founded in 1985 and is headquartered in New Delhi, India.", "fullTimeEmployees": 2606, "companyOfficers": [{"maxAge": 1, "name": "Mr. Rakesh  Arora", "title": "Compliance Officer & Company Sec.", "fiscalYear": 2020, "totalPay": 4618000, "exercisedValue": 0, "unexercisedValue": 0}, {"maxAge": 1, "name": "Ms. Shradha Suri Marwah", "age": 42, "title": "MD & Non-Independent Exec. Director", "yearBorn": 1978, "fiscalYear": 2020, "totalPay": 29139000, "exercisedValue": 0, "unexercisedValue": 0}, {"maxAge": 1, "name": "Mr. Manoj Kumar Sethi", "age": 45, "title": "Exec. VP", "yearBorn": 1975, "fiscalYear": 2020, "totalPay": 9333000, "exercisedValue": 0, "unexercisedValue": 0}, {"maxAge": 1, "name": "Mr. Pramod Kumar Duggal", "title": "Chief Exec. Officer", "exercisedValue": 0, "unexercisedValue": 0}, {"maxAge": 1, "name": "Mr. Hemant Kumar Agarwal", "title": "Chief Financial Officer", "fiscalYear": 2017, "exercisedValue": 0, "unexercisedValue": 0}, {"maxAge": 1, "name": "Mr. Nagendrappa  Pujari B.E. Mech., PG Diploma", "age": 54, "title": "Sr. Gen. Mang. of Tool Room", "yearBorn": 1966, "exercisedValue": 0, "unexercisedValue": 0}, {"maxAge": 1, "name": "Mr. Sanjeev  Mohan B.E. Mech., M. Tech.", "age": 58, "title": "Gen. Mang. of Tech Cell", "yearBorn": 1962, "exercisedValue": 0, "unexercisedValue": 0}, {"maxAge": 1, "name": "Mr. Yash Pal Singh Negi B Tech Mech.", "age": 56, "title": "VP", "yearBorn": 1964, "exercisedValue": 0, "unexercisedValue": 0}], "compensationAsOfEpochDate": "2020-12-31 05:30:00", "maxAge": 86400}, "recommendationTrend": {"trend": [{"period": "0m", "strongBuy": 0, "buy": 0, "hold": 0, "sell": 0, "strongSell": 0}, {"period": "-1m", "strongBuy": 0, "buy": 2, "hold": 1, "sell": 0, "strongSell": 0}, {"period": "-2m", "strongBuy": 0, "buy": 2, "hold": 1, "sell": 0, "strongSell": 0}, {"period": "-3m", "strongBuy": 0, "buy": 1, "hold": 0, "sell": 0, "strongSell": 0}], "maxAge": 86400}, "cashflowStatementHistory": {"cashflowStatements": [{"maxAge": 1, "endDate": "2020-03-31", "netIncome": 848306000, "depreciation": 678198000, "changeToNetincome": 422726000, "changeToAccountReceivables": -219667000, "changeToLiabilities": -80249000, "changeToInventory": 114370000, "changeToOperatingActivities": 399236000, "totalCashFromOperatingActivities": 2387766000, "capitalExpenditures": -981177000, "otherCashflowsFromInvestingActivities": 45646000, "totalCashflowsFromInvestingActivities": -932762000, "dividendsPaid": -84806000, "netBorrowings": -1008908000, "otherCashflowsFromFinancingActivities": -388159000, "totalCashFromFinancingActivities": -1481873000, "changeInCash": -26869000}, {"maxAge": 1, "endDate": "2019-03-31", "netIncome": 762373000, "depreciation": 584849000, "changeToNetincome": 438461000, "changeToAccountReceivables": -59252000, "changeToLiabilities": -202198000, "changeToInventory": -93666000, "changeToOperatingActivities": -630112000, "totalCashFromOperatingActivities": 1004080000, "capitalExpenditures": -1274813000, "otherCashflowsFromInvestingActivities": 11560000, "totalCashflowsFromInvestingActivities": -1257544000, "dividendsPaid": -65987000, "netBorrowings": -1440558000, "otherCashflowsFromFinancingActivities": -413079000, "totalCashFromFinancingActivities": 172614000, "changeInCash": -80850000, "issuanceOfStock": 2092238000}, {"maxAge": 1, "endDate": "2018-03-31", "netIncome": 605573000, "depreciation": 607291000, "changeToNetincome": 554042000, "changeToAccountReceivables": -311894000, "changeToLiabilities": 1683607000, "changeToInventory": -347065000, "changeToOperatingActivities": 50125000, "totalCashFromOperatingActivities": 3154369000, "capitalExpenditures": -2314386000, "otherCashflowsFromInvestingActivities": 5313000, "totalCashflowsFromInvestingActivities": -2306396000, "dividendsPaid": -29994000, "netBorrowings": -206026000, "otherCashflowsFromFinancingActivities": -483418000, "totalCashFromFinancingActivities": -719438000, "changeInCash": 128535000, "issuanceOfStock": 2092238000}, {"maxAge": 1, "endDate": "2017-03-31", "netIncome": 131813000, "depreciation": 733379000, "changeToNetincome": 286252000, "changeToAccountReceivables": -316500000, "changeToLiabilities": 637690000, "changeToInventory": -280150000, "changeToOperatingActivities": -231127000, "totalCashFromOperatingActivities": 1107098000, "capitalExpenditures": -1542867000, "otherCashflowsFromInvestingActivities": 29483000, "totalCashflowsFromInvestingActivities": -751422000, "dividendsPaid": -47991000, "netBorrowings": 186153000, "otherCashflowsFromFinancingActivities": -484303000, "totalCashFromFinancingActivities": -346141000, "changeInCash": 9535000, "issuanceOfStock": 2092238000}], "maxAge": 86400}, "indexTrend": {"maxAge": 1, "symbol": "SP5", "peRatio": 19.7411, "pegRatio": 1.34172, "estimates": [{"period": "0q", "growth": 0.549}, {"period": "+1q", "growth": 0.431}, {"period": "0y", "growth": 0.305}, {"period": "+1y", "growth": 0.109}, {"period": "+5y", "growth": 0.120865}, {"period": "-5y"}]}, "defaultKeyStatistics": {"maxAge": 1, "priceHint": 2, "enterpriseValue": 20131426304, "forwardPE": 19.824852, "profitMargins": 0.02369, "floatShares": 20123823, "sharesOutstanding": 65235800, "heldPercentInsiders": 0.75483, "heldPercentInstitutions": 0.1164, "beta": 1.165829, "category": null, "bookValue": 113.683, "priceToBook": 2.6384773, "fundFamily": null, "legalType": null, "lastFiscalYearEnd": "2020-03-31 05:30:00", "nextFiscalYearEnd": "2022-03-31 05:30:00", "mostRecentQuarter": "2020-12-31 05:30:00", "earningsQuarterlyGrowth": 1.055, "netIncomeToCommon": 377705984, "trailingEps": 5.787, "forwardEps": 15.13, "pegRatio": 5.45, "lastSplitFactor": null, "enterpriseToRevenue": 1.263, "enterpriseToEbitda": 17.129}, "industryTrend": {"maxAge": 1, "symbol": null, "estimates": []}, "quoteType": {"exchange": "NSI", "quoteType": "EQUITY", "symbol": "SUBROS.NS", "underlyingSymbol": "SUBROS.NS", "shortName": "SUBROS LTD", "longName": "Subros Limited", "firstTradeDateEpochUtc": "2005-07-13 09:15:00", "timeZoneFullName": "Asia/Kolkata", "timeZoneShortName": "IST", "uuid": "d74d6097-fe62-378c-9ae2-b6d4174d729f", "gmtOffSetMilliseconds": 19800000, "maxAge": 1}, "incomeStatementHistory": {"incomeStatementHistory": [{"maxAge": 1, "endDate": "2020-03-31", "totalRevenue": 19927993000, "costOfRevenue": 14078936000, "grossProfit": 5849057000, "researchDevelopment": {}, "sellingGeneralAdministrative": 2100355000, "nonRecurring": {}, "otherOperatingExpenses": 1809601000, "totalOperatingExpenses": 18891936000, "operatingIncome": 1036057000, "totalOtherIncomeExpenseNet": 203429000, "ebit": 1036057000, "interestExpense": -362762000, "incomeBeforeTax": 1239486000, "incomeTaxExpense": 391180000, "minorityInterest": {}, "netIncomeFromContinuingOps": 848306000, "discontinuedOperations": {}, "extraordinaryItems": {}, "effectOfAccountingCharges": {}, "otherItems": {}, "netIncome": 848306000, "netIncomeApplicableToCommonShares": 848306000}, {"maxAge": 1, "endDate": "2019-03-31", "totalRevenue": 21244849000, "costOfRevenue": 14840579000, "grossProfit": 6404270000, "researchDevelopment": {}, "sellingGeneralAdministrative": 2123146000, "nonRecurring": {}, "otherOperatingExpenses": 1987368000, "totalOperatingExpenses": 19739567000, "operatingIncome": 1505282000, "totalOtherIncomeExpenseNet": -364494000, "ebit": 1505282000, "interestExpense": -414035000, "incomeBeforeTax": 1140788000, "incomeTaxExpense": 378415000, "minorityInterest": {}, "netIncomeFromContinuingOps": 762373000, "discontinuedOperations": {}, "extraordinaryItems": {}, "effectOfAccountingCharges": {}, "otherItems": {}, "netIncome": 762373000, "netIncomeApplicableToCommonShares": 762373000}, {"maxAge": 1, "endDate": "2018-03-31", "totalRevenue": 19128936000, "costOfRevenue": 13349462000, "grossProfit": 5779474000, "researchDevelopment": {}, "sellingGeneralAdministrative": 1935354000, "nonRecurring": {}, "otherOperatingExpenses": 1738987000, "totalOperatingExpenses": 17943784000, "operatingIncome": 1185152000, "totalOtherIncomeExpenseNet": -361948000, "ebit": 1185152000, "interestExpense": -412111000, "incomeBeforeTax": 823204000, "incomeTaxExpense": 217631000, "minorityInterest": {}, "netIncomeFromContinuingOps": 605573000, "discontinuedOperations": {}, "extraordinaryItems": {}, "effectOfAccountingCharges": {}, "otherItems": {}, "netIncome": 605573000, "netIncomeApplicableToCommonShares": 605573000}, {"maxAge": 1, "endDate": "2017-03-31", "totalRevenue": 15349173000, "costOfRevenue": 10669503000, "grossProfit": 4679670000, "researchDevelopment": {}, "sellingGeneralAdministrative": 1574715000, "nonRecurring": {}, "otherOperatingExpenses": 1425249000, "totalOperatingExpenses": 14547102000, "operatingIncome": 802071000, "totalOtherIncomeExpenseNet": -721269000, "ebit": 802071000, "interestExpense": -393525000, "incomeBeforeTax": 80802000, "incomeTaxExpense": -51011000, "minorityInterest": {}, "netIncomeFromContinuingOps": 131813000, "discontinuedOperations": {}, "extraordinaryItems": {}, "effectOfAccountingCharges": {}, "otherItems": {}, "netIncome": 131813000, "netIncomeApplicableToCommonShares": 131813000}], "maxAge": 86400}, "fundOwnership": {"ownershipList": [{"maxAge": 1, "reportDate": "2020-12-31", "organization": "Morgan Stanley Inst Fd Inc-Emerging Markets Small Cap Port", "pctHeld": 0.0034999999, "position": 229922, "value": 78897734}, {"maxAge": 1, "reportDate": "2021-01-31", "organization": "DFA Emerging Markets Core Equity Portfolio", "pctHeld": 0.0023999999, "position": 157475, "value": 53982430}, {"maxAge": 1, "reportDate": "2021-01-31", "organization": "DFA Emerging Markets Small Cap Series", "pctHeld": 0.0018000001, "position": 116409, "value": 39905005}, {"maxAge": 1, "reportDate": "2021-01-31", "organization": "DFA Investment Dimensions-Emerging Markets Social Core Equity", "pctHeld": 0.0002, "position": 14654, "value": 5023391}, {"maxAge": 1, "reportDate": "2021-01-31", "organization": "DFA T.A. World Ex U.S. Core Equity Portfolio", "pctHeld": 0.0002, "position": 10510, "value": 3602828}, {"maxAge": 1, "reportDate": "2021-01-31", "organization": "DFA Investment Dimensions-World Ex U.S. Core Equity Port", "pctHeld": 0.0002, "position": 10122, "value": 3469821}, {"maxAge": 1, "reportDate": "2021-01-31", "organization": "DFA Emerging Markets Sustainability Core 1 Portfolio", "pctHeld": 0.0001, "position": 3640, "value": 1247792}], "maxAge": 1}, "summaryDetail": {"maxAge": 1, "priceHint": 2, "previousClose": 304.1, "open": 302.95, "dayLow": 296.45, "dayHigh": 312.0, "regularMarketPreviousClose": 304.1, "regularMarketOpen": 302.95, "regularMarketDayLow": 296.45, "regularMarketDayHigh": 312.0, "dividendRate": 0.8, "dividendYield": 0.0026, "exDividendDate": "2020-09-08 05:30:00", "payoutRatio": 0.1382, "fiveYearAvgDividendYield": 0.44, "beta": 1.165829, "trailingPE": 51.83169, "forwardPE": 19.824852, "volume": 21732, "regularMarketVolume": 21732, "averageVolume": 64398, "averageVolume10days": 85829, "averageDailyVolume10Day": 85829, "bid": 0.0, "ask": 0.0, "bidSize": 0, "askSize": 0, "marketCap": 19647895552, "fiftyTwoWeekLow": 124.85, "fiftyTwoWeekHigh": 364.9, "priceToSalesTrailing12Months": 1.2324694, "fiftyDayAverage": 322.4103, "twoHundredDayAverage": 303.56738, "trailingAnnualDividendRate": 0.8, "trailingAnnualDividendYield": 0.0026307136, "currency": "INR", "fromCurrency": null, "lastMarket": null, "algorithm": null, "tradeable": false}, "insiderHolders": {"holders": [{"maxAge": 1, "name": "Suri (Ramesh)", "relation": "Non Independent Executive Chairman", "url": "", "transactionDescription": "Purchase", "latestTransDate": "2019-03-28", "positionDirect": 4459040, "positionDirectDate": "2019-03-28"}], "maxAge": 1}, "calendarEvents": {"maxAge": 1, "earnings": {"earningsDate": []}, "exDividendDate": "2020-09-08 05:30:00"}, "upgradeDowngradeHistory": {"history": [], "maxAge": 86400}, "price": {"maxAge": 1, "regularMarketChangePercent": -0.013646807, "regularMarketChange": -4.149994, "regularMarketTime": "2021-04-30 15:29:57", "priceHint": 2, "regularMarketPrice": 299.95, "regularMarketDayHigh": 312.0, "regularMarketDayLow": 296.45, "regularMarketVolume": 21732, "averageDailyVolume10Day": 85829, "averageDailyVolume3Month": 64398, "regularMarketPreviousClose": 304.1, "regularMarketSource": "FREE_REALTIME", "regularMarketOpen": 302.95, "exchange": "NSI", "exchangeName": "NSE", "exchangeDataDelayedBy": 15, "marketState": "CLOSED", "quoteType": "EQUITY", "symbol": "SUBROS.NS", "underlyingSymbol": null, "shortName": "SUBROS LTD", "longName": "Subros Limited", "currency": "INR", "quoteSourceName": "Delayed Quote", "currencySymbol": "\u20b9", "fromCurrency": null, "lastMarket": null, "marketCap": 19647895552}, "balanceSheetHistory": {"balanceSheetStatements": [{"maxAge": 1, "endDate": "2020-03-31", "cash": 43697000, "shortTermInvestments": 859377000, "netReceivables": 2021700000, "inventory": 2342312000, "otherCurrentAssets": 98272000, "totalCurrentAssets": 5412910000, "longTermInvestments": 14585000, "propertyPlantEquipment": 6532964000, "intangibleAssets": 868709000, "otherAssets": 1052966000, "totalAssets": 13882134000, "accountsPayable": 3851530000, "shortLongTermDebt": 319432000, "otherCurrentLiab": 285207000, "longTermDebt": 227571000, "otherLiab": 274043000, "deferredLongTermLiab": 912258000, "totalCurrentLiabilities": 5772722000, "totalLiab": 6362078000, "commonStock": 130471000, "retainedEarnings": 5282841000, "treasuryStock": 25000000, "capitalSurplus": 2081744000, "otherStockholderEquity": 25000000, "totalStockholderEquity": 7520056000, "netTangibleAssets": 6651347000}, {"maxAge": 1, "endDate": "2019-03-31", "cash": 70566000, "shortTermInvestments": 799700000, "netReceivables": 2018923000, "inventory": 2492104000, "otherCurrentAssets": 149295000, "totalCurrentAssets": 5573971000, "longTermInvestments": 15673000, "propertyPlantEquipment": 5954287000, "intangibleAssets": 924787000, "otherAssets": 1335406000, "totalAssets": 13804124000, "accountsPayable": 3898735000, "shortLongTermDebt": 563629000, "otherCurrentLiab": 273648000, "longTermDebt": 574431000, "otherLiab": 75997000, "deferredLongTermLiab": 881375000, "totalCurrentLiabilities": 6354266000, "totalLiab": 7004694000, "commonStock": 130471000, "retainedEarnings": 4483634000, "treasuryStock": 103581000, "capitalSurplus": 2081744000, "otherStockholderEquity": 103581000, "totalStockholderEquity": 6799430000, "netTangibleAssets": 5874643000}, {"maxAge": 1, "endDate": "2018-03-31", "cash": 151416000, "netReceivables": 2137250000, "inventory": 2396261000, "otherCurrentAssets": 134626000, "totalCurrentAssets": 4852003000, "longTermInvestments": 15784000, "propertyPlantEquipment": 5757767000, "intangibleAssets": 1018244000, "otherAssets": 1327348000, "deferredLongTermAssetCharges": 114146000, "totalAssets": 12971146000, "accountsPayable": 4094862000, "shortLongTermDebt": 696660000, "otherCurrentLiab": 531716000, "longTermDebt": 1525984000, "otherLiab": 24056000, "deferredLongTermLiab": 819058000, "totalCurrentLiabilities": 7376653000, "totalLiab": 8926693000, "commonStock": 119977000, "retainedEarnings": 3796370000, "treasuryStock": 128106000, "otherStockholderEquity": 128106000, "totalStockholderEquity": 4044453000, "netTangibleAssets": 3026209000}, {"maxAge": 1, "endDate": "2017-03-31", "cash": 22881000, "netReceivables": 2002551000, "inventory": 2052290000, "otherCurrentAssets": 120892000, "totalCurrentAssets": 4261590000, "longTermInvestments": 14720000, "propertyPlantEquipment": 4578717000, "intangibleAssets": 922478000, "otherAssets": 1471014000, "deferredLongTermAssetCharges": 152856000, "totalAssets": 11248519000, "accountsPayable": 2394558000, "shortLongTermDebt": 775260000, "otherCurrentLiab": 1024841000, "longTermDebt": 1567635000, "otherLiab": 9186000, "deferredLongTermLiab": 962008000, "totalCurrentLiabilities": 6196900000, "totalLiab": 7773721000, "commonStock": 119977000, "retainedEarnings": 3352644000, "treasuryStock": 2177000, "otherStockholderEquity": 2177000, "totalStockholderEquity": 3474798000, "netTangibleAssets": 2552320000}], "maxAge": 86400}, "earningsTrend": {"trend": [{"maxAge": 1, "period": "0q", "endDate": "2018-03-31", "growth": {}, "earningsEstimate": {"avg": 0.0, "low": 0.0, "high": 0.0, "yearAgoEps": {}, "numberOfAnalysts": 0, "growth": {}}, "revenueEstimate": {"avg": 0, "low": 0, "high": 0, "numberOfAnalysts": 0, "yearAgoRevenue": {}, "growth": {}}, "epsTrend": {"current": 0.0, "7daysAgo": 0.0, "30daysAgo": 0.0, "60daysAgo": 0.0, "90daysAgo": 0.0}, "epsRevisions": {"upLast7days": 0, "upLast30days": 0, "downLast30days": 0, "downLast90days": {}}}, {"maxAge": 1, "period": "+1q", "endDate": "2018-06-30", "growth": {}, "earningsEstimate": {"avg": 0.0, "low": 0.0, "high": 0.0, "yearAgoEps": {}, "numberOfAnalysts": 0, "growth": {}}, "revenueEstimate": {"avg": 0, "low": 0, "high": 0, "numberOfAnalysts": 0, "yearAgoRevenue": {}, "growth": {}}, "epsTrend": {"current": 0.0, "7daysAgo": 0.0, "30daysAgo": 0.0, "60daysAgo": 0.0, "90daysAgo": 0.0}, "epsRevisions": {"upLast7days": 0, "upLast30days": 0, "downLast30days": 0, "downLast90days": {}}}, {"maxAge": 1, "period": "0y", "endDate": "2018-03-31", "growth": 0.393, "earningsEstimate": {"avg": 10.46, "low": 9.1, "high": 12.4, "yearAgoEps": 7.51, "numberOfAnalysts": 3, "growth": 0.393}, "revenueEstimate": {"avg": 18701100000, "low": 18316000000, "high": 19043200000, "numberOfAnalysts": 3, "yearAgoRevenue": 15449800000, "growth": 0.21}, "epsTrend": {"current": 10.46, "7daysAgo": 9.44, "30daysAgo": 9.44, "60daysAgo": 9.44, "90daysAgo": 9.28}, "epsRevisions": {"upLast7days": 1, "upLast30days": 1, "downLast30days": 0, "downLast90days": {}}}, {"maxAge": 1, "period": "+1y", "endDate": "2019-03-31", "growth": 0.44599998, "earningsEstimate": {"avg": 15.13, "low": 13.5, "high": 17.8, "yearAgoEps": 10.46, "numberOfAnalysts": 3, "growth": 0.44599998}, "revenueEstimate": {"avg": 21993600000, "low": 21312000000, "high": 22813800000, "numberOfAnalysts": 3, "yearAgoRevenue": 18701100000, "growth": 0.176}, "epsTrend": {"current": 15.13, "7daysAgo": 13.83, "30daysAgo": 13.83, "60daysAgo": 13.83, "90daysAgo": 12.95}, "epsRevisions": {"upLast7days": 1, "upLast30days": 1, "downLast30days": 0, "downLast90days": {}}}, {"maxAge": 1, "period": "+5y", "endDate": null, "growth": 0.055999998, "earningsEstimate": {"avg": {}, "low": {}, "high": {}, "yearAgoEps": {}, "numberOfAnalysts": {}, "growth": {}}, "revenueEstimate": {"avg": {}, "low": {}, "high": {}, "numberOfAnalysts": {}, "yearAgoRevenue": {}, "growth": {}}, "epsTrend": {"current": {}, "7daysAgo": {}, "30daysAgo": {}, "60daysAgo": {}, "90daysAgo": {}}, "epsRevisions": {"upLast7days": {}, "upLast30days": {}, "downLast30days": {}, "downLast90days": {}}}, {"maxAge": 1, "period": "-5y", "endDate": null, "growth": -0.31098, "earningsEstimate": {"avg": {}, "low": {}, "high": {}, "yearAgoEps": {}, "numberOfAnalysts": {}, "growth": {}}, "revenueEstimate": {"avg": {}, "low": {}, "high": {}, "numberOfAnalysts": {}, "yearAgoRevenue": {}, "growth": {}}, "epsTrend": {"current": {}, "7daysAgo": {}, "30daysAgo": {}, "60daysAgo": {}, "90daysAgo": {}}, "epsRevisions": {"upLast7days": {}, "upLast30days": {}, "downLast30days": {}, "downLast90days": {}}}], "maxAge": 1}, "institutionOwnership": {"ownershipList": [], "maxAge": 1}, "majorHoldersBreakdown": {"maxAge": 1, "insidersPercentHeld": 0.75483, "institutionsPercentHeld": 0.1164, "institutionsFloatPercentHeld": 0.47478, "institutionsCount": 15}, "balanceSheetHistoryQuarterly": {"balanceSheetStatements": [{"maxAge": 1, "endDate": "2020-12-31", "totalStockholderEquity": 7410300000, "netTangibleAssets": 5737400000}, {"maxAge": 1, "endDate": "2020-09-30", "cash": 963800000, "shortTermInvestments": 20200000, "netReceivables": 1333900000, "inventory": 2410900000, "otherCurrentAssets": 230800000, "totalCurrentAssets": 4959600000, "longTermInvestments": 16600000, "propertyPlantEquipment": 6374400000, "intangibleAssets": 1672900000, "otherAssets": 173500000, "deferredLongTermAssetCharges": 20400000, "totalAssets": 13197000000, "accountsPayable": 3461800000, "otherCurrentLiab": 726100000, "longTermDebt": 298300000, "otherLiab": 106600000, "totalCurrentLiabilities": 5299000000, "totalLiab": 5786700000, "commonStock": 130500000, "treasuryStock": 7279800000, "otherStockholderEquity": 7279800000, "totalStockholderEquity": 7410300000, "netTangibleAssets": 5737400000}, {"maxAge": 1, "endDate": "2020-06-30", "totalStockholderEquity": 7520100000, "netTangibleAssets": 5739100000}, {"maxAge": 1, "endDate": "2020-03-31", "cash": 43697000, "shortTermInvestments": 859377000, "netReceivables": 2021700000, "inventory": 2342312000, "otherCurrentAssets": 98272000, "totalCurrentAssets": 5412910000, "longTermInvestments": 14585000, "propertyPlantEquipment": 6532964000, "intangibleAssets": 868709000, "otherAssets": 1052966000, "totalAssets": 13882134000, "accountsPayable": 3851530000, "shortLongTermDebt": 319432000, "otherCurrentLiab": 285207000, "longTermDebt": 227571000, "otherLiab": 274043000, "deferredLongTermLiab": 912258000, "totalCurrentLiabilities": 5772722000, "totalLiab": 6362078000, "commonStock": 130471000, "retainedEarnings": 5282841000, "treasuryStock": 25000000, "capitalSurplus": 2081744000, "otherStockholderEquity": 25000000, "totalStockholderEquity": 7520056000, "netTangibleAssets": 6651347000}], "maxAge": 86400}, "earningsHistory": {"history": [{"maxAge": 1, "epsActual": {}, "epsEstimate": {}, "epsDifference": {}, "surprisePercent": {}, "quarter": {}, "period": "-4q"}, {"maxAge": 1, "epsActual": {}, "epsEstimate": {}, "epsDifference": {}, "surprisePercent": {}, "quarter": {}, "period": "-3q"}, {"maxAge": 1, "epsActual": 2.66, "epsEstimate": 2.31, "epsDifference": 0.35, "surprisePercent": 0.152, "quarter": "2017-09-30", "period": "-2q"}, {"maxAge": 1, "epsActual": 2.74, "epsEstimate": 2.7, "epsDifference": 0.04, "surprisePercent": 0.015, "quarter": "2017-12-31", "period": "-1q"}], "maxAge": 86400}, "summaryProfile": {"address1": "LGF, World Trade Centre", "address2": "Barakhamba Lane", "city": "New Delhi", "zip": "110001", "country": "India", "phone": "91 11 2341 4946", "fax": "91 11 2341 4945", "website": "http://www.subros.com", "industry": "Auto Parts", "sector": "Consumer Cyclical", "longBusinessSummary": "Subros Limited manufactures and sells thermal products for automotive applications in India. The company offers compressors; automotive condensers; heating, ventilating, and air conditioning (AC) systems, such as heaters, evaporators, and blower units; tubes and hoses; bus ACs; driver cabin ACs for railway engines; commercial and residential ACs; water dispensers; transport refrigeration systems; truck cabin AC systems; and off-roader AC systems. It also exports its products. Subros Limited was founded in 1985 and is headquartered in New Delhi, India.", "fullTimeEmployees": 2606, "companyOfficers": [], "maxAge": 86400}, "netSharePurchaseActivity": {"maxAge": 1, "period": "6m", "buyInfoCount": 0, "buyInfoShares": 0, "sellInfoCount": 0, "netInfoCount": 0, "netInfoShares": 0, "netPercentInsiderShares": 0.0, "totalInsiderShares": 49297588}, "insiderTransactions": {"transactions": [{"maxAge": 1, "shares": 3040000, "filerUrl": "", "transactionText": "", "filerName": "Suri (Ramesh)", "filerRelation": "Non Independent Executive Chairman", "moneyText": "", "startDate": "2019-03-28", "ownership": "D"}], "maxAge": 1}, "sectorTrend": {"maxAge": 1, "symbol": null, "estimates": []}, "incomeStatementHistoryQuarterly": {"incomeStatementHistory": [{"maxAge": 1, "endDate": "2020-12-31", "totalRevenue": 6038500000, "costOfRevenue": 4335800000, "grossProfit": 1702700000, "researchDevelopment": {}, "sellingGeneralAdministrative": 532700000, "nonRecurring": {}, "otherOperatingExpenses": 507000000, "totalOperatingExpenses": 5624000000, "operatingIncome": 414500000, "totalOtherIncomeExpenseNet": 1600000, "ebit": 414500000, "interestExpense": -32800000, "incomeBeforeTax": 416100000, "incomeTaxExpense": 141800000, "minorityInterest": {}, "netIncomeFromContinuingOps": 274300000, "discontinuedOperations": {}, "extraordinaryItems": {}, "effectOfAccountingCharges": {}, "otherItems": {}, "netIncome": 274300000, "netIncomeApplicableToCommonShares": 274300000}, {"maxAge": 1, "endDate": "2020-09-30", "totalRevenue": 4581000000, "costOfRevenue": 3173700000, "grossProfit": 1407300000, "researchDevelopment": {}, "sellingGeneralAdministrative": 441700000, "nonRecurring": {}, "otherOperatingExpenses": 430900000, "totalOperatingExpenses": 4283800000, "operatingIncome": 297200000, "totalOtherIncomeExpenseNet": -17800000, "ebit": 297200000, "interestExpense": -55500000, "incomeBeforeTax": 279400000, "incomeTaxExpense": 102100000, "minorityInterest": {}, "netIncomeFromContinuingOps": 177300000, "discontinuedOperations": {}, "extraordinaryItems": {}, "effectOfAccountingCharges": {}, "otherItems": {}, "netIncome": 177300000, "netIncomeApplicableToCommonShares": 177300000}, {"maxAge": 1, "endDate": "2020-06-30", "totalRevenue": 737700000, "costOfRevenue": 510800000, "grossProfit": 226900000, "researchDevelopment": {}, "sellingGeneralAdministrative": 382000000, "nonRecurring": {}, "otherOperatingExpenses": 143500000, "totalOperatingExpenses": 1229300000, "operatingIncome": -491600000, "totalOtherIncomeExpenseNet": -37600000, "ebit": -491600000, "interestExpense": -48100000, "incomeBeforeTax": -529200000, "incomeTaxExpense": -289000000, "minorityInterest": {}, "netIncomeFromContinuingOps": -240200000, "discontinuedOperations": {}, "extraordinaryItems": {}, "effectOfAccountingCharges": {}, "otherItems": {}, "netIncome": -240200000, "netIncomeApplicableToCommonShares": -240200000}, {"maxAge": 1, "endDate": "2020-03-31", "totalRevenue": 4584693000, "costOfRevenue": 3206636000, "grossProfit": 1378057000, "researchDevelopment": {}, "sellingGeneralAdministrative": 524655000, "nonRecurring": {}, "otherOperatingExpenses": 388501000, "totalOperatingExpenses": 4347536000, "operatingIncome": 237157000, "totalOtherIncomeExpenseNet": -8871000, "ebit": 237157000, "interestExpense": -51162000, "incomeBeforeTax": 228286000, "incomeTaxExpense": 61980000, "minorityInterest": {}, "netIncomeFromContinuingOps": 166306000, "discontinuedOperations": {}, "extraordinaryItems": {}, "effectOfAccountingCharges": {}, "otherItems": {}, "netIncome": 166306000, "netIncomeApplicableToCommonShares": 166306000}], "maxAge": 86400}, "cashflowStatementHistoryQuarterly": {"cashflowStatements": [{"maxAge": 1, "endDate": "2020-12-31", "netIncome": 274300000, "changeToLiabilities": 0}, {"maxAge": 1, "endDate": "2020-09-30", "netIncome": 177300000, "changeToLiabilities": 0}, {"maxAge": 1, "endDate": "2020-06-30", "netIncome": -240200000, "changeToLiabilities": 0}, {"maxAge": 1, "endDate": "2020-03-31", "netIncome": 166306000, "changeToLiabilities": 0}], "maxAge": 86400}, "earnings": {"maxAge": 86400, "earningsChart": {"quarterly": [{"date": "3Q2017", "actual": 2.66, "estimate": 2.31}, {"date": "4Q2017", "actual": 2.74, "estimate": 2.7}], "currentQuarterEstimateDate": "1Q", "currentQuarterEstimateYear": 2018, "earningsDate": []}, "financialsChart": {"yearly": [{"date": 2017, "revenue": 15349173000, "earnings": 131813000}, {"date": 2018, "revenue": 19128936000, "earnings": 605573000}, {"date": 2019, "revenue": 21244849000, "earnings": 762373000}, {"date": 2020, "revenue": 19927993000, "earnings": 848306000}], "quarterly": [{"date": "1Q2020", "revenue": 4584693000, "earnings": 166306000}, {"date": "2Q2020", "revenue": 737700000, "earnings": -240200000}, {"date": "3Q2020", "revenue": 4581000000, "earnings": 177300000}, {"date": "4Q2020", "revenue": 6038500000, "earnings": 274300000}]}, "financialCurrency": "INR"}, "financialData": {"maxAge": 86400, "currentPrice": 299.95, "targetHighPrice": 375.0, "targetLowPrice": 375.0, "targetMeanPrice": 375.0, "targetMedianPrice": 375.0, "recommendationMean": 2.7, "recommendationKey": "hold", "numberOfAnalystOpinions": 1, "totalCash": 984000000, "totalCashPerShare": 15.067, "ebitda": 1175251200, "totalDebt": 1254800000, "totalRevenue": 15941893120, "debtToEquity": 16.933, "revenuePerShare": 244.419, "grossProfits": 5849057000, "earningsGrowth": 1.059, "revenueGrowth": 0.297, "grossMargins": 0.29576, "ebitdaMargins": 0.07372, "operatingMargins": 0.02868, "profitMargins": 0.02369, "financialCurrency": "INR"}}}