{"SUBROS.BO": {"recommendationTrend": {"trend": [{"period": "0m", "strongBuy": 0, "buy": 0, "hold": 0, "sell": 0, "strongSell": 0}, {"period": "-1m", "strongBuy": 0, "buy": 0, "hold": 0, "sell": 0, "strongSell": 0}, {"period": "-2m", "strongBuy": 0, "buy": 0, "hold": 0, "sell": 0, "strongSell": 0}, {"period": "-3m", "strongBuy": 0, "buy": 0, "hold": 0, "sell": 0, "strongSell": 0}], "maxAge": 86400}, "cashflowStatementHistory": {"cashflowStatements": [{"maxAge": 1, "endDate": "2020-03-31", "netIncome": 848306000, "depreciation": 678198000, "changeToNetincome": 422726000, "changeToAccountReceivables": -219667000, "changeToLiabilities": -80249000, "changeToInventory": 114370000, "changeToOperatingActivities": 399236000, "totalCashFromOperatingActivities": 2387766000, "capitalExpenditures": -981177000, "otherCashflowsFromInvestingActivities": 45646000, "totalCashflowsFromInvestingActivities": -932762000, "dividendsPaid": -84806000, "netBorrowings": -1008908000, "otherCashflowsFromFinancingActivities": -388159000, "totalCashFromFinancingActivities": -1481873000, "changeInCash": -26869000}, {"maxAge": 1, "endDate": "2019-03-31", "netIncome": 762373000, "depreciation": 584849000, "changeToNetincome": 438461000, "changeToAccountReceivables": -59252000, "changeToLiabilities": -202198000, "changeToInventory": -93666000, "changeToOperatingActivities": -630112000, "totalCashFromOperatingActivities": 1004080000, "capitalExpenditures": -1274813000, "otherCashflowsFromInvestingActivities": 11560000, "totalCashflowsFromInvestingActivities": -1257544000, "dividendsPaid": -65987000, "netBorrowings": -1440558000, "otherCashflowsFromFinancingActivities": -413079000, "totalCashFromFinancingActivities": 172614000, "changeInCash": -80850000, "issuanceOfStock": 2092238000}, {"maxAge": 1, "endDate": "2018-03-31", "netIncome": 605573000, "depreciation": 607291000, "changeToNetincome": 554042000, "changeToAccountReceivables": -311894000, "changeToLiabilities": 1683607000, "changeToInventory": -347065000, "changeToOperatingActivities": 50125000, "totalCashFromOperatingActivities": 3154369000, "capitalExpenditures": -2314386000, "otherCashflowsFromInvestingActivities": 5313000, "totalCashflowsFromInvestingActivities": -2306396000, "dividendsPaid": -29994000, "netBorrowings": -206026000, "otherCashflowsFromFinancingActivities": -483418000, "totalCashFromFinancingActivities": -719438000, "changeInCash": 128535000, "issuanceOfStock": 2092238000}, {"maxAge": 1, "endDate": "2017-03-31", "netIncome": 131813000, "depreciation": 733379000, "changeToNetincome": 286252000, "changeToAccountReceivables": -316500000, "changeToLiabilities": 637690000, "changeToInventory": -280150000, "changeToOperatingActivities": -231127000, "totalCashFromOperatingActivities": 1107098000, "capitalExpenditures": -1542867000, "otherCashflowsFromInvestingActivities": 29483000, "totalCashflowsFromInvestingActivities": -751422000, "dividendsPaid": -47991000, "netBorrowings": 186153000, "otherCashflowsFromFinancingActivities": -484303000, "totalCashFromFinancingActivities": -346141000, "changeInCash": 9535000, "issuanceOfStock": 2092238000}], "maxAge": 86400}, "institutionOwnership": {"ownershipList": [], "maxAge": 1}, "balanceSheetHistoryQuarterly": {"balanceSheetStatements": [{"maxAge": 1, "endDate": "2020-06-30", "totalStockholderEquity": 7520100000, "netTangibleAssets": 5739100000}, {"maxAge": 1, "endDate": "2020-03-31", "cash": 43697000, "shortTermInvestments": 859377000, "netReceivables": 2021700000, "inventory": 2342312000, "otherCurrentAssets": 98272000, "totalCurrentAssets": 5412910000, "longTermInvestments": 14585000, "propertyPlantEquipment": 6532964000, "intangibleAssets": 868709000, "otherAssets": 1052966000, "totalAssets": 13882134000, "accountsPayable": 3851530000, "shortLongTermDebt": 319432000, "otherCurrentLiab": 285207000, "longTermDebt": 227571000, "otherLiab": 274043000, "deferredLongTermLiab": 912258000, "totalCurrentLiabilities": 5772722000, "totalLiab": 6362078000, "commonStock": 130471000, "retainedEarnings": 5282841000, "treasuryStock": 25000000, "capitalSurplus": 2081744000, "otherStockholderEquity": 25000000, "totalStockholderEquity": 7520056000, "netTangibleAssets": 6651347000}, {"maxAge": 1, "endDate": "2019-12-31", "totalStockholderEquity": 7234200000, "netTangibleAssets": 5455700000}, {"maxAge": 1, "endDate": "2019-09-30", "cash": 911600000, "shortTermInvestments": 139000000, "netReceivables": 2187100000, "inventory": 2279000000, "otherCurrentAssets": 238700000, "totalCurrentAssets": 5755400000, "longTermInvestments": 14200000, "propertyPlantEquipment": 6548600000, "intangibleAssets": 1778500000, "otherAssets": 122600000, "totalAssets": 14219300000, "accountsPayable": 3689800000, "otherCurrentLiab": 917700000, "longTermDebt": 328500000, "otherLiab": 227200000, "totalCurrentLiabilities": 6336300000, "totalLiab": 6985100000, "commonStock": 130500000, "treasuryStock": 7103700000, "otherStockholderEquity": 7103700000, "totalStockholderEquity": 7234200000, "netTangibleAssets": 5455700000}], "maxAge": 86400}, "earningsHistory": {"history": [{"maxAge": 1, "epsActual": 2.74, "epsEstimate": 2.7, "epsDifference": 0.04, "surprisePercent": 0.015, "quarter": "2017-12-31", "period": "-4q"}, {"maxAge": 1, "epsActual": 3.1, "epsEstimate": 2.7, "epsDifference": 0.4, "surprisePercent": 0.148, "quarter": "2018-03-31", "period": "-3q"}, {"maxAge": 1, "epsActual": 3.71, "epsEstimate": 2.97, "epsDifference": 0.74, "surprisePercent": 0.249, "quarter": "2018-06-30", "period": "-2q"}, {"maxAge": 1, "epsActual": 3.97, "epsEstimate": 3.2, "epsDifference": 0.77, "surprisePercent": 0.241, "quarter": "2018-09-30", "period": "-1q"}], "maxAge": 86400}, "indexTrend": {"maxAge": 1, "symbol": "SP5", "peRatio": 19.7411, "pegRatio": 1.34172, "estimates": [{"period": "0q", "growth": 0.549}, {"period": "+1q", "growth": 0.431}, {"period": "0y", "growth": 0.305}, {"period": "+1y", "growth": 0.109}, {"period": "+5y", "growth": 0.120865}, {"period": "-5y"}]}, "industryTrend": {"maxAge": 1, "symbol": null, "estimates": []}, "insiderTransactions": {"transactions": [{"maxAge": 1, "shares": 3040000, "filerUrl": "", "transactionText": "", "filerName": "Suri (Ramesh)", "filerRelation": "Non Independent Executive Chairman", "moneyText": "", "startDate": "2019-03-28", "ownership": "D"}], "maxAge": 1}, "quoteType": {"exchange": "BSE", "quoteType": "EQUITY", "symbol": "SUBROS.BO", "underlyingSymbol": "SUBROS.BO", "shortName": "SUBROS LTD.", "longName": "Subros", "firstTradeDateEpochUtc": "2002-07-01 09:15:00", "timeZoneFullName": "Asia/Kolkata", "timeZoneShortName": "IST", "uuid": "11394d2d-f473-3f3f-bb63-ac110871c0ce", "gmtOffSetMilliseconds": 19800000, "maxAge": 1}, "incomeStatementHistory": {"incomeStatementHistory": [{"maxAge": 1, "endDate": "2020-03-31", "totalRevenue": 19927993000, "costOfRevenue": 14078936000, "grossProfit": 5849057000, "researchDevelopment": {}, "sellingGeneralAdministrative": 2100355000, "nonRecurring": {}, "otherOperatingExpenses": 1809601000, "totalOperatingExpenses": 18891936000, "operatingIncome": 1036057000, "totalOtherIncomeExpenseNet": 203429000, "ebit": 1036057000, "interestExpense": -362762000, "incomeBeforeTax": 1239486000, "incomeTaxExpense": 391180000, "minorityInterest": {}, "netIncomeFromContinuingOps": 848306000, "discontinuedOperations": {}, "extraordinaryItems": {}, "effectOfAccountingCharges": {}, "otherItems": {}, "netIncome": 848306000, "netIncomeApplicableToCommonShares": 848306000}, {"maxAge": 1, "endDate": "2019-03-31", "totalRevenue": 21244849000, "costOfRevenue": 14840579000, "grossProfit": 6404270000, "researchDevelopment": {}, "sellingGeneralAdministrative": 2123146000, "nonRecurring": {}, "otherOperatingExpenses": 1987368000, "totalOperatingExpenses": 19739567000, "operatingIncome": 1505282000, "totalOtherIncomeExpenseNet": -364494000, "ebit": 1505282000, "interestExpense": -414035000, "incomeBeforeTax": 1140788000, "incomeTaxExpense": 378415000, "minorityInterest": {}, "netIncomeFromContinuingOps": 762373000, "discontinuedOperations": {}, "extraordinaryItems": {}, "effectOfAccountingCharges": {}, "otherItems": {}, "netIncome": 762373000, "netIncomeApplicableToCommonShares": 762373000}, {"maxAge": 1, "endDate": "2018-03-31", "totalRevenue": 19128936000, "costOfRevenue": 13349462000, "grossProfit": 5779474000, "researchDevelopment": {}, "sellingGeneralAdministrative": 1935354000, "nonRecurring": {}, "otherOperatingExpenses": 1738987000, "totalOperatingExpenses": 17943784000, "operatingIncome": 1185152000, "totalOtherIncomeExpenseNet": -361948000, "ebit": 1185152000, "interestExpense": -412111000, "incomeBeforeTax": 823204000, "incomeTaxExpense": 217631000, "minorityInterest": {}, "netIncomeFromContinuingOps": 605573000, "discontinuedOperations": {}, "extraordinaryItems": {}, "effectOfAccountingCharges": {}, "otherItems": {}, "netIncome": 605573000, "netIncomeApplicableToCommonShares": 605573000}, {"maxAge": 1, "endDate": "2017-03-31", "totalRevenue": 15349173000, "costOfRevenue": 10669503000, "grossProfit": 4679670000, "researchDevelopment": {}, "sellingGeneralAdministrative": 1574715000, "nonRecurring": {}, "otherOperatingExpenses": 1425249000, "totalOperatingExpenses": 14547102000, "operatingIncome": 802071000, "totalOtherIncomeExpenseNet": -721269000, "ebit": 802071000, "interestExpense": -393525000, "incomeBeforeTax": 80802000, "incomeTaxExpense": -51011000, "minorityInterest": {}, "netIncomeFromContinuingOps": 131813000, "discontinuedOperations": {}, "extraordinaryItems": {}, "effectOfAccountingCharges": {}, "otherItems": {}, "netIncome": 131813000, "netIncomeApplicableToCommonShares": 131813000}], "maxAge": 86400}, "fundOwnership": {"ownershipList": [], "maxAge": 1}, "summaryDetail": {"maxAge": 1, "priceHint": 2, "previousClose": 305.35, "open": 301.0, "dayLow": 297.2, "dayHigh": 311.95, "regularMarketPreviousClose": 305.35, "regularMarketOpen": 301.0, "regularMarketDayLow": 297.2, "regularMarketDayHigh": 311.95, "trailingPE": 101.485985, "forwardPE": 15.473739, "volume": 2712, "regularMarketVolume": 2712, "averageVolume": 6742, "averageVolume10days": 5720, "averageDailyVolume10Day": 5720, "bid": 299.25, "ask": 309.8, "bidSize": 0, "askSize": 0, "marketCap": 19603357696, "fiftyTwoWeekLow": 117.45, "fiftyTwoWeekHigh": 363.4, "fiftyDayAverage": 335.87122, "twoHundredDayAverage": 269.43344, "trailingAnnualDividendRate": 0.8, "trailingAnnualDividendYield": 0.0026199443, "currency": "INR", "fromCurrency": null, "lastMarket": null, "algorithm": null, "tradeable": false}, "sectorTrend": {"maxAge": 1, "symbol": null, "estimates": []}, "incomeStatementHistoryQuarterly": {"incomeStatementHistory": [{"maxAge": 1, "endDate": "2020-06-30", "totalRevenue": 737700000, "costOfRevenue": 510800000, "grossProfit": 226900000, "researchDevelopment": {}, "sellingGeneralAdministrative": 382000000, "nonRecurring": {}, "otherOperatingExpenses": 143500000, "totalOperatingExpenses": 1229300000, "operatingIncome": -491600000, "totalOtherIncomeExpenseNet": -37600000, "ebit": -491600000, "interestExpense": -48100000, "incomeBeforeTax": -529200000, "incomeTaxExpense": -289000000, "minorityInterest": {}, "netIncomeFromContinuingOps": -240200000, "discontinuedOperations": {}, "extraordinaryItems": {}, "effectOfAccountingCharges": {}, "otherItems": {}, "netIncome": -240200000, "netIncomeApplicableToCommonShares": -240200000}, {"maxAge": 1, "endDate": "2020-03-31", "totalRevenue": 4584693000, "costOfRevenue": 3206636000, "grossProfit": 1378057000, "researchDevelopment": {}, "sellingGeneralAdministrative": 524655000, "nonRecurring": {}, "otherOperatingExpenses": 388501000, "totalOperatingExpenses": 4347536000, "operatingIncome": 237157000, "totalOtherIncomeExpenseNet": -8871000, "ebit": 237157000, "interestExpense": -51162000, "incomeBeforeTax": 228286000, "incomeTaxExpense": 61980000, "minorityInterest": {}, "netIncomeFromContinuingOps": 166306000, "discontinuedOperations": {}, "extraordinaryItems": {}, "effectOfAccountingCharges": {}, "otherItems": {}, "netIncome": 166306000, "netIncomeApplicableToCommonShares": 166306000}, {"maxAge": 1, "endDate": "2019-12-31", "totalRevenue": 4656100000, "costOfRevenue": 3256400000, "grossProfit": 1399700000, "researchDevelopment": {}, "sellingGeneralAdministrative": 498500000, "nonRecurring": {}, "otherOperatingExpenses": 418800000, "totalOperatingExpenses": 4408100000, "operatingIncome": 248000000, "totalOtherIncomeExpenseNet": -53100000, "ebit": 248000000, "interestExpense": -75100000, "incomeBeforeTax": 194900000, "incomeTaxExpense": 61400000, "minorityInterest": {}, "netIncomeFromContinuingOps": 133500000, "discontinuedOperations": {}, "extraordinaryItems": {}, "effectOfAccountingCharges": {}, "otherItems": {}, "netIncome": 133500000, "netIncomeApplicableToCommonShares": 133500000}, {"maxAge": 1, "endDate": "2019-09-30", "totalRevenue": 4964800000, "costOfRevenue": 3530100000, "grossProfit": 1434700000, "researchDevelopment": {}, "sellingGeneralAdministrative": 521800000, "nonRecurring": {}, "otherOperatingExpenses": 472400000, "totalOperatingExpenses": 4749900000, "operatingIncome": 214900000, "totalOtherIncomeExpenseNet": -23000000, "ebit": 214900000, "interestExpense": -91500000, "incomeBeforeTax": 191900000, "incomeTaxExpense": 58400000, "minorityInterest": {}, "netIncomeFromContinuingOps": 133500000, "discontinuedOperations": {}, "extraordinaryItems": {}, "effectOfAccountingCharges": {}, "otherItems": {}, "netIncome": 133500000, "netIncomeApplicableToCommonShares": 133500000}], "maxAge": 86400}, "cashflowStatementHistoryQuarterly": {"cashflowStatements": [{"maxAge": 1, "endDate": "2020-06-30", "netIncome": -240200000, "changeToLiabilities": 0}, {"maxAge": 1, "endDate": "2020-03-31", "netIncome": 166306000, "changeToLiabilities": 0}, {"maxAge": 1, "endDate": "2019-12-31", "netIncome": 133500000, "changeToLiabilities": 0}, {"maxAge": 1, "endDate": "2019-09-30", "netIncome": 133500000, "changeToLiabilities": 0}], "maxAge": 86400}, "insiderHolders": {"holders": [{"maxAge": 1, "name": "Suri (Ramesh)", "relation": "Non Independent Executive Chairman", "url": "", "transactionDescription": "Purchase", "latestTransDate": "2019-03-28", "positionDirect": 4459040, "positionDirectDate": "2019-03-28"}], "maxAge": 1}, "earnings": {"maxAge": 86400, "earningsChart": {"quarterly": [{"date": "4Q2017", "actual": 2.74, "estimate": 2.7}, {"date": "1Q2018", "actual": 3.1, "estimate": 2.7}, {"date": "2Q2018", "actual": 3.71, "estimate": 2.97}, {"date": "3Q2018", "actual": 3.97, "estimate": 3.2}], "currentQuarterEstimateDate": "4Q", "currentQuarterEstimateYear": 2018, "earningsDate": ["2020-08-12 05:30:S"]}, "financialsChart": {"yearly": [{"date": 2017, "revenue": 15349173000, "earnings": 131813000}, {"date": 2018, "revenue": 19128936000, "earnings": 605573000}, {"date": 2019, "revenue": 21244849000, "earnings": 762373000}, {"date": 2020, "revenue": 19927993000, "earnings": 848306000}], "quarterly": [{"date": "3Q2019", "revenue": 4964800000, "earnings": 133500000}, {"date": "4Q2019", "revenue": 4656100000, "earnings": 133500000}, {"date": "1Q2020", "revenue": 4584693000, "earnings": 166306000}, {"date": "2Q2020", "revenue": 737700000, "earnings": -240200000}]}, "financialCurrency": "INR"}, "calendarEvents": {"maxAge": 1, "earnings": {"earningsDate": ["2020-08-12 05:30:S"]}}, "upgradeDowngradeHistory": {"history": [], "maxAge": 86400}, "price": {"maxAge": 1, "regularMarketChangePercent": -0.015883433, "regularMarketChange": -4.850006, "regularMarketTime": "2021-04-30 15:40:03", "priceHint": 2, "regularMarketPrice": 300.5, "regularMarketDayHigh": 311.95, "regularMarketDayLow": 297.2, "regularMarketVolume": 2712, "averageDailyVolume10Day": 5720, "averageDailyVolume3Month": 6742, "regularMarketPreviousClose": 305.35, "regularMarketSource": "FREE_REALTIME", "regularMarketOpen": 301.0, "exchange": "BSE", "exchangeName": "BSE", "exchangeDataDelayedBy": 0, "marketState": "CLOSED", "quoteType": "EQUITY", "symbol": "SUBROS.BO", "underlyingSymbol": null, "shortName": "SUBROS LTD.", "longName": "Subros", "currency": "INR", "quoteSourceName": "Delayed Quote", "currencySymbol": "\u20b9", "fromCurrency": null, "lastMarket": null, "marketCap": 19603357696}, "balanceSheetHistory": {"balanceSheetStatements": [{"maxAge": 1, "endDate": "2020-03-31", "cash": 43697000, "shortTermInvestments": 859377000, "netReceivables": 2021700000, "inventory": 2342312000, "otherCurrentAssets": 98272000, "totalCurrentAssets": 5412910000, "longTermInvestments": 14585000, "propertyPlantEquipment": 6532964000, "intangibleAssets": 868709000, "otherAssets": 1052966000, "totalAssets": 13882134000, "accountsPayable": 3851530000, "shortLongTermDebt": 319432000, "otherCurrentLiab": 285207000, "longTermDebt": 227571000, "otherLiab": 274043000, "deferredLongTermLiab": 912258000, "totalCurrentLiabilities": 5772722000, "totalLiab": 6362078000, "commonStock": 130471000, "retainedEarnings": 5282841000, "treasuryStock": 25000000, "capitalSurplus": 2081744000, "otherStockholderEquity": 25000000, "totalStockholderEquity": 7520056000, "netTangibleAssets": 6651347000}, {"maxAge": 1, "endDate": "2019-03-31", "cash": 70566000, "shortTermInvestments": 799700000, "netReceivables": 2018923000, "inventory": 2492104000, "otherCurrentAssets": 149295000, "totalCurrentAssets": 5573971000, "longTermInvestments": 15673000, "propertyPlantEquipment": 5954287000, "intangibleAssets": 924787000, "otherAssets": 1335406000, "totalAssets": 13804124000, "accountsPayable": 3898735000, "shortLongTermDebt": 563629000, "otherCurrentLiab": 273648000, "longTermDebt": 574431000, "otherLiab": 75997000, "deferredLongTermLiab": 881375000, "totalCurrentLiabilities": 6354266000, "totalLiab": 7004694000, "commonStock": 130471000, "retainedEarnings": 4483634000, "treasuryStock": 103581000, "capitalSurplus": 2081744000, "otherStockholderEquity": 103581000, "totalStockholderEquity": 6799430000, "netTangibleAssets": 5874643000}, {"maxAge": 1, "endDate": "2018-03-31", "cash": 151416000, "netReceivables": 2137250000, "inventory": 2396261000, "otherCurrentAssets": 134626000, "totalCurrentAssets": 4852003000, "longTermInvestments": 15784000, "propertyPlantEquipment": 5757767000, "intangibleAssets": 1018244000, "otherAssets": 1327348000, "deferredLongTermAssetCharges": 114146000, "totalAssets": 12971146000, "accountsPayable": 4094862000, "shortLongTermDebt": 696660000, "otherCurrentLiab": 531716000, "longTermDebt": 1525984000, "otherLiab": 24056000, "deferredLongTermLiab": 819058000, "totalCurrentLiabilities": 7376653000, "totalLiab": 8926693000, "commonStock": 119977000, "retainedEarnings": 3796370000, "treasuryStock": 128106000, "otherStockholderEquity": 128106000, "totalStockholderEquity": 4044453000, "netTangibleAssets": 3026209000}, {"maxAge": 1, "endDate": "2017-03-31", "cash": 22881000, "netReceivables": 2002551000, "inventory": 2052290000, "otherCurrentAssets": 120892000, "totalCurrentAssets": 4261590000, "longTermInvestments": 14720000, "propertyPlantEquipment": 4578717000, "intangibleAssets": 922478000, "otherAssets": 1471014000, "deferredLongTermAssetCharges": 152856000, "totalAssets": 11248519000, "accountsPayable": 2394558000, "shortLongTermDebt": 775260000, "otherCurrentLiab": 1024841000, "longTermDebt": 1567635000, "otherLiab": 9186000, "deferredLongTermLiab": 962008000, "totalCurrentLiabilities": 6196900000, "totalLiab": 7773721000, "commonStock": 119977000, "retainedEarnings": 3352644000, "treasuryStock": 2177000, "otherStockholderEquity": 2177000, "totalStockholderEquity": 3474798000, "netTangibleAssets": 2552320000}], "maxAge": 86400}, "earningsTrend": {"trend": [{"maxAge": 1, "period": "0q", "endDate": "2018-12-31", "growth": {}, "earningsEstimate": {"avg": 0.0, "low": 0.0, "high": 0.0, "yearAgoEps": 2.74, "numberOfAnalysts": 0, "growth": {}}, "revenueEstimate": {"avg": 0, "low": 0, "high": 0, "numberOfAnalysts": 0, "yearAgoRevenue": {}, "growth": {}}, "epsTrend": {"current": 0.0, "7daysAgo": 3.55, "30daysAgo": 3.55, "60daysAgo": 3.55, "90daysAgo": 3.55}, "epsRevisions": {"upLast7days": 0, "upLast30days": 0, "downLast30days": 0, "downLast90days": {}}}, {"maxAge": 1, "period": "+1q", "endDate": "2019-03-31", "growth": {}, "earningsEstimate": {"avg": 0.0, "low": 0.0, "high": 0.0, "yearAgoEps": 3.1, "numberOfAnalysts": 0, "growth": {}}, "revenueEstimate": {"avg": 0, "low": 0, "high": 0, "numberOfAnalysts": 0, "yearAgoRevenue": {}, "growth": {}}, "epsTrend": {"current": 0.0, "7daysAgo": 0.0, "30daysAgo": 0.0, "60daysAgo": 0.0, "90daysAgo": 0.0}, "epsRevisions": {"upLast7days": 0, "upLast30days": 0, "downLast30days": 0, "downLast90days": {}}}, {"maxAge": 1, "period": "0y", "endDate": "2019-03-31", "growth": {}, "earningsEstimate": {"avg": 0.0, "low": 0.0, "high": 0.0, "yearAgoEps": {}, "numberOfAnalysts": 0, "growth": {}}, "revenueEstimate": {"avg": 21864500000, "low": 21535000000, "high": 22443000000, "numberOfAnalysts": 4, "yearAgoRevenue": 19128900000, "growth": 0.143}, "epsTrend": {"current": 0.0, "7daysAgo": 14.55, "30daysAgo": 14.55, "60daysAgo": 14.55, "90daysAgo": 14.55}, "epsRevisions": {"upLast7days": 0, "upLast30days": 0, "downLast30days": 0, "downLast90days": {}}}, {"maxAge": 1, "period": "+1y", "endDate": "2020-03-31", "growth": {}, "earningsEstimate": {"avg": 0.0, "low": 0.0, "high": 0.0, "yearAgoEps": {}, "numberOfAnalysts": 0, "growth": {}}, "revenueEstimate": {"avg": 24971700000, "low": 24265000000, "high": 25516000000, "numberOfAnalysts": 4, "yearAgoRevenue": 21864500000, "growth": 0.142}, "epsTrend": {"current": 0.0, "7daysAgo": 19.42, "30daysAgo": 19.42, "60daysAgo": 19.42, "90daysAgo": 19.42}, "epsRevisions": {"upLast7days": 0, "upLast30days": 0, "downLast30days": 0, "downLast90days": {}}}, {"maxAge": 1, "period": "+5y", "endDate": null, "growth": 0.198, "earningsEstimate": {"avg": {}, "low": {}, "high": {}, "yearAgoEps": {}, "numberOfAnalysts": {}, "growth": {}}, "revenueEstimate": {"avg": {}, "low": {}, "high": {}, "numberOfAnalysts": {}, "yearAgoRevenue": {}, "growth": {}}, "epsTrend": {"current": {}, "7daysAgo": {}, "30daysAgo": {}, "60daysAgo": {}, "90daysAgo": {}}, "epsRevisions": {"upLast7days": {}, "upLast30days": {}, "downLast30days": {}, "downLast90days": {}}}, {"maxAge": 1, "period": "-5y", "endDate": null, "growth": {}, "earningsEstimate": {"avg": {}, "low": {}, "high": {}, "yearAgoEps": {}, "numberOfAnalysts": {}, "growth": {}}, "revenueEstimate": {"avg": {}, "low": {}, "high": {}, "numberOfAnalysts": {}, "yearAgoRevenue": {}, "growth": {}}, "epsTrend": {"current": {}, "7daysAgo": {}, "30daysAgo": {}, "60daysAgo": {}, "90daysAgo": {}}, "epsRevisions": {"upLast7days": {}, "upLast30days": {}, "downLast30days": {}, "downLast90days": {}}}], "maxAge": 1}, "financialData": {"maxAge": 86400, "currentPrice": 300.5, "targetHighPrice": 435.0, "targetLowPrice": 355.0, "targetMeanPrice": 395.0, "targetMedianPrice": 395.0, "recommendationKey": "none", "numberOfAnalystOpinions": 2, "grossProfits": 5849057000, "financialCurrency": "INR"}}}