{"SUCROSA.BO": {"recommendationTrend": {"trend": [{"period": "0m", "strongBuy": 0, "buy": 0, "hold": 0, "sell": 0, "strongSell": 0}, {"period": "-1m", "strongBuy": 0, "buy": 0, "hold": 0, "sell": 0, "strongSell": 0}, {"period": "-2m", "strongBuy": 0, "buy": 0, "hold": 0, "sell": 0, "strongSell": 0}, {"period": "-3m", "strongBuy": 0, "buy": 0, "hold": 0, "sell": 0, "strongSell": 0}], "maxAge": 86400}, "cashflowStatementHistory": {"cashflowStatements": [{"maxAge": 1, "endDate": "2020-03-31", "netIncome": 15009000, "depreciation": 9747000, "changeToNetincome": 15404000, "changeToAccountReceivables": -13962000, "changeToLiabilities": 17640000, "changeToInventory": -20016000, "totalCashFromOperatingActivities": 23822000, "capitalExpenditures": -10279000, "investments": 2285000, "otherCashflowsFromInvestingActivities": 90000, "totalCashflowsFromInvestingActivities": -7700000, "netBorrowings": -7803000, "otherCashflowsFromFinancingActivities": -14766000, "totalCashFromFinancingActivities": -17554000, "changeInCash": -1431000, "issuanceOfStock": 5015000}, {"maxAge": 1, "endDate": "2019-03-31", "netIncome": 54458000, "depreciation": 8381000, "changeToNetincome": 16202000, "changeToAccountReceivables": -30359000, "changeToLiabilities": 48098000, "changeToInventory": -109894000, "totalCashFromOperatingActivities": -13114000, "capitalExpenditures": -13001000, "investments": 2285000, "otherCashflowsFromInvestingActivities": 3122000, "totalCashflowsFromInvestingActivities": -9877000, "dividendsPaid": -3953000, "netBorrowings": 12858000, "otherCashflowsFromFinancingActivities": 4021000, "totalCashFromFinancingActivities": 22446000, "changeInCash": -546000, "issuanceOfStock": 9520000}, {"maxAge": 1, "endDate": "2018-03-31", "netIncome": 49369000, "depreciation": 7564000, "changeToNetincome": 14188000, "changeToAccountReceivables": -88780000, "changeToLiabilities": 17445000, "changeToInventory": -4874000, "totalCashFromOperatingActivities": -5088000, "capitalExpenditures": -17101000, "investments": -10000, "otherCashflowsFromInvestingActivities": 6000, "totalCashflowsFromInvestingActivities": -16557000, "dividendsPaid": -5284000, "netBorrowings": 34368000, "otherCashflowsFromFinancingActivities": -28094000, "totalCashFromFinancingActivities": 21990000, "changeInCash": 345000, "issuanceOfStock": 21000000}, {"maxAge": 1, "endDate": "2017-03-31", "netIncome": 27657000, "depreciation": 6099000, "changeToNetincome": 10721000, "changeToAccountReceivables": -45508000, "changeToLiabilities": -13008000, "changeToInventory": -68255000, "totalCashFromOperatingActivities": -81907000, "capitalExpenditures": -20513000, "investments": -1848000, "otherCashflowsFromInvestingActivities": 2945000, "totalCashflowsFromInvestingActivities": -19246000, "dividendsPaid": -3878000, "netBorrowings": 26999000, "otherCashflowsFromFinancingActivities": 2109000, "totalCashFromFinancingActivities": 101180000, "changeInCash": 27000, "issuanceOfStock": 75950000}], "maxAge": 86400}, "institutionOwnership": {"maxAge": 1, "ownershipList": []}, "balanceSheetHistoryQuarterly": {"balanceSheetStatements": [{"maxAge": 1, "endDate": "2020-06-30", "totalStockholderEquity": 366643000, "netTangibleAssets": 366643000}, {"maxAge": 1, "endDate": "2020-03-31", "cash": 1735000, "netReceivables": 340417000, "inventory": 287897000, "otherCurrentAssets": 7889000, "totalCurrentAssets": 638726000, "longTermInvestments": 120000, "propertyPlantEquipment": 67289000, "otherAssets": 1323000, "deferredLongTermAssetCharges": 1137000, "totalAssets": 707458000, "accountsPayable": 151755000, "shortLongTermDebt": 1699000, "otherCurrentLiab": 39422185, "longTermDebt": 3023000, "otherLiab": 5215000, "totalCurrentLiabilities": 330506000, "totalLiab": 340815000, "commonStock": 80429000, "retainedEarnings": 154895000, "treasuryStock": 160000, "capitalSurplus": 131159000, "otherStockholderEquity": 160000, "totalStockholderEquity": 366643000, "netTangibleAssets": 366643000}, {"maxAge": 1, "endDate": "2019-12-31", "totalStockholderEquity": 369079000, "netTangibleAssets": 369079000}, {"maxAge": 1, "endDate": "2019-09-30", "cash": 2848000, "shortTermInvestments": 1502000, "netReceivables": 356255000, "inventory": 284933000, "otherCurrentAssets": 16569000, "totalCurrentAssets": 662107000, "longTermInvestments": 2456000, "propertyPlantEquipment": 70684000, "otherAssets": 573000, "deferredLongTermAssetCharges": 385000, "totalAssets": 735820000, "accountsPayable": 168559000, "otherCurrentLiab": 52521000, "longTermDebt": 8105000, "otherLiab": 4254000, "totalCurrentLiabilities": 354382000, "totalLiab": 366741000, "commonStock": 79049000, "treasuryStock": 290030000, "otherStockholderEquity": 290030000, "totalStockholderEquity": 369079000, "netTangibleAssets": 369079000}], "maxAge": 86400}, "earningsHistory": {"history": [{"maxAge": 1, "epsActual": {}, "epsEstimate": {}, "epsDifference": {}, "surprisePercent": {}, "quarter": {}, "period": "-4q"}, {"maxAge": 1, "epsActual": {}, "epsEstimate": {}, "epsDifference": {}, "surprisePercent": {}, "quarter": {}, "period": "-3q"}, {"maxAge": 1, "epsActual": {}, "epsEstimate": {}, "epsDifference": {}, "surprisePercent": {}, "quarter": {}, "period": "-2q"}, {"maxAge": 1, "epsActual": 0.17, "epsEstimate": 0.38, "epsDifference": -0.21, "surprisePercent": -0.553, "quarter": "2018-06-30", "period": "-1q"}], "maxAge": 86400}, "indexTrend": {"maxAge": 1, "symbol": "SP5", "peRatio": 19.7411, "pegRatio": 1.34172, "estimates": [{"period": "0q", "growth": 0.549}, {"period": "+1q", "growth": 0.431}, {"period": "0y", "growth": 0.305}, {"period": "+1y", "growth": 0.109}, {"period": "+5y", "growth": 0.120859005}, {"period": "-5y"}]}, "industryTrend": {"maxAge": 1, "symbol": null, "estimates": []}, "insiderTransactions": {"transactions": [{"maxAge": 1, "shares": 300000, "filerUrl": "", "transactionText": "", "filerName": "Patel (Ambalal Baldevdas)", "filerRelation": "Director (Executive)", "moneyText": "", "startDate": "2017-08-21", "ownership": "D"}, {"maxAge": 1, "shares": 250000, "filerUrl": "", "transactionText": "", "filerName": "Patel (Satish I)", "filerRelation": "Promoter", "moneyText": "", "startDate": "2016-02-08", "ownership": "D"}], "maxAge": 1}, "quoteType": {"exchange": "BSE", "quoteType": "EQUITY", "symbol": "SUCROSA.BO", "underlyingSymbol": "SUCROSA.BO", "shortName": "SUPER CROP SAFE LTD.", "longName": "Super Crop Safe Limited", "firstTradeDateEpochUtc": "2000-01-03 09:15:00", "timeZoneFullName": "Asia/Kolkata", "timeZoneShortName": "IST", "uuid": "2cc042e8-faaa-34e6-926e-bda49ebe70bc", "messageBoardId": null, "gmtOffSetMilliseconds": 19800000, "maxAge": 1}, "incomeStatementHistory": {"incomeStatementHistory": [{"maxAge": 1, "endDate": "2020-03-31", "totalRevenue": 524527000, "costOfRevenue": 408589000, "grossProfit": 115938000, "researchDevelopment": {}, "sellingGeneralAdministrative": 32511000, "nonRecurring": {}, "otherOperatingExpenses": 44388000, "totalOperatingExpenses": 495235000, "operatingIncome": 29292000, "totalOtherIncomeExpenseNet": -14762000, "ebit": 29292000, "interestExpense": -13123000, "incomeBeforeTax": 14530000, "incomeTaxExpense": -479000, "minorityInterest": {}, "netIncomeFromContinuingOps": 15009000, "discontinuedOperations": {}, "extraordinaryItems": {}, "effectOfAccountingCharges": {}, "otherItems": {}, "netIncome": 15009000, "netIncomeApplicableToCommonShares": 15009000}, {"maxAge": 1, "endDate": "2019-03-31", "totalRevenue": 644199000, "costOfRevenue": 479508000, "grossProfit": 164691000, "researchDevelopment": {}, "sellingGeneralAdministrative": 28216000, "nonRecurring": {}, "otherOperatingExpenses": 53629000, "totalOperatingExpenses": 569734000, "operatingIncome": 74465000, "totalOtherIncomeExpenseNet": -10581000, "ebit": 74465000, "interestExpense": -12336000, "incomeBeforeTax": 63884000, "incomeTaxExpense": 9426000, "minorityInterest": {}, "netIncomeFromContinuingOps": 54458000, "discontinuedOperations": {}, "extraordinaryItems": {}, "effectOfAccountingCharges": {}, "otherItems": {}, "netIncome": 54458000, "netIncomeApplicableToCommonShares": 54458000}, {"maxAge": 1, "endDate": "2018-03-31", "totalRevenue": 682948000, "costOfRevenue": 530155000, "grossProfit": 152793000, "researchDevelopment": {}, "sellingGeneralAdministrative": 27676000, "nonRecurring": {}, "otherOperatingExpenses": 49301000, "totalOperatingExpenses": 614696000, "operatingIncome": 68252000, "totalOtherIncomeExpenseNet": -12262000, "ebit": 68252000, "interestExpense": -11081000, "incomeBeforeTax": 55990000, "incomeTaxExpense": 6621000, "minorityInterest": {}, "netIncomeFromContinuingOps": 49369000, "discontinuedOperations": {}, "extraordinaryItems": {}, "effectOfAccountingCharges": {}, "otherItems": {}, "netIncome": 49369000, "netIncomeApplicableToCommonShares": 49369000}, {"maxAge": 1, "endDate": "2017-03-31", "totalRevenue": 749821000, "costOfRevenue": 615482000, "grossProfit": 134339000, "researchDevelopment": {}, "sellingGeneralAdministrative": 18873000, "nonRecurring": {}, "otherOperatingExpenses": 69103000, "totalOperatingExpenses": 709557000, "operatingIncome": 40264000, "totalOtherIncomeExpenseNet": -9340000, "ebit": 40264000, "interestExpense": -11173000, "incomeBeforeTax": 30924000, "incomeTaxExpense": 3267000, "minorityInterest": {}, "netIncomeFromContinuingOps": 27657000, "discontinuedOperations": {}, "extraordinaryItems": {}, "effectOfAccountingCharges": {}, "otherItems": {}, "netIncome": 27657000, "netIncomeApplicableToCommonShares": 27657000}], "maxAge": 86400}, "fundOwnership": {"maxAge": 1, "ownershipList": []}, "summaryDetail": {"maxAge": 1, "priceHint": 2, "previousClose": 8.04, "open": 7.75, "dayLow": 7.65, "dayHigh": 8.05, "regularMarketPreviousClose": 8.04, "regularMarketOpen": 7.75, "regularMarketDayLow": 7.65, "regularMarketDayHigh": 8.05, "forwardPE": 4.630953, "volume": 38422, "regularMarketVolume": 38422, "averageVolume": 110230, "averageVolume10days": 25792, "averageDailyVolume10Day": 25792, "bid": 7.73, "ask": 7.97, "bidSize": 0, "askSize": 0, "marketCap": 312868832, "fiftyTwoWeekLow": 6.51, "fiftyTwoWeekHigh": 15.8, "fiftyDayAverage": 9.454572, "twoHundredDayAverage": 8.40635, "trailingAnnualDividendRate": 0.5, "trailingAnnualDividendYield": 0.062189054, "currency": "INR", "fromCurrency": null, "toCurrency": null, "lastMarket": null, "algorithm": null, "tradeable": false}, "sectorTrend": {"maxAge": 1, "symbol": null, "estimates": []}, "incomeStatementHistoryQuarterly": {"incomeStatementHistory": [{"maxAge": 1, "endDate": "2020-06-30", "totalRevenue": 91797000, "costOfRevenue": 76141000, "grossProfit": 15656000, "researchDevelopment": {}, "sellingGeneralAdministrative": 6952000, "nonRecurring": {}, "otherOperatingExpenses": 8767000, "totalOperatingExpenses": 94123000, "operatingIncome": -2326000, "totalOtherIncomeExpenseNet": -1807000, "ebit": -2326000, "interestExpense": -1807000, "incomeBeforeTax": -4133000, "incomeTaxExpense": -311000, "minorityInterest": {}, "netIncomeFromContinuingOps": -3822000, "discontinuedOperations": {}, "extraordinaryItems": {}, "effectOfAccountingCharges": {}, "otherItems": {}, "netIncome": -3822000, "netIncomeApplicableToCommonShares": -3822000}, {"maxAge": 1, "endDate": "2020-03-31", "totalRevenue": 69433000, "costOfRevenue": 56697000, "grossProfit": 12736000, "researchDevelopment": {}, "sellingGeneralAdministrative": 8889000, "nonRecurring": {}, "otherOperatingExpenses": 13671000, "totalOperatingExpenses": 81834000, "operatingIncome": -12401000, "totalOtherIncomeExpenseNet": -4325000, "ebit": -12401000, "interestExpense": -2274000, "incomeBeforeTax": -16726000, "incomeTaxExpense": -1867000, "minorityInterest": {}, "netIncomeFromContinuingOps": -14859000, "discontinuedOperations": {}, "extraordinaryItems": {}, "effectOfAccountingCharges": {}, "otherItems": {}, "netIncome": -14859000, "netIncomeApplicableToCommonShares": -14859000}, {"maxAge": 1, "endDate": "2019-12-31", "totalRevenue": 98021000, "costOfRevenue": 64949000, "grossProfit": 33072000, "researchDevelopment": {}, "sellingGeneralAdministrative": 7315000, "nonRecurring": {}, "otherOperatingExpenses": 11852000, "totalOperatingExpenses": 86636000, "operatingIncome": 11385000, "totalOtherIncomeExpenseNet": -3482000, "ebit": 11385000, "interestExpense": -3836000, "incomeBeforeTax": 7903000, "incomeTaxExpense": 125000, "minorityInterest": {}, "netIncomeFromContinuingOps": 7778000, "discontinuedOperations": {}, "extraordinaryItems": {}, "effectOfAccountingCharges": {}, "otherItems": {}, "netIncome": 7778000, "netIncomeApplicableToCommonShares": 7778000}, {"maxAge": 1, "endDate": "2019-09-30", "totalRevenue": 215341000, "costOfRevenue": 177990000, "grossProfit": 37351000, "researchDevelopment": {}, "sellingGeneralAdministrative": 8396000, "nonRecurring": {}, "otherOperatingExpenses": 12058000, "totalOperatingExpenses": 200414000, "operatingIncome": 14927000, "totalOtherIncomeExpenseNet": -3522000, "ebit": 14927000, "interestExpense": -3552000, "incomeBeforeTax": 11405000, "incomeTaxExpense": 626000, "minorityInterest": {}, "netIncomeFromContinuingOps": 10779000, "discontinuedOperations": {}, "extraordinaryItems": {}, "effectOfAccountingCharges": {}, "otherItems": {}, "netIncome": 10779000, "netIncomeApplicableToCommonShares": 10779000}], "maxAge": 86400}, "cashflowStatementHistoryQuarterly": {"cashflowStatements": [{"maxAge": 1, "endDate": "2020-06-30", "netIncome": -3822000, "changeToLiabilities": 0}, {"maxAge": 1, "endDate": "2020-03-31", "netIncome": -14859000, "changeToLiabilities": 0}, {"maxAge": 1, "endDate": "2019-12-31", "netIncome": 7778000, "changeToLiabilities": 0}, {"maxAge": 1, "endDate": "2019-09-30", "netIncome": 10779000, "changeToLiabilities": 0}], "maxAge": 86400}, "insiderHolders": {"holders": [{"maxAge": 1, "name": "Patel (Ambalal Baldevdas)", "relation": "Director (Executive)", "url": "", "transactionDescription": "Other", "latestTransDate": "2017-08-21", "positionDirect": 704900, "positionDirectDate": "2017-08-21"}, {"maxAge": 1, "name": "Patel (Satish I)", "relation": "Promoter", "url": "", "transactionDescription": "Other", "latestTransDate": "2016-02-08", "positionDirect": 496000, "positionDirectDate": "2016-02-08"}], "maxAge": 1}, "earnings": {"maxAge": 86400, "earningsChart": {"quarterly": [{"date": "2Q2018", "actual": 0.17, "estimate": 0.38}], "currentQuarterEstimateDate": "3Q", "currentQuarterEstimateYear": 2018, "earningsDate": ["2020-11-14 05:30:S", "2020-11-15 05:30:S"]}, "financialsChart": {"yearly": [{"date": 2017, "revenue": 749821000, "earnings": 27657000}, {"date": 2018, "revenue": 682948000, "earnings": 49369000}, {"date": 2019, "revenue": 644199000, "earnings": 54458000}, {"date": 2020, "revenue": 524527000, "earnings": 15009000}], "quarterly": [{"date": "3Q2019", "revenue": 215341000, "earnings": 10779000}, {"date": "4Q2019", "revenue": 98021000, "earnings": 7778000}, {"date": "1Q2020", "revenue": 69433000, "earnings": -14859000}, {"date": "2Q2020", "revenue": 91797000, "earnings": -3822000}]}, "financialCurrency": "INR"}, "calendarEvents": {"maxAge": 1, "earnings": {"earningsDate": ["2020-11-14 05:30:S", "2020-11-15 05:30:S"]}}, "price": {"maxAge": 1, "regularMarketChangePercent": -0.032338277, "regularMarketChange": -0.25999975, "regularMarketTime": "2021-04-30 15:29:35", "priceHint": 2, "regularMarketPrice": 7.78, "regularMarketDayHigh": 8.05, "regularMarketDayLow": 7.65, "regularMarketVolume": 38422, "averageDailyVolume10Day": 25792, "averageDailyVolume3Month": 110230, "regularMarketPreviousClose": 8.04, "regularMarketSource": "FREE_REALTIME", "regularMarketOpen": 7.75, "exchange": "BSE", "exchangeName": "BSE", "exchangeDataDelayedBy": 0, "marketState": "CLOSED", "quoteType": "EQUITY", "symbol": "SUCROSA.BO", "underlyingSymbol": null, "shortName": "SUPER CROP SAFE LTD.", "longName": "Super Crop Safe Limited", "currency": "INR", "quoteSourceName": "Delayed Quote", "currencySymbol": "\u20b9", "fromCurrency": null, "toCurrency": null, "lastMarket": null, "marketCap": 312868832}, "balanceSheetHistory": {"balanceSheetStatements": [{"maxAge": 1, "endDate": "2020-03-31", "cash": 1735000, "netReceivables": 340417000, "inventory": 287897000, "otherCurrentAssets": 7889000, "totalCurrentAssets": 638726000, "longTermInvestments": 120000, "propertyPlantEquipment": 67289000, "otherAssets": 1323000, "deferredLongTermAssetCharges": 1137000, "totalAssets": 707458000, "accountsPayable": 151755000, "shortLongTermDebt": 1699000, "otherCurrentLiab": 39422185, "longTermDebt": 3023000, "otherLiab": 5215000, "totalCurrentLiabilities": 330506000, "totalLiab": 340815000, "commonStock": 80429000, "retainedEarnings": 154895000, "treasuryStock": 160000, "capitalSurplus": 131159000, "otherStockholderEquity": 160000, "totalStockholderEquity": 366643000, "netTangibleAssets": 366643000}, {"maxAge": 1, "endDate": "2019-03-31", "cash": 3166000, "netReceivables": 319708000, "inventory": 267881000, "otherCurrentAssets": 16585000, "totalCurrentAssets": 607752000, "longTermInvestments": 2405000, "propertyPlantEquipment": 67048000, "otherAssets": 741000, "deferredLongTermAssetCharges": 555000, "totalAssets": 677946000, "accountsPayable": 138288000, "shortLongTermDebt": 2453000, "otherCurrentLiab": 39225185, "longTermDebt": 1234000, "otherLiab": 3983000, "totalCurrentLiabilities": 325762000, "totalLiab": 330979000, "commonStock": 79049000, "retainedEarnings": 139886000, "treasuryStock": 18952000, "capitalSurplus": 109080000, "otherStockholderEquity": 18952000, "totalStockholderEquity": 346967000, "netTangibleAssets": 346967000}, {"maxAge": 1, "endDate": "2018-03-31", "cash": 3712000, "netReceivables": 294168000, "inventory": 157987000, "otherCurrentAssets": 12516000, "totalCurrentAssets": 468856000, "longTermInvestments": 2257000, "propertyPlantEquipment": 62436000, "otherAssets": 1560000, "deferredLongTermAssetCharges": 1373000, "totalAssets": 535109000, "accountsPayable": 101709000, "shortLongTermDebt": 782000, "otherCurrentLiab": 23917000, "longTermDebt": 2373000, "otherLiab": 3499000, "totalCurrentLiabilities": 260321000, "totalLiab": 266193000, "commonStock": 78489000, "retainedEarnings": 90193000, "treasuryStock": 115000, "capitalSurplus": 100119000, "otherStockholderEquity": 115000, "totalStockholderEquity": 268916000, "netTangibleAssets": 268916000}, {"maxAge": 1, "endDate": "2017-03-31", "cash": 3366000, "netReceivables": 207212000, "inventory": 153112000, "otherCurrentAssets": 11621000, "totalCurrentAssets": 375311000, "longTermInvestments": 2110000, "propertyPlantEquipment": 53831000, "otherAssets": 1495000, "deferredLongTermAssetCharges": 1307000, "totalAssets": 432747000, "accountsPayable": 97654000, "shortLongTermDebt": 348000, "otherCurrentLiab": 14851000, "longTermDebt": 762000, "otherLiab": 3183000, "totalCurrentLiabilities": 208188000, "totalLiab": 212133000, "commonStock": 75489000, "retainedEarnings": 47184000, "treasuryStock": 15821000, "capitalSurplus": 82120000, "otherStockholderEquity": 15821000, "totalStockholderEquity": 220614000, "netTangibleAssets": 220614000}], "maxAge": 86400}, "earningsTrend": {"trend": [{"maxAge": 1, "period": "0q", "endDate": "2018-09-30", "growth": {}, "earningsEstimate": {"avg": 0.0, "low": 0.0, "high": 0.0, "yearAgoEps": {}, "numberOfAnalysts": 0, "growth": {}}, "revenueEstimate": {"avg": 0, "low": 0, "high": 0, "numberOfAnalysts": 0, "yearAgoRevenue": {}, "growth": {}}, "epsTrend": {"current": 0.0, "7daysAgo": 0.0, "30daysAgo": 0.0, "60daysAgo": 0.0, "90daysAgo": 0.0}, "epsRevisions": {"upLast7days": 0, "upLast30days": 0, "downLast30days": 0, "downLast90days": {}}}, {"maxAge": 1, "period": "+1q", "endDate": "2018-12-31", "growth": {}, "earningsEstimate": {"avg": 0.0, "low": 0.0, "high": 0.0, "yearAgoEps": {}, "numberOfAnalysts": 0, "growth": {}}, "revenueEstimate": {"avg": 0, "low": 0, "high": 0, "numberOfAnalysts": 0, "yearAgoRevenue": {}, "growth": {}}, "epsTrend": {"current": 0.0, "7daysAgo": 0.0, "30daysAgo": 0.0, "60daysAgo": 0.0, "90daysAgo": 0.0}, "epsRevisions": {"upLast7days": 0, "upLast30days": 0, "downLast30days": 0, "downLast90days": {}}}, {"maxAge": 1, "period": "0y", "endDate": "2019-03-31", "growth": {}, "earningsEstimate": {"avg": 0.0, "low": 0.0, "high": 0.0, "yearAgoEps": {}, "numberOfAnalysts": 0, "growth": {}}, "revenueEstimate": {"avg": 814660000, "low": 814660000, "high": 814660000, "numberOfAnalysts": 1, "yearAgoRevenue": 701082000, "growth": 0.162}, "epsTrend": {"current": 0.0, "7daysAgo": 1.48, "30daysAgo": 1.48, "60daysAgo": 1.48, "90daysAgo": 1.48}, "epsRevisions": {"upLast7days": 0, "upLast30days": 0, "downLast30days": 0, "downLast90days": {}}}, {"maxAge": 1, "period": "+1y", "endDate": "2020-03-31", "growth": {}, "earningsEstimate": {"avg": 0.0, "low": 0.0, "high": 0.0, "yearAgoEps": {}, "numberOfAnalysts": 0, "growth": {}}, "revenueEstimate": {"avg": 927080000, "low": 927080000, "high": 927080000, "numberOfAnalysts": 1, "yearAgoRevenue": 814660000, "growth": 0.138}, "epsTrend": {"current": 0.0, "7daysAgo": 1.68, "30daysAgo": 1.68, "60daysAgo": 1.68, "90daysAgo": 1.68}, "epsRevisions": {"upLast7days": 0, "upLast30days": 0, "downLast30days": 0, "downLast90days": {}}}, {"maxAge": 1, "period": "+5y", "endDate": null, "growth": {}, "earningsEstimate": {"avg": {}, "low": {}, "high": {}, "yearAgoEps": {}, "numberOfAnalysts": {}, "growth": {}}, "revenueEstimate": {"avg": {}, "low": {}, "high": {}, "numberOfAnalysts": {}, "yearAgoRevenue": {}, "growth": {}}, "epsTrend": {"current": {}, "7daysAgo": {}, "30daysAgo": {}, "60daysAgo": {}, "90daysAgo": {}}, "epsRevisions": {"upLast7days": {}, "upLast30days": {}, "downLast30days": {}, "downLast90days": {}}}, {"maxAge": 1, "period": "-5y", "endDate": null, "growth": {}, "earningsEstimate": {"avg": {}, "low": {}, "high": {}, "yearAgoEps": {}, "numberOfAnalysts": {}, "growth": {}}, "revenueEstimate": {"avg": {}, "low": {}, "high": {}, "numberOfAnalysts": {}, "yearAgoRevenue": {}, "growth": {}}, "epsTrend": {"current": {}, "7daysAgo": {}, "30daysAgo": {}, "60daysAgo": {}, "90daysAgo": {}}, "epsRevisions": {"upLast7days": {}, "upLast30days": {}, "downLast30days": {}, "downLast90days": {}}}], "maxAge": 1}, "financialData": {"maxAge": 86400, "currentPrice": 7.78, "recommendationKey": "none", "grossProfits": 115938000, "financialCurrency": "INR"}}}