{"SUDARSCHEM.NS": {"assetProfile": {"address1": "162 Wellesley Road", "city": "Pune", "zip": "411001", "country": "India", "phone": "91 20 2622 6200", "fax": "91 20 2605 8222", "website": "http://www.sudarshan.com", "industry": "Specialty Chemicals", "sector": "Basic Materials", "longBusinessSummary": "Sudarshan Chemical Industries Limited, together with its subsidiaries, manufactures and sells organic and inorganic pigments, and effect pigments in India and internationally. The company offers its pigment products under the Sudaperm, Sudafast, Sudacolor, Sudadur, Sudafine, Sudatex, Sumica, Sumica NXR, Sumicos, and Prestige brands that are used in paints, plastics, inks, cosmetics, textile, and other applications. It also manufactures pollution control equipment, size reduction equipment, and grinding equipment for industrial applications. Sudarshan Chemical Industries Limited was founded in 1951 and is headquartered in Pune, India.", "fullTimeEmployees": 1096, "companyOfficers": [{"maxAge": 1, "name": "Mr. Rajesh Balakrishna Rathi", "age": 51, "title": "MD, BR Head & Exec. Director", "yearBorn": 1969, "fiscalYear": 2020, "totalPay": 30656059, "exercisedValue": 0, "unexercisedValue": 0}, {"maxAge": 1, "name": "Mr. Mandar M. Velankar", "title": "Deputy GM of Legal, Company Sec. & Compliance Officer", "fiscalYear": 2020, "totalPay": 4293624, "exercisedValue": 0, "unexercisedValue": 0}, {"maxAge": 1, "name": "Mr. Ashish V. Vij B.E.", "age": 50, "title": "Whole Time Director", "yearBorn": 1970, "fiscalYear": 2020, "totalPay": 14709239, "exercisedValue": 0, "unexercisedValue": 0}, {"maxAge": 1, "name": "Mr. Vivek V. Thakur", "title": "Gen. Mang. -Fin.", "fiscalYear": 2020, "totalPay": 4706414, "exercisedValue": 0, "unexercisedValue": 0}, {"maxAge": 1, "name": "Mr. Nilkanth J. Natu", "title": "Chief Financial Officer", "exercisedValue": 0, "unexercisedValue": 0}, {"maxAge": 1, "name": "Mr. Mukul  Gupta", "age": 54, "title": "Gen. Mang. of Technical", "yearBorn": 1966, "exercisedValue": 0, "unexercisedValue": 0}, {"maxAge": 1, "name": "Mr. Hans-Juergen  Runde", "title": "Head of Sales and Operations - Sudarshan Europe B V", "exercisedValue": 0, "unexercisedValue": 0}, {"maxAge": 1, "name": "Mr. Amey  Athalye", "title": "Deputy Gen. Mang. of Bus. Analytics", "exercisedValue": 0, "unexercisedValue": 0}], "compensationAsOfEpochDate": "2020-12-31 05:30:00", "maxAge": 86400}, "recommendationTrend": {"trend": [{"period": "0m", "strongBuy": 0, "buy": 0, "hold": 0, "sell": 0, "strongSell": 0}, {"period": "-1m", "strongBuy": 0, "buy": 0, "hold": 0, "sell": 0, "strongSell": 0}, {"period": "-2m", "strongBuy": 0, "buy": 0, "hold": 0, "sell": 0, "strongSell": 0}, {"period": "-3m", "strongBuy": 0, "buy": 0, "hold": 0, "sell": 0, "strongSell": 0}], "maxAge": 86400}, "cashflowStatementHistory": {"cashflowStatements": [{"maxAge": 1, "endDate": "2020-03-31", "netIncome": 1445330000, "depreciation": 727440000, "changeToNetincome": -62590000, "changeToAccountReceivables": 196160000, "changeToLiabilities": 1017770000, "changeToInventory": -833900000, "changeToOperatingActivities": 128170000, "totalCashFromOperatingActivities": 2626020000, "capitalExpenditures": -2553610000, "investments": -8780000, "otherCashflowsFromInvestingActivities": 27230000, "totalCashflowsFromInvestingActivities": -2198120000, "dividendsPaid": -794300000, "netBorrowings": 750510000, "otherCashflowsFromFinancingActivities": -142260000, "totalCashFromFinancingActivities": -393730000, "changeInCash": 34170000}, {"maxAge": 1, "endDate": "2019-03-31", "netIncome": 1350990000, "depreciation": 639460000, "changeToNetincome": -266430000, "changeToAccountReceivables": -523930000, "changeToLiabilities": 66610000, "changeToInventory": -567780000, "changeToOperatingActivities": -4980000, "totalCashFromOperatingActivities": 710220000, "capitalExpenditures": -1023040000, "investments": 5140000, "otherCashflowsFromInvestingActivities": 35650000, "totalCashflowsFromInvestingActivities": -265380000, "dividendsPaid": -82450000, "netBorrowings": -273690000, "otherCashflowsFromFinancingActivities": -120220000, "totalCashFromFinancingActivities": -476360000, "changeInCash": -31520000}, {"maxAge": 1, "endDate": "2018-03-31", "netIncome": 847250000, "depreciation": 577400000, "changeToNetincome": 771820000, "changeToAccountReceivables": -334250000, "changeToLiabilities": 352290000, "changeToInventory": -536080000, "changeToOperatingActivities": -202880000, "totalCashFromOperatingActivities": 1475550000, "capitalExpenditures": -872690000, "investments": 5140000, "otherCashflowsFromInvestingActivities": -4170000, "totalCashflowsFromInvestingActivities": -873220000, "dividendsPaid": -287670000, "netBorrowings": 50840000, "otherCashflowsFromFinancingActivities": -387910000, "totalCashFromFinancingActivities": -624740000, "changeInCash": -22410000}, {"maxAge": 1, "endDate": "2017-03-31", "netIncome": 1013550000, "depreciation": 489810000, "changeToNetincome": 277520000, "changeToAccountReceivables": -7570000, "changeToLiabilities": 234990000, "changeToInventory": -58060000, "changeToOperatingActivities": -317200000, "totalCashFromOperatingActivities": 1633040000, "capitalExpenditures": -1356420000, "investments": 5140000, "otherCashflowsFromInvestingActivities": -9710000, "totalCashflowsFromInvestingActivities": -1351820000, "dividendsPaid": -248070000, "netBorrowings": 189820000, "otherCashflowsFromFinancingActivities": -324930000, "totalCashFromFinancingActivities": -383180000, "changeInCash": -101960000}], "maxAge": 86400}, "indexTrend": {"maxAge": 1, "symbol": "SP5", "peRatio": 19.7411, "pegRatio": 1.34172, "estimates": [{"period": "0q", "growth": 0.549}, {"period": "+1q", "growth": 0.431}, {"period": "0y", "growth": 0.305}, {"period": "+1y", "growth": 0.109}, {"period": "+5y", "growth": 0.120865}, {"period": "-5y"}]}, "defaultKeyStatistics": {"maxAge": 1, "priceHint": 2, "enterpriseValue": 48776413184, "forwardPE": 37.12429, "profitMargins": 0.06622, "floatShares": 28329819, "sharesOutstanding": 69227200, "heldPercentInsiders": 0.62146, "heldPercentInstitutions": 0.15319, "beta": 0.986751, "category": null, "bookValue": 93.99, "priceToBook": 6.991169, "fundFamily": null, "legalType": null, "lastFiscalYearEnd": "2020-03-31 05:30:00", "nextFiscalYearEnd": "2022-03-31 05:30:00", "mostRecentQuarter": "2020-12-31 05:30:00", "earningsQuarterlyGrowth": 0.383, "netIncomeToCommon": 1149959936, "trailingEps": 16.669, "forwardEps": 17.7, "lastSplitFactor": "2:1", "lastSplitDate": "2014-09-30 05:30:00", "enterpriseToRevenue": 2.809, "enterpriseToEbitda": 19.878}, "industryTrend": {"maxAge": 1, "symbol": null, "estimates": []}, "quoteType": {"exchange": "NSI", "quoteType": "EQUITY", "symbol": "SUDARSCHEM.NS", "underlyingSymbol": "SUDARSCHEM.NS", "shortName": "SUDARSHAN CHEMICAL", "longName": "Sudarshan Chemical Industries Limited", "firstTradeDateEpochUtc": "2005-03-03 09:15:00", "timeZoneFullName": "Asia/Kolkata", "timeZoneShortName": "IST", "uuid": "e3366d9a-0136-3335-af05-5c3448a5d4b8", "gmtOffSetMilliseconds": 19800000, "maxAge": 1}, "incomeStatementHistory": {"incomeStatementHistory": [{"maxAge": 1, "endDate": "2020-03-31", "totalRevenue": 17081920000, "costOfRevenue": 10005130000, "grossProfit": 7076790000, "researchDevelopment": {}, "sellingGeneralAdministrative": 1541090000, "nonRecurring": {}, "otherOperatingExpenses": 3035480000, "totalOperatingExpenses": 15339740000, "operatingIncome": 1742180000, "totalOtherIncomeExpenseNet": 62070000, "ebit": 1742180000, "interestExpense": -128230000, "incomeBeforeTax": 1804250000, "incomeTaxExpense": 353470000, "minorityInterest": {}, "netIncomeFromContinuingOps": 1450780000, "discontinuedOperations": -5450000, "extraordinaryItems": {}, "effectOfAccountingCharges": {}, "otherItems": {}, "netIncome": 1445330000, "netIncomeApplicableToCommonShares": 1445330000}, {"maxAge": 1, "endDate": "2019-03-31", "totalRevenue": 15930480000, "costOfRevenue": 9655120000, "grossProfit": 6275360000, "researchDevelopment": {}, "sellingGeneralAdministrative": 1339590000, "nonRecurring": {}, "otherOperatingExpenses": 2873350000, "totalOperatingExpenses": 14537120000, "operatingIncome": 1393360000, "totalOtherIncomeExpenseNet": 613990000, "ebit": 1393360000, "interestExpense": -161190000, "incomeBeforeTax": 2007350000, "incomeTaxExpense": 679850000, "minorityInterest": {}, "netIncomeFromContinuingOps": 1327500000, "discontinuedOperations": 23490000, "extraordinaryItems": {}, "effectOfAccountingCharges": {}, "otherItems": {}, "netIncome": 1350990000, "netIncomeApplicableToCommonShares": 1350990000}, {"maxAge": 1, "endDate": "2018-03-31", "totalRevenue": 13294120000, "costOfRevenue": 7862800000, "grossProfit": 5431320000, "researchDevelopment": {}, "sellingGeneralAdministrative": 990050000, "nonRecurring": {}, "otherOperatingExpenses": 2546680000, "totalOperatingExpenses": 11978550000, "operatingIncome": 1315570000, "totalOtherIncomeExpenseNet": -162780000, "ebit": 1315570000, "interestExpense": -229870000, "incomeBeforeTax": 1152790000, "incomeTaxExpense": 383640000, "minorityInterest": {}, "netIncomeFromContinuingOps": 769150000, "discontinuedOperations": 78100000, "extraordinaryItems": {}, "effectOfAccountingCharges": {}, "otherItems": {}, "netIncome": 847250000, "netIncomeApplicableToCommonShares": 847250000}, {"maxAge": 1, "endDate": "2017-03-31", "totalRevenue": 12816090000, "costOfRevenue": 7303630000, "grossProfit": 5512460000, "researchDevelopment": {}, "sellingGeneralAdministrative": 1045890000, "nonRecurring": {}, "otherOperatingExpenses": 2523760000, "totalOperatingExpenses": 11439740000, "operatingIncome": 1376350000, "totalOtherIncomeExpenseNet": -115170000, "ebit": 1376350000, "interestExpense": -251750000, "incomeBeforeTax": 1261180000, "incomeTaxExpense": 343530000, "minorityInterest": {}, "netIncomeFromContinuingOps": 917650000, "discontinuedOperations": 95900000, "extraordinaryItems": {}, "effectOfAccountingCharges": {}, "otherItems": {}, "netIncome": 1013550000, "netIncomeApplicableToCommonShares": 1013550000}], "maxAge": 86400}, "fundOwnership": {"ownershipList": [{"maxAge": 1, "reportDate": "2021-01-31", "organization": "DFA Emerging Markets Core Equity Portfolio", "pctHeld": 0.0026, "position": 176532, "value": 89404631}, {"maxAge": 1, "reportDate": "2021-02-28", "organization": "WisdomTree Tr-WisdomTree Emerging Markets Small Cap Dividend Fund", "pctHeld": 0.0016, "position": 108465, "value": 56776004}, {"maxAge": 1, "reportDate": "2021-01-31", "organization": "DFA Emerging Markets Small Cap Series", "pctHeld": 0.0013, "position": 92891, "value": 47044646}, {"maxAge": 1, "reportDate": "2021-03-31", "organization": "SPDR Portfolio Emerging Markets ETF", "pctHeld": 0.00059999997, "position": 42989, "value": 22274750}, {"maxAge": 1, "reportDate": "2021-02-28", "organization": "WisdomTree Tr-WisdomTree India Earnings Fd", "pctHeld": 0.0004, "position": 29827, "value": 15612943}, {"maxAge": 1, "reportDate": "2021-03-31", "organization": "SPDR (R) Idx Shares-SPDR (R) Emerging Markets Small Cap ETF", "pctHeld": 0.0002, "position": 13479, "value": 6984143}, {"maxAge": 1, "reportDate": "2021-01-31", "organization": "DFA Investment Dimensions-World Ex U.S. Core Equity Port", "pctHeld": 0.0002, "position": 11301, "value": 5723391}, {"maxAge": 1, "reportDate": "2021-01-31", "organization": "DFA Investment Dimensions-Emerging Markets Social Core Equity", "pctHeld": 0.0002, "position": 10535, "value": 5335450}, {"maxAge": 1, "reportDate": "2021-01-31", "organization": "DFA T.A. World Ex U.S. Core Equity Portfolio", "pctHeld": 0.0001, "position": 7007, "value": 3548695}, {"maxAge": 1, "reportDate": "2021-02-28", "organization": "Avantis Emerging Markets Equity ETF", "pctHeld": 0.0001, "position": 5115, "value": 2677446}], "maxAge": 1}, "summaryDetail": {"maxAge": 1, "priceHint": 2, "previousClose": 642.75, "open": 638.0, "dayLow": 632.55, "dayHigh": 674.95, "regularMarketPreviousClose": 642.75, "regularMarketOpen": 638.0, "regularMarketDayLow": 632.55, "regularMarketDayHigh": 674.95, "exDividendDate": "2020-03-12 05:30:00", "payoutRatio": 0.3481, "beta": 0.986751, "trailingPE": 39.42048, "forwardPE": 37.12429, "volume": 857163, "regularMarketVolume": 857163, "averageVolume": 216649, "averageVolume10days": 90281, "averageDailyVolume10Day": 90281, "bid": 0.0, "ask": 0.0, "bidSize": 0, "askSize": 0, "marketCap": 45457387520, "fiftyTwoWeekLow": 354.0, "fiftyTwoWeekHigh": 674.95, "priceToSalesTrailing12Months": 2.6174726, "fiftyDayAverage": 533.9897, "twoHundredDayAverage": 490.9376, "trailingAnnualDividendRate": 0.0, "trailingAnnualDividendYield": 0.0, "currency": "INR", "fromCurrency": null, "lastMarket": null, "algorithm": null, "tradeable": false}, "insiderHolders": {"holders": [{"maxAge": 1, "name": "Manan Rathi Trust", "relation": "Institution- Corporation", "url": "", "transactionDescription": "Sale", "latestTransDate": "2018-03-06", "positionDirect": 0, "positionDirectDate": "2018-03-06"}, {"maxAge": 1, "name": "N J R Finance Pvt. Ltd.", "relation": "Institution- Corporation", "url": "", "transactionDescription": "Sale", "latestTransDate": "2020-12-03", "positionDirect": 0, "positionDirectDate": "2020-12-03"}, {"maxAge": 1, "name": "Rajesh Balkrishna Rathi (HUF)", "relation": "UNREPORTED", "url": "", "transactionDescription": "Acquisition", "latestTransDate": "2020-09-30", "positionIndirect": 177425, "positionIndirectDate": 1601424000}, {"maxAge": 1, "name": "Rathi (Ajoy Balkrishna)", "relation": "Promoter", "url": "", "transactionDescription": "Other", "latestTransDate": "2020-09-28", "positionDirect": 2073660, "positionDirectDate": "2020-09-28"}, {"maxAge": 1, "name": "Rathi (Ajoy Balkrishna) HUF", "relation": "Promoter", "url": "", "transactionDescription": "Other", "latestTransDate": "2020-09-28", "positionDirect": 1175325, "positionDirectDate": "2020-09-28"}, {"maxAge": 1, "name": "Rathi (Anuj Narayandas)", "relation": "UNREPORTED", "url": "", "transactionDescription": "Gift", "latestTransDate": "2018-03-06", "positionDirect": 5447620, "positionDirectDate": "2018-03-06"}, {"maxAge": 1, "name": "Rathi (Archana Anuj)", "relation": "UNREPORTED", "url": "", "transactionDescription": "Sale", "latestTransDate": "2020-12-03", "positionDirect": 0, "positionDirectDate": "2020-12-03"}, {"maxAge": 1, "name": "Rathi (Manan Ajoy)", "relation": "UNREPORTED", "url": "", "transactionDescription": "Acquisition", "latestTransDate": "2018-03-06", "positionDirect": 827900, "positionDirectDate": "2018-03-06"}, {"maxAge": 1, "name": "Rathi (Narayandas Jagannath)", "relation": "UNREPORTED", "url": "", "transactionDescription": "Gift", "latestTransDate": "2018-03-06", "positionDirect": 797650, "positionDirectDate": "2018-03-06"}, {"maxAge": 1, "name": "Rathi (Rajesh Balkrishna)", "relation": "Director", "url": "", "transactionDescription": "Other", "latestTransDate": "2020-09-28", "positionDirect": 3995429, "positionDirectDate": "2020-09-28"}], "maxAge": 1}, "calendarEvents": {"maxAge": 1, "earnings": {"earningsDate": [], "revenueAverage": 3556030000}, "exDividendDate": "2020-03-12 05:30:00"}, "upgradeDowngradeHistory": {"history": [], "maxAge": 86400}, "price": {"maxAge": 1, "regularMarketChangePercent": 0.022325905, "regularMarketChange": 14.349976, "regularMarketTime": "2021-04-30 15:29:57", "priceHint": 2, "regularMarketPrice": 657.1, "regularMarketDayHigh": 674.95, "regularMarketDayLow": 632.55, "regularMarketVolume": 857163, "averageDailyVolume10Day": 90281, "averageDailyVolume3Month": 216649, "regularMarketPreviousClose": 642.75, "regularMarketSource": "FREE_REALTIME", "regularMarketOpen": 638.0, "exchange": "NSI", "exchangeName": "NSE", "exchangeDataDelayedBy": 15, "marketState": "CLOSED", "quoteType": "EQUITY", "symbol": "SUDARSCHEM.NS", "underlyingSymbol": null, "shortName": "SUDARSHAN CHEMICAL", "longName": "Sudarshan Chemical Industries Limited", "currency": "INR", "quoteSourceName": "Delayed Quote", "currencySymbol": "\u20b9", "fromCurrency": null, "lastMarket": null, "marketCap": 45457387520}, "balanceSheetHistory": {"balanceSheetStatements": [{"maxAge": 1, "endDate": "2020-03-31", "cash": 81820000, "shortTermInvestments": 6110000, "netReceivables": 3818550000, "inventory": 4106640000, "otherCurrentAssets": 572170000, "totalCurrentAssets": 8636610000, "longTermInvestments": 8880000, "propertyPlantEquipment": 6451100000, "goodWill": 68440000, "intangibleAssets": 231170000, "otherAssets": 899780000, "deferredLongTermAssetCharges": 55250000, "totalAssets": 16295980000, "accountsPayable": 3717040000, "shortLongTermDebt": 476340000, "otherCurrentLiab": 594970000, "longTermDebt": 2249990000, "otherLiab": 673380000, "totalCurrentLiabilities": 7344050000, "totalLiab": 10288120000, "commonStock": 138450000, "retainedEarnings": 5703580000, "treasuryStock": 33710000, "capitalSurplus": 132120000, "otherStockholderEquity": 33710000, "totalStockholderEquity": 6007860000, "netTangibleAssets": 5708250000}, {"maxAge": 1, "endDate": "2019-03-31", "cash": 47470000, "shortTermInvestments": 2150000, "netReceivables": 3713690000, "inventory": 3076610000, "otherCurrentAssets": 1502280000, "totalCurrentAssets": 8372860000, "longTermInvestments": 100000, "propertyPlantEquipment": 4724120000, "intangibleAssets": 165080000, "otherAssets": 342080000, "deferredLongTermAssetCharges": 20760000, "totalAssets": 13604240000, "accountsPayable": 2421520000, "shortLongTermDebt": 642450000, "otherCurrentLiab": 928740000, "longTermDebt": 1131350000, "otherLiab": 723560000, "totalCurrentLiabilities": 6072200000, "totalLiab": 7927110000, "commonStock": 138450000, "retainedEarnings": 5297580000, "treasuryStock": 108980000, "capitalSurplus": 132120000, "otherStockholderEquity": 108980000, "totalStockholderEquity": 5677130000, "netTangibleAssets": 5512050000}, {"maxAge": 1, "endDate": "2018-03-31", "cash": 66610000, "shortTermInvestments": 1470000, "netReceivables": 3548840000, "inventory": 2729170000, "otherCurrentAssets": 1529940000, "totalCurrentAssets": 7896090000, "longTermInvestments": 4890000, "propertyPlantEquipment": 4582630000, "goodWill": 97210000, "intangibleAssets": 129570000, "otherAssets": 396670000, "deferredLongTermAssetCharges": 70390000, "totalAssets": 13107060000, "accountsPayable": 2644110000, "shortLongTermDebt": 708940000, "otherCurrentLiab": 830660000, "longTermDebt": 1819850000, "otherLiab": 710520000, "totalCurrentLiabilities": 6177020000, "totalLiab": 8707390000, "commonStock": 138450000, "retainedEarnings": 4073830000, "treasuryStock": 55270000, "capitalSurplus": 132120000, "otherStockholderEquity": 55270000, "totalStockholderEquity": 4399670000, "netTangibleAssets": 4172890000}, {"maxAge": 1, "endDate": "2017-03-31", "cash": 101580000, "shortTermInvestments": 1970000, "netReceivables": 3673770000, "inventory": 2606820000, "otherCurrentAssets": 404840000, "totalCurrentAssets": 6820270000, "longTermInvestments": 4750000, "propertyPlantEquipment": 4380770000, "goodWill": 97210000, "intangibleAssets": 119550000, "otherAssets": 593580000, "deferredLongTermAssetCharges": 85520000, "totalAssets": 12016130000, "accountsPayable": 2699300000, "shortLongTermDebt": 922890000, "otherCurrentLiab": 282020000, "longTermDebt": 1423970000, "otherLiab": 611790000, "totalCurrentLiabilities": 6169810000, "totalLiab": 8205570000, "commonStock": 138450000, "retainedEarnings": 3518110000, "treasuryStock": 21880000, "capitalSurplus": 132120000, "otherStockholderEquity": 21880000, "totalStockholderEquity": 3810560000, "netTangibleAssets": 3593800000}], "maxAge": 86400}, "earningsTrend": {"trend": [{"maxAge": 1, "period": "0q", "endDate": "2017-09-30", "growth": {}, "earningsEstimate": {"avg": 0.0, "low": 0.0, "high": 0.0, "yearAgoEps": {}, "numberOfAnalysts": 0, "growth": {}}, "revenueEstimate": {"avg": 3556030000, "low": 0, "high": 0, "numberOfAnalysts": 0, "yearAgoRevenue": {}, "growth": {}}, "epsTrend": {"current": 0.0, "7daysAgo": 0.0, "30daysAgo": 0.0, "60daysAgo": 0.0, "90daysAgo": 0.0}, "epsRevisions": {"upLast7days": 0, "upLast30days": 0, "downLast30days": 0, "downLast90days": {}}}, {"maxAge": 1, "period": "+1q", "endDate": "2017-12-31", "growth": {}, "earningsEstimate": {"avg": 0.0, "low": 0.0, "high": 0.0, "yearAgoEps": {}, "numberOfAnalysts": 0, "growth": {}}, "revenueEstimate": {"avg": 8895560000, "low": 0, "high": 0, "numberOfAnalysts": 0, "yearAgoRevenue": {}, "growth": {}}, "epsTrend": {"current": 0.0, "7daysAgo": 0.0, "30daysAgo": 0.0, "60daysAgo": 0.0, "90daysAgo": 0.0}, "epsRevisions": {"upLast7days": 0, "upLast30days": 0, "downLast30days": 0, "downLast90days": {}}}, {"maxAge": 1, "period": "0y", "endDate": "2018-03-31", "growth": {}, "earningsEstimate": {"avg": 0.0, "low": 0.0, "high": 0.0, "yearAgoEps": {}, "numberOfAnalysts": 0, "growth": {}}, "revenueEstimate": {"avg": 12901500000, "low": 15779000000, "high": 15779000000, "numberOfAnalysts": 1, "yearAgoRevenue": 12611300000, "growth": 0.023}, "epsTrend": {"current": 0.0, "7daysAgo": 14.5, "30daysAgo": 14.5, "60daysAgo": 14.5, "90daysAgo": 14.5}, "epsRevisions": {"upLast7days": 0, "upLast30days": 0, "downLast30days": 0, "downLast90days": {}}}, {"maxAge": 1, "period": "+1y", "endDate": "2019-03-31", "growth": {}, "earningsEstimate": {"avg": 17.7, "low": 17.7, "high": 17.7, "yearAgoEps": {}, "numberOfAnalysts": 1, "growth": {}}, "revenueEstimate": {"avg": 16379000000, "low": 16379000000, "high": 16379000000, "numberOfAnalysts": 1, "yearAgoRevenue": 12901500000, "growth": 0.27}, "epsTrend": {"current": 17.7, "7daysAgo": 17.7, "30daysAgo": 17.7, "60daysAgo": 17.8, "90daysAgo": 17.8}, "epsRevisions": {"upLast7days": 0, "upLast30days": 0, "downLast30days": 0, "downLast90days": {}}}, {"maxAge": 1, "period": "+5y", "endDate": null, "growth": {}, "earningsEstimate": {"avg": {}, "low": {}, "high": {}, "yearAgoEps": {}, "numberOfAnalysts": {}, "growth": {}}, "revenueEstimate": {"avg": {}, "low": {}, "high": {}, "numberOfAnalysts": {}, "yearAgoRevenue": {}, "growth": {}}, "epsTrend": {"current": {}, "7daysAgo": {}, "30daysAgo": {}, "60daysAgo": {}, "90daysAgo": {}}, "epsRevisions": {"upLast7days": {}, "upLast30days": {}, "downLast30days": {}, "downLast90days": {}}}, {"maxAge": 1, "period": "-5y", "endDate": null, "growth": {}, "earningsEstimate": {"avg": {}, "low": {}, "high": {}, "yearAgoEps": {}, "numberOfAnalysts": {}, "growth": {}}, "revenueEstimate": {"avg": {}, "low": {}, "high": {}, "numberOfAnalysts": {}, "yearAgoRevenue": {}, "growth": {}}, "epsTrend": {"current": {}, "7daysAgo": {}, "30daysAgo": {}, "60daysAgo": {}, "90daysAgo": {}}, "epsRevisions": {"upLast7days": {}, "upLast30days": {}, "downLast30days": {}, "downLast90days": {}}}], "maxAge": 1}, "institutionOwnership": {"ownershipList": [], "maxAge": 1}, "majorHoldersBreakdown": {"maxAge": 1, "insidersPercentHeld": 0.62146, "institutionsPercentHeld": 0.15319, "institutionsFloatPercentHeld": 0.40469003, "institutionsCount": 22}, "balanceSheetHistoryQuarterly": {"balanceSheetStatements": [{"maxAge": 1, "endDate": "2020-12-31", "totalStockholderEquity": 6479340000, "netTangibleAssets": 6073450000}, {"maxAge": 1, "endDate": "2020-09-30", "cash": 129050000, "shortTermInvestments": 297490000, "netReceivables": 3391330000, "inventory": 4190380000, "otherCurrentAssets": 649280000, "totalCurrentAssets": 8657530000, "longTermInvestments": 10820000, "propertyPlantEquipment": 7019930000, "goodWill": 68440000, "intangibleAssets": 337450000, "otherAssets": 851090000, "deferredLongTermAssetCharges": 56740000, "totalAssets": 16945260000, "accountsPayable": 3252680000, "otherCurrentLiab": 1383710000, "longTermDebt": 2869970000, "otherLiab": 717490000, "totalCurrentLiabilities": 6858590000, "totalLiab": 10465920000, "commonStock": 138450000, "treasuryStock": 6340890000, "otherStockholderEquity": 6340890000, "totalStockholderEquity": 6479340000, "netTangibleAssets": 6073450000}, {"maxAge": 1, "endDate": "2020-06-30", "totalStockholderEquity": 6007860000, "netTangibleAssets": 5708250000}, {"maxAge": 1, "endDate": "2020-03-31", "cash": 81820000, "shortTermInvestments": 6110000, "netReceivables": 3818550000, "inventory": 4106640000, "otherCurrentAssets": 572170000, "totalCurrentAssets": 8636610000, "longTermInvestments": 8880000, "propertyPlantEquipment": 6451100000, "goodWill": 68440000, "intangibleAssets": 231170000, "otherAssets": 899780000, "deferredLongTermAssetCharges": 55250000, "totalAssets": 16295980000, "accountsPayable": 3717040000, "shortLongTermDebt": 476340000, "otherCurrentLiab": 594970000, "longTermDebt": 2249990000, "otherLiab": 673380000, "totalCurrentLiabilities": 7344050000, "totalLiab": 10288120000, "commonStock": 138450000, "retainedEarnings": 5703580000, "treasuryStock": 33710000, "capitalSurplus": 132120000, "otherStockholderEquity": 33710000, "totalStockholderEquity": 6007860000, "netTangibleAssets": 5708250000}], "maxAge": 86400}, "earningsHistory": {"history": [{"maxAge": 1, "epsActual": {}, "epsEstimate": {}, "epsDifference": {}, "surprisePercent": {}, "quarter": {}, "period": "-4q"}, {"maxAge": 1, "epsActual": {}, "epsEstimate": {}, "epsDifference": {}, "surprisePercent": {}, "quarter": {}, "period": "-3q"}, {"maxAge": 1, "epsActual": 2.76, "epsEstimate": 2.97, "epsDifference": -0.21, "surprisePercent": -0.071, "quarter": "2017-03-31", "period": "-2q"}, {"maxAge": 1, "epsActual": 3.38, "epsEstimate": 4.21, "epsDifference": -0.83, "surprisePercent": -0.19700001, "quarter": "2017-06-30", "period": "-1q"}], "maxAge": 86400}, "summaryProfile": {"address1": "162 Wellesley Road", "city": "Pune", "zip": "411001", "country": "India", "phone": "91 20 2622 6200", "fax": "91 20 2605 8222", "website": "http://www.sudarshan.com", "industry": "Specialty Chemicals", "sector": "Basic Materials", "longBusinessSummary": "Sudarshan Chemical Industries Limited, together with its subsidiaries, manufactures and sells organic and inorganic pigments, and effect pigments in India and internationally. The company offers its pigment products under the Sudaperm, Sudafast, Sudacolor, Sudadur, Sudafine, Sudatex, Sumica, Sumica NXR, Sumicos, and Prestige brands that are used in paints, plastics, inks, cosmetics, textile, and other applications. It also manufactures pollution control equipment, size reduction equipment, and grinding equipment for industrial applications. Sudarshan Chemical Industries Limited was founded in 1951 and is headquartered in Pune, India.", "fullTimeEmployees": 1096, "companyOfficers": [], "maxAge": 86400}, "netSharePurchaseActivity": {"maxAge": 1, "period": "6m", "buyInfoCount": 0, "buyInfoShares": 0, "sellInfoCount": 0, "netInfoCount": 0, "netInfoShares": 0, "netPercentInsiderShares": 0.0, "totalInsiderShares": 42694304}, "insiderTransactions": {"transactions": [{"maxAge": 1, "shares": 727490, "value": 4564345, "filerUrl": "", "transactionText": "Sale at price 6.27 per share.", "filerName": "Rathi (Archana Anuj)", "filerRelation": "UNREPORTED", "moneyText": "", "startDate": "2020-12-03", "ownership": "D"}, {"maxAge": 1, "shares": 1090630, "value": 6822981, "filerUrl": "", "transactionText": "Sale at price 6.26 per share.", "filerName": "N J R Finance Pvt. Ltd.", "filerRelation": "Institution- Corporation", "moneyText": "", "startDate": "2020-12-03", "ownership": "D"}, {"maxAge": 1, "shares": 0, "filerUrl": "", "transactionText": "", "filerName": "Rajesh Balkrishna Rathi (HUF)", "filerRelation": "UNREPORTED", "moneyText": "", "startDate": "2020-09-30", "ownership": "I"}, {"maxAge": 1, "shares": 145325, "filerUrl": "", "transactionText": "Other at price 0.00 per share.", "filerName": "Rathi (Ajoy Balkrishna) HUF", "filerRelation": "Promoter", "moneyText": "", "startDate": "2020-09-28", "ownership": "D"}, {"maxAge": 1, "shares": 422600, "filerUrl": "", "transactionText": "Other at price 0.00 per share.", "filerName": "Rathi (Ajoy Balkrishna)", "filerRelation": "Promoter", "moneyText": "", "startDate": "2020-09-28", "ownership": "D"}, {"maxAge": 1, "shares": 44425, "filerUrl": "", "transactionText": "Other at price 0.00 per share.", "filerName": "Rajesh Balkrishna Rathi (HUF)", "filerRelation": "Promoter", "moneyText": "", "startDate": "2020-09-28", "ownership": "D"}, {"maxAge": 1, "shares": 523500, "filerUrl": "", "transactionText": "Other at price 0.00 per share.", "filerName": "Rathi (Rajesh Balkrishna)", "filerRelation": "Director", "moneyText": "", "startDate": "2020-09-28", "ownership": "D"}, {"maxAge": 1, "shares": 3818004, "filerUrl": "", "transactionText": "Other at price 0.00 per share.", "filerName": "Rathi (Rajesh Balkrishna)", "filerRelation": "Promoter", "moneyText": "", "startDate": "2020-09-28", "ownership": "D"}, {"maxAge": 1, "shares": 85069, "filerUrl": "", "transactionText": "", "filerName": "Rathi (Rajesh Balkrishna)", "filerRelation": "UNREPORTED", "moneyText": "", "startDate": "2020-03-31", "ownership": "D"}, {"maxAge": 1, "shares": 77820, "filerUrl": "", "transactionText": "", "filerName": "Rathi (Rajesh Balkrishna)", "filerRelation": "UNREPORTED", "moneyText": "", "startDate": "2020-03-25", "ownership": "D"}, {"maxAge": 1, "shares": 24900, "filerUrl": "", "transactionText": "", "filerName": "Rathi (Rajesh Balkrishna)", "filerRelation": "UNREPORTED", "moneyText": "", "startDate": "2020-03-19", "ownership": "D"}, {"maxAge": 1, "shares": 1620000, "filerUrl": "", "transactionText": "", "filerName": "Rathi (Anuj Narayandas)", "filerRelation": "UNREPORTED", "moneyText": "", "startDate": "2018-03-06", "ownership": "D"}, {"maxAge": 1, "shares": 1620000, "filerUrl": "", "transactionText": "", "filerName": "Rathi (Narayandas Jagannath)", "filerRelation": "UNREPORTED", "moneyText": "", "startDate": "2018-03-06", "ownership": "D"}, {"maxAge": 1, "shares": 827900, "filerUrl": "", "transactionText": "", "filerName": "Rathi (Manan Ajoy)", "filerRelation": "UNREPORTED", "moneyText": "", "startDate": "2018-03-06", "ownership": "D"}, {"maxAge": 1, "shares": 827900, "filerUrl": "", "transactionText": "", "filerName": "Manan Rathi Trust", "filerRelation": "Institution- Corporation", "moneyText": "", "startDate": "2018-03-06", "ownership": "D"}, {"maxAge": 1, "shares": 2162850, "filerUrl": "", "transactionText": "", "filerName": "Rathi (Aruna Kishor)", "filerRelation": "Promoter", "moneyText": "", "startDate": "2017-12-12", "ownership": "D"}, {"maxAge": 1, "shares": 2475650, "filerUrl": "", "transactionText": "", "filerName": "Rathi (Rohit Kishor)", "filerRelation": "Promoter", "moneyText": "", "startDate": "2017-12-12", "ownership": "D"}, {"maxAge": 1, "shares": 1340000, "filerUrl": "", "transactionText": "", "filerName": "Government Pension Fund Global", "filerRelation": "Institution- Corporation", "moneyText": "", "startDate": "2015-04-01", "ownership": "D"}], "maxAge": 1}, "sectorTrend": {"maxAge": 1, "symbol": null, "estimates": []}, "incomeStatementHistoryQuarterly": {"incomeStatementHistory": [{"maxAge": 1, "endDate": "2020-12-31", "totalRevenue": 5063770000, "costOfRevenue": 2897280000, "grossProfit": 2166490000, "researchDevelopment": {}, "sellingGeneralAdministrative": 428620000, "nonRecurring": {}, "otherOperatingExpenses": 967720000, "totalOperatingExpenses": 4510340000, "operatingIncome": 553430000, "totalOtherIncomeExpenseNet": 5820000, "ebit": 553430000, "interestExpense": -45940000, "incomeBeforeTax": 559250000, "incomeTaxExpense": 167660000, "minorityInterest": {}, "netIncomeFromContinuingOps": 391590000, "discontinuedOperations": {}, "extraordinaryItems": {}, "effectOfAccountingCharges": {}, "otherItems": {}, "netIncome": 391590000, "netIncomeApplicableToCommonShares": 391590000}, {"maxAge": 1, "endDate": "2020-09-30", "totalRevenue": 4289050000, "costOfRevenue": 2393860000, "grossProfit": 1895190000, "researchDevelopment": {}, "sellingGeneralAdministrative": 365050000, "nonRecurring": {}, "otherOperatingExpenses": 869680000, "totalOperatingExpenses": 3847510000, "operatingIncome": 441540000, "totalOtherIncomeExpenseNet": -16890000, "ebit": 441540000, "interestExpense": -51470000, "incomeBeforeTax": 424650000, "incomeTaxExpense": 121330000, "minorityInterest": {}, "netIncomeFromContinuingOps": 303320000, "discontinuedOperations": {}, "extraordinaryItems": {}, "effectOfAccountingCharges": {}, "otherItems": {}, "netIncome": 303320000, "netIncomeApplicableToCommonShares": 303320000}, {"maxAge": 1, "endDate": "2020-06-30", "totalRevenue": 3522900000, "costOfRevenue": 1971870000, "grossProfit": 1551030000, "researchDevelopment": {}, "sellingGeneralAdministrative": 368050000, "nonRecurring": {}, "otherOperatingExpenses": 653340000, "totalOperatingExpenses": 3209040000, "operatingIncome": 313860000, "totalOtherIncomeExpenseNet": -35910000, "ebit": 313860000, "interestExpense": -38960000, "incomeBeforeTax": 277950000, "incomeTaxExpense": 95960000, "minorityInterest": {}, "netIncomeFromContinuingOps": 181990000, "discontinuedOperations": {}, "extraordinaryItems": {}, "effectOfAccountingCharges": {}, "otherItems": {}, "netIncome": 181990000, "netIncomeApplicableToCommonShares": 181990000}, {"maxAge": 1, "endDate": "2020-03-31", "totalRevenue": 4491180000, "costOfRevenue": 2754700000, "grossProfit": 1736480000, "researchDevelopment": {}, "sellingGeneralAdministrative": 495030000, "nonRecurring": {}, "otherOperatingExpenses": 615970000, "totalOperatingExpenses": 4104760000, "operatingIncome": 386420000, "totalOtherIncomeExpenseNet": -82950000, "ebit": 386420000, "interestExpense": -16270000, "incomeBeforeTax": 303470000, "incomeTaxExpense": 30410000, "minorityInterest": {}, "netIncomeFromContinuingOps": 273060000, "discontinuedOperations": {}, "extraordinaryItems": {}, "effectOfAccountingCharges": {}, "otherItems": {}, "netIncome": 273060000, "netIncomeApplicableToCommonShares": 273060000}], "maxAge": 86400}, "cashflowStatementHistoryQuarterly": {"cashflowStatements": [{"maxAge": 1, "endDate": "2020-12-31", "netIncome": 391590000, "changeToLiabilities": 0}, {"maxAge": 1, "endDate": "2020-09-30", "netIncome": 303320000, "changeToLiabilities": 0}, {"maxAge": 1, "endDate": "2020-06-30", "netIncome": 181990000, "changeToLiabilities": 0}, {"maxAge": 1, "endDate": "2020-03-31", "netIncome": 273060000, "changeToLiabilities": 0}], "maxAge": 86400}, "earnings": {"maxAge": 86400, "earningsChart": {"quarterly": [{"date": "1Q2017", "actual": 2.76, "estimate": 2.97}, {"date": "2Q2017", "actual": 3.38, "estimate": 4.21}], "currentQuarterEstimateDate": "3Q", "currentQuarterEstimateYear": 2017, "earningsDate": []}, "financialsChart": {"yearly": [{"date": 2017, "revenue": 12816090000, "earnings": 1013550000}, {"date": 2018, "revenue": 13294120000, "earnings": 847250000}, {"date": 2019, "revenue": 15930480000, "earnings": 1350990000}, {"date": 2020, "revenue": 17081920000, "earnings": 1445330000}], "quarterly": [{"date": "1Q2020", "revenue": 4491180000, "earnings": 273060000}, {"date": "2Q2020", "revenue": 3522900000, "earnings": 181990000}, {"date": "3Q2020", "revenue": 4289050000, "earnings": 303320000}, {"date": "4Q2020", "revenue": 5063770000, "earnings": 391590000}]}, "financialCurrency": "INR"}, "financialData": {"maxAge": 86400, "currentPrice": 657.1, "targetHighPrice": 550.0, "targetLowPrice": 550.0, "targetMeanPrice": 550.0, "targetMedianPrice": 550.0, "recommendationMean": 1.0, "recommendationKey": "strong_buy", "numberOfAnalystOpinions": 1, "totalCash": 426540000, "totalCashPerShare": 6.209, "ebitda": 2453730048, "totalDebt": 5046029824, "totalRevenue": 17366900736, "debtToEquity": 77.879, "revenuePerShare": 251.735, "grossProfits": 7076790000, "earningsGrowth": 0.366, "revenueGrowth": 0.196, "grossMargins": 0.42317, "ebitdaMargins": 0.14129, "operatingMargins": 0.09566, "profitMargins": 0.06622, "financialCurrency": "INR"}}}