{"SUMEDHA.BO": {"recommendationTrend": {"trend": [{"period": "0m", "strongBuy": 0, "buy": 0, "hold": 0, "sell": 0, "strongSell": 0}, {"period": "-1m", "strongBuy": 0, "buy": 0, "hold": 0, "sell": 0, "strongSell": 0}, {"period": "-2m", "strongBuy": 0, "buy": 0, "hold": 0, "sell": 0, "strongSell": 0}, {"period": "-3m", "strongBuy": 0, "buy": 0, "hold": 0, "sell": 0, "strongSell": 0}], "maxAge": 86400}, "cashflowStatementHistory": {"cashflowStatements": [{"maxAge": 1, "endDate": "2020-03-31", "netIncome": -28560762, "depreciation": 5259061, "changeToNetincome": -11275752, "changeToAccountReceivables": -45595145, "changeToLiabilities": 8442667, "changeToInventory": 32116566, "changeToOperatingActivities": 3048040, "totalCashFromOperatingActivities": -36382288, "capitalExpenditures": -23648349, "investments": -5293137, "otherCashflowsFromInvestingActivities": 1947058, "totalCashflowsFromInvestingActivities": -26808425, "dividendsPaid": -9492810, "netBorrowings": -475840, "otherCashflowsFromFinancingActivities": -1165188, "totalCashFromFinancingActivities": -11133838, "changeInCash": -74324551}, {"maxAge": 1, "endDate": "2019-03-31", "netIncome": 45006408, "depreciation": 5171658, "changeToNetincome": 7237642, "changeToAccountReceivables": 4399176, "changeToLiabilities": -11851768, "changeToInventory": -18886017, "changeToOperatingActivities": 3048040, "totalCashFromOperatingActivities": 31218992, "capitalExpenditures": -1670866, "investments": 30600741, "otherCashflowsFromInvestingActivities": 4382481, "totalCashflowsFromInvestingActivities": 31126768, "dividendsPaid": -7984424, "netBorrowings": -520236, "otherCashflowsFromFinancingActivities": -1866808, "totalCashFromFinancingActivities": -10371468, "changeInCash": 51974292}, {"maxAge": 1, "endDate": "2018-03-31", "netIncome": 36520222, "depreciation": 4956345, "changeToNetincome": -8290822, "changeToAccountReceivables": 10139571, "changeToLiabilities": -1028201, "changeToInventory": -3923044, "changeToOperatingActivities": 3048040, "totalCashFromOperatingActivities": 38456766, "capitalExpenditures": -18281303, "investments": -15367709, "otherCashflowsFromInvestingActivities": 4399687, "totalCashflowsFromInvestingActivities": -30789956, "dividendsPaid": -7984424, "netBorrowings": 1774675, "otherCashflowsFromFinancingActivities": -1822528, "totalCashFromFinancingActivities": -8032277, "changeInCash": -365467}, {"maxAge": 1, "endDate": "2017-03-31", "netIncome": 35961927, "depreciation": 4368312, "changeToNetincome": -780787, "changeToAccountReceivables": 18760, "changeToLiabilities": -2332487, "changeToInventory": -2225936, "changeToOperatingActivities": 5875392, "totalCashFromOperatingActivities": 40976309, "capitalExpenditures": -5101630, "investments": -7446740, "otherCashflowsFromInvestingActivities": 5159274, "totalCashflowsFromInvestingActivities": -11008000, "dividendsPaid": -3992212, "netBorrowings": -321891, "otherCashflowsFromFinancingActivities": -1493627, "totalCashFromFinancingActivities": -5807730, "changeInCash": 24160579}], "maxAge": 86400}, "institutionOwnership": {"maxAge": 1, "ownershipList": []}, "balanceSheetHistoryQuarterly": {"balanceSheetStatements": [{"maxAge": 1, "endDate": "2020-06-30", "totalStockholderEquity": 384181000, "netTangibleAssets": 383727000}, {"maxAge": 1, "endDate": "2020-03-31", "cash": 25190205, "netReceivables": 49504424, "otherCurrentAssets": 93393041, "totalCurrentAssets": 260691677, "longTermInvestments": 36375592, "propertyPlantEquipment": 109548173, "intangibleAssets": 453731, "otherAssets": 4222702, "totalAssets": 411291875, "otherCurrentLiab": 1179874, "longTermDebt": 1381885, "otherLiab": 17764086, "minorityInterest": 3499, "totalCurrentLiabilities": 7960683, "totalLiab": 27106654, "commonStock": 79844240, "retainedEarnings": 282414568, "treasuryStock": -3797250, "capitalSurplus": 25720164, "otherStockholderEquity": -3797250, "totalStockholderEquity": 384181722, "netTangibleAssets": 383727991}, {"maxAge": 1, "endDate": "2019-12-31", "totalStockholderEquity": 424285000, "netTangibleAssets": 424036000}, {"maxAge": 1, "endDate": "2019-09-30", "cash": 49196000, "netReceivables": 53479000, "inventory": 57860000, "otherCurrentAssets": 5828000, "totalCurrentAssets": 166363000, "longTermInvestments": 194391000, "propertyPlantEquipment": 90528000, "intangibleAssets": 249000, "otherAssets": 13093000, "totalAssets": 464624000, "longTermDebt": 1625000, "otherLiab": 38711000, "minorityInterest": 3000, "totalLiab": 40336000, "commonStock": 79844000, "treasuryStock": 344441000, "otherStockholderEquity": 344441000, "totalStockholderEquity": 424285000, "netTangibleAssets": 424036000}], "maxAge": 86400}, "earningsHistory": {"history": [{"maxAge": 1, "epsActual": {}, "epsEstimate": {}, "epsDifference": {}, "surprisePercent": {}, "quarter": {}, "period": "-4q"}, {"maxAge": 1, "epsActual": {}, "epsEstimate": {}, "epsDifference": {}, "surprisePercent": {}, "quarter": {}, "period": "-3q"}, {"maxAge": 1, "epsActual": {}, "epsEstimate": {}, "epsDifference": {}, "surprisePercent": {}, "quarter": {}, "period": "-2q"}, {"maxAge": 1, "epsActual": {}, "epsEstimate": {}, "epsDifference": {}, "surprisePercent": {}, "quarter": {}, "period": "-1q"}], "maxAge": 86400}, "indexTrend": {"maxAge": 1, "symbol": "SP5", "peRatio": 19.7411, "pegRatio": 1.34172, "estimates": [{"period": "0q", "growth": 0.549}, {"period": "+1q", "growth": 0.431}, {"period": "0y", "growth": 0.305}, {"period": "+1y", "growth": 0.109}, {"period": "+5y", "growth": 0.120859005}, {"period": "-5y"}]}, "industryTrend": {"maxAge": 1, "symbol": null, "estimates": []}, "insiderTransactions": {"transactions": [{"maxAge": 1, "shares": 1115566, "filerUrl": "", "transactionText": "", "filerName": "US Infotech Pvt. Ltd.", "filerRelation": "Institution- Corporation", "moneyText": "", "startDate": "2018-11-20", "ownership": "D"}, {"maxAge": 1, "shares": 190950, "filerUrl": "", "transactionText": "", "filerName": "SFSL Risk Management Services Pvt Ltd", "filerRelation": "Promoter", "moneyText": "", "startDate": "2018-11-20", "ownership": "D"}, {"maxAge": 1, "shares": 156200, "filerUrl": "", "transactionText": "", "filerName": "SFSL Insurance Advisory Services Pvt Ltd", "filerRelation": "Promoter", "moneyText": "", "startDate": "2018-11-20", "ownership": "D"}, {"maxAge": 1, "shares": 677800, "filerUrl": "", "transactionText": "", "filerName": "Hi-Tech Tradecomm Pvt Ltd", "filerRelation": "Promoter", "moneyText": "", "startDate": "2018-11-20", "ownership": "D"}, {"maxAge": 1, "shares": 90616, "filerUrl": "", "transactionText": "", "filerName": "APC Plants Pvt. Ltd.", "filerRelation": "Promoter", "moneyText": "", "startDate": "2018-11-20", "ownership": "D"}], "maxAge": 1}, "quoteType": {"exchange": "BSE", "quoteType": "EQUITY", "symbol": "SUMEDHA.BO", "underlyingSymbol": "SUMEDHA.BO", "shortName": "SUMEDHA FISCAL SERVICES LTD.", "longName": "Sumedha Fiscal Services Limited", "firstTradeDateEpochUtc": "2002-06-20 09:15:00", "timeZoneFullName": "Asia/Kolkata", "timeZoneShortName": "IST", "uuid": "eb1b3d35-4fbd-36f7-9c4a-729eff27ece7", "messageBoardId": null, "gmtOffSetMilliseconds": 19800000, "maxAge": 1}, "incomeStatementHistory": {"incomeStatementHistory": [{"maxAge": 1, "endDate": "2020-03-31", "totalRevenue": 185004004, "costOfRevenue": 86840069, "grossProfit": 98163935, "researchDevelopment": {}, "sellingGeneralAdministrative": 39797105, "nonRecurring": {}, "otherOperatingExpenses": 90082718, "totalOperatingExpenses": 222161990, "operatingIncome": -37157986, "totalOtherIncomeExpenseNet": 5497646, "ebit": 0, "interestExpense": {}, "incomeBeforeTax": -31660340, "incomeTaxExpense": -3099701, "minorityInterest": 3499, "netIncomeFromContinuingOps": -28560639, "discontinuedOperations": {}, "extraordinaryItems": {}, "effectOfAccountingCharges": {}, "otherItems": {}, "netIncome": -28560762, "netIncomeApplicableToCommonShares": -28560762}, {"maxAge": 1, "endDate": "2019-03-31", "totalRevenue": 185533053, "costOfRevenue": 37094424, "grossProfit": 148438629, "researchDevelopment": {}, "sellingGeneralAdministrative": 42369756, "nonRecurring": {}, "otherOperatingExpenses": 41906118, "totalOperatingExpenses": 126683849, "operatingIncome": 58849204, "totalOtherIncomeExpenseNet": 530834, "ebit": 0, "interestExpense": {}, "incomeBeforeTax": 59380038, "incomeTaxExpense": 14373613, "minorityInterest": 3375, "netIncomeFromContinuingOps": 45006425, "discontinuedOperations": {}, "extraordinaryItems": {}, "effectOfAccountingCharges": {}, "otherItems": {}, "netIncome": 45006408, "netIncomeApplicableToCommonShares": 45006408}, {"maxAge": 1, "endDate": "2018-03-31", "totalRevenue": 216600638, "costOfRevenue": 84685285, "grossProfit": 131915353, "researchDevelopment": {}, "sellingGeneralAdministrative": 44162680, "nonRecurring": {}, "otherOperatingExpenses": 36533837, "totalOperatingExpenses": 170420842, "operatingIncome": 46179796, "totalOtherIncomeExpenseNet": -638793, "ebit": 0, "interestExpense": {}, "incomeBeforeTax": 45541003, "incomeTaxExpense": 9020580, "minorityInterest": 3375, "netIncomeFromContinuingOps": 36520423, "discontinuedOperations": {}, "extraordinaryItems": {}, "effectOfAccountingCharges": {}, "otherItems": {}, "netIncome": 36520222, "netIncomeApplicableToCommonShares": 36520222}, {"maxAge": 1, "endDate": "2017-03-31", "totalRevenue": 169244415, "costOfRevenue": 24072827, "grossProfit": 145171588, "researchDevelopment": {}, "sellingGeneralAdministrative": 42161475, "nonRecurring": {}, "otherOperatingExpenses": 46865823, "totalOperatingExpenses": 117559565, "operatingIncome": 51684850, "totalOtherIncomeExpenseNet": 15422, "ebit": 0, "interestExpense": {}, "incomeBeforeTax": 51700272, "incomeTaxExpense": 15738315, "minorityInterest": 3204, "netIncomeFromContinuingOps": 35961957, "discontinuedOperations": {}, "extraordinaryItems": {}, "effectOfAccountingCharges": {}, "otherItems": {}, "netIncome": 35961927, "netIncomeApplicableToCommonShares": 35961927}], "maxAge": 86400}, "fundOwnership": {"maxAge": 1, "ownershipList": []}, "summaryDetail": {"maxAge": 1, "priceHint": 2, "previousClose": 23.7, "open": 23.75, "dayLow": 23.65, "dayHigh": 24.85, "regularMarketPreviousClose": 23.7, "regularMarketOpen": 23.75, "regularMarketDayLow": 23.65, "regularMarketDayHigh": 24.85, "volume": 13326, "regularMarketVolume": 13326, "averageVolume": 18103, "averageVolume10days": 71251, "averageDailyVolume10Day": 71251, "bid": 23.95, "ask": 24.0, "bidSize": 0, "askSize": 0, "marketCap": 191626080, "fiftyTwoWeekLow": 12.2, "fiftyTwoWeekHigh": 34.4, "fiftyDayAverage": 24.215714, "twoHundredDayAverage": 20.525913, "trailingAnnualDividendRate": 0.6, "trailingAnnualDividendYield": 0.025316456, "currency": "INR", "fromCurrency": null, "toCurrency": null, "lastMarket": null, "algorithm": null, "tradeable": false}, "sectorTrend": {"maxAge": 1, "symbol": null, "estimates": []}, "incomeStatementHistoryQuarterly": {"incomeStatementHistory": [{"maxAge": 1, "endDate": "2020-06-30", "totalRevenue": 44026000, "costOfRevenue": -7803000, "grossProfit": 51829000, "researchDevelopment": {}, "sellingGeneralAdministrative": 7312000, "nonRecurring": {}, "otherOperatingExpenses": 8914000, "totalOperatingExpenses": 9704000, "operatingIncome": 34322000, "totalOtherIncomeExpenseNet": 77000, "ebit": 0, "interestExpense": {}, "incomeBeforeTax": 34399000, "incomeTaxExpense": 5968000, "minorityInterest": {}, "netIncomeFromContinuingOps": 28431000, "discontinuedOperations": {}, "extraordinaryItems": {}, "effectOfAccountingCharges": {}, "otherItems": {}, "netIncome": 28431000, "netIncomeApplicableToCommonShares": 28431000}, {"maxAge": 1, "endDate": "2020-03-31", "totalRevenue": 42761004, "costOfRevenue": 26489069, "grossProfit": 16271935, "researchDevelopment": {}, "sellingGeneralAdministrative": 14044105, "nonRecurring": {}, "otherOperatingExpenses": 67914718, "totalOperatingExpenses": 109816990, "operatingIncome": -67055986, "totalOtherIncomeExpenseNet": 320646, "ebit": 0, "interestExpense": {}, "incomeBeforeTax": -66735340, "incomeTaxExpense": -11583701, "minorityInterest": 3499, "netIncomeFromContinuingOps": -55151639, "discontinuedOperations": {}, "extraordinaryItems": {}, "effectOfAccountingCharges": {}, "otherItems": {}, "netIncome": -55151762, "netIncomeApplicableToCommonShares": -55151762}, {"maxAge": 1, "endDate": "2019-12-31", "totalRevenue": 53431000, "costOfRevenue": 15185000, "grossProfit": 38246000, "researchDevelopment": {}, "sellingGeneralAdministrative": 8961000, "nonRecurring": {}, "otherOperatingExpenses": 7442000, "totalOperatingExpenses": 32995000, "operatingIncome": 20436000, "totalOtherIncomeExpenseNet": 1950000, "ebit": 0, "interestExpense": {}, "incomeBeforeTax": 22386000, "incomeTaxExpense": 6174000, "minorityInterest": 3499, "netIncomeFromContinuingOps": 16212000, "discontinuedOperations": {}, "extraordinaryItems": {}, "effectOfAccountingCharges": {}, "otherItems": {}, "netIncome": 16212000, "netIncomeApplicableToCommonShares": 16212000}, {"maxAge": 1, "endDate": "2019-09-30", "totalRevenue": 50674000, "costOfRevenue": 22339000, "grossProfit": 28335000, "researchDevelopment": {}, "sellingGeneralAdministrative": 9676000, "nonRecurring": {}, "otherOperatingExpenses": 9669000, "totalOperatingExpenses": 43024000, "operatingIncome": 7650000, "totalOtherIncomeExpenseNet": 1763000, "ebit": 0, "interestExpense": {}, "incomeBeforeTax": 9413000, "incomeTaxExpense": 1256000, "minorityInterest": 3000, "netIncomeFromContinuingOps": 8157000, "discontinuedOperations": {}, "extraordinaryItems": {}, "effectOfAccountingCharges": {}, "otherItems": {}, "netIncome": 8157000, "netIncomeApplicableToCommonShares": 8157000}], "maxAge": 86400}, "cashflowStatementHistoryQuarterly": {"cashflowStatements": [{"maxAge": 1, "endDate": "2020-06-30", "netIncome": 28431000, "changeToLiabilities": 0}, {"maxAge": 1, "endDate": "2020-03-31", "netIncome": -55151762, "changeToLiabilities": 0}, {"maxAge": 1, "endDate": "2019-12-31", "netIncome": 16212000, "changeToLiabilities": 0}, {"maxAge": 1, "endDate": "2019-09-30", "netIncome": 8157000, "changeToLiabilities": 0}], "maxAge": 86400}, "insiderHolders": {"holders": [{"maxAge": 1, "name": "APC Plants Pvt. Ltd.", "relation": "Promoter", "url": "", "transactionDescription": "Sale", "latestTransDate": "2018-11-20", "positionDirect": 0, "positionDirectDate": "2018-11-20"}, {"maxAge": 1, "name": "Hi-Tech Tradecomm Pvt Ltd", "relation": "Promoter", "url": "", "transactionDescription": "Sale", "latestTransDate": "2018-11-20", "positionDirect": 0, "positionDirectDate": "2018-11-20"}, {"maxAge": 1, "name": "SFSL Insurance Advisory Services Pvt Ltd", "relation": "Promoter", "url": "", "transactionDescription": "Sale", "latestTransDate": "2018-11-20", "positionDirect": 0, "positionDirectDate": "2018-11-20"}, {"maxAge": 1, "name": "SFSL Risk Management Services Pvt Ltd", "relation": "Promoter", "url": "", "transactionDescription": "Sale", "latestTransDate": "2018-11-20", "positionDirect": 0, "positionDirectDate": "2018-11-20"}, {"maxAge": 1, "name": "US Infotech Pvt. Ltd.", "relation": "Institution- Corporation", "url": "", "transactionDescription": "Purchase", "latestTransDate": "2018-11-20", "positionDirect": 1115566, "positionDirectDate": "2018-11-20"}], "maxAge": 1}, "earnings": {"maxAge": 86400, "earningsChart": {"quarterly": [], "earningsDate": ["2020-08-07 05:30:S"]}, "financialsChart": {"yearly": [{"date": 2017, "revenue": 169244415, "earnings": 35961927}, {"date": 2018, "revenue": 216600638, "earnings": 36520222}, {"date": 2019, "revenue": 185533053, "earnings": 45006408}, {"date": 2020, "revenue": 185004004, "earnings": -28560762}], "quarterly": [{"date": "3Q2019", "revenue": 50674000, "earnings": 8157000}, {"date": "4Q2019", "revenue": 53431000, "earnings": 16212000}, {"date": "1Q2020", "revenue": 42761004, "earnings": -55151762}, {"date": "2Q2020", "revenue": 44026000, "earnings": 28431000}]}, "financialCurrency": "INR"}, "calendarEvents": {"maxAge": 1, "earnings": {"earningsDate": ["2020-08-07 05:30:S"]}}, "price": {"maxAge": 1, "regularMarketChangePercent": 0.012658196, "regularMarketChange": 0.29999924, "regularMarketTime": "2021-04-30 14:51:40", "priceHint": 2, "regularMarketPrice": 24.0, "regularMarketDayHigh": 24.85, "regularMarketDayLow": 23.65, "regularMarketVolume": 13326, "averageDailyVolume10Day": 71251, "averageDailyVolume3Month": 18103, "regularMarketPreviousClose": 23.7, "regularMarketSource": "FREE_REALTIME", "regularMarketOpen": 23.75, "exchange": "BSE", "exchangeName": "BSE", "exchangeDataDelayedBy": 0, "marketState": "CLOSED", "quoteType": "EQUITY", "symbol": "SUMEDHA.BO", "underlyingSymbol": null, "shortName": "SUMEDHA FISCAL SERVICES LTD.", "longName": "Sumedha Fiscal Services Limited", "currency": "INR", "quoteSourceName": "Delayed Quote", "currencySymbol": "\u20b9", "fromCurrency": null, "toCurrency": null, "lastMarket": null, "marketCap": 191626080}, "balanceSheetHistory": {"balanceSheetStatements": [{"maxAge": 1, "endDate": "2020-03-31", "cash": 25190205, "netReceivables": 49504424, "otherCurrentAssets": 93393041, "totalCurrentAssets": 260691677, "longTermInvestments": 36375592, "propertyPlantEquipment": 109548173, "intangibleAssets": 453731, "otherAssets": 4222702, "totalAssets": 411291875, "otherCurrentLiab": 1179874, "longTermDebt": 1381885, "otherLiab": 17764086, "minorityInterest": 3499, "totalCurrentLiabilities": 7960683, "totalLiab": 27106654, "commonStock": 79844240, "retainedEarnings": 282414568, "treasuryStock": -3797250, "capitalSurplus": 25720164, "otherStockholderEquity": -3797250, "totalStockholderEquity": 384181722, "netTangibleAssets": 383727991}, {"maxAge": 1, "endDate": "2019-03-31", "cash": 99514756, "netReceivables": 52391839, "otherCurrentAssets": 36005969, "totalCurrentAssets": 310186093, "longTermInvestments": 37081177, "propertyPlantEquipment": 91474642, "intangibleAssets": 318553, "otherAssets": 6995314, "totalAssets": 446055779, "shortLongTermDebt": 475840, "otherCurrentLiab": 1302593, "longTermDebt": 1381885, "otherLiab": 11285764, "minorityInterest": 3375, "totalCurrentLiabilities": 8884571, "totalLiab": 21552220, "commonStock": 79844240, "retainedEarnings": 320600972, "treasuryStock": -1665192, "capitalSurplus": 25720164, "otherStockholderEquity": -1665192, "totalStockholderEquity": 424500184, "netTangibleAssets": 424181631}, {"maxAge": 1, "endDate": "2018-03-31", "cash": 47540464, "netReceivables": 63098545, "otherCurrentAssets": 62970466, "totalCurrentAssets": 282578234, "longTermInvestments": 37022491, "propertyPlantEquipment": 94963897, "intangibleAssets": 460446, "otherAssets": 7703248, "totalAssets": 422728316, "accountsPayable": 10452823, "shortLongTermDebt": 520236, "otherCurrentLiab": 1145893, "longTermDebt": 1857725, "otherLiab": 13826142, "minorityInterest": 3375, "totalCurrentLiabilities": 17394318, "totalLiab": 33078185, "commonStock": 79844240, "retainedEarnings": 285220206, "treasuryStock": -1137854, "capitalSurplus": 25720164, "otherStockholderEquity": -1137854, "totalStockholderEquity": 389646756, "netTangibleAssets": 389186310}, {"maxAge": 1, "endDate": "2017-03-31", "cash": 49018282, "netReceivables": 51122977, "otherCurrentAssets": 42968584, "totalCurrentAssets": 224295866, "longTermInvestments": 39322806, "propertyPlantEquipment": 81760278, "intangibleAssets": 219611, "otherAssets": 50363790, "totalAssets": 395962351, "accountsPayable": 6070152, "shortLongTermDebt": 321891, "otherCurrentLiab": 13738170, "longTermDebt": 83050, "otherLiab": 11939595, "minorityInterest": 3204, "totalCurrentLiabilities": 22223490, "totalLiab": 34246135, "commonStock": 79844240, "retainedEarnings": 258309844, "treasuryStock": -2161236, "capitalSurplus": 25720164, "otherStockholderEquity": -2161236, "totalStockholderEquity": 361713012, "netTangibleAssets": 361493401}], "maxAge": 86400}, "earningsTrend": {"trend": [{"maxAge": 1, "period": "0q", "endDate": null, "growth": {}, "earningsEstimate": {"avg": 0.0, "low": 0.0, "high": 0.0, "yearAgoEps": {}, "numberOfAnalysts": 0, "growth": {}}, "revenueEstimate": {"avg": 0, "low": 0, "high": 0, "numberOfAnalysts": 0, "yearAgoRevenue": {}, "growth": {}}, "epsTrend": {"current": 0.0, "7daysAgo": 0.0, "30daysAgo": 0.0, "60daysAgo": 0.0, "90daysAgo": 0.0}, "epsRevisions": {"upLast7days": 0, "upLast30days": 0, "downLast30days": 0, "downLast90days": {}}}, {"maxAge": 1, "period": "+1q", "endDate": null, "growth": {}, "earningsEstimate": {"avg": 0.0, "low": 0.0, "high": 0.0, "yearAgoEps": {}, "numberOfAnalysts": 0, "growth": {}}, "revenueEstimate": {"avg": 0, "low": 0, "high": 0, "numberOfAnalysts": 0, "yearAgoRevenue": {}, "growth": {}}, "epsTrend": {"current": 0.0, "7daysAgo": 0.0, "30daysAgo": 0.0, "60daysAgo": 0.0, "90daysAgo": 0.0}, "epsRevisions": {"upLast7days": 0, "upLast30days": 0, "downLast30days": 0, "downLast90days": {}}}, {"maxAge": 1, "period": "0y", "endDate": null, "growth": {}, "earningsEstimate": {"avg": 0.0, "low": 0.0, "high": 0.0, "yearAgoEps": {}, "numberOfAnalysts": 0, "growth": {}}, "revenueEstimate": {"avg": 0, "low": 0, "high": 0, "numberOfAnalysts": 0, "yearAgoRevenue": {}, "growth": {}}, "epsTrend": {"current": 0.0, "7daysAgo": 0.0, "30daysAgo": 0.0, "60daysAgo": 0.0, "90daysAgo": 0.0}, "epsRevisions": {"upLast7days": 0, "upLast30days": 0, "downLast30days": 0, "downLast90days": {}}}, {"maxAge": 1, "period": "+1y", "endDate": null, "growth": {}, "earningsEstimate": {"avg": 0.0, "low": 0.0, "high": 0.0, "yearAgoEps": {}, "numberOfAnalysts": 0, "growth": {}}, "revenueEstimate": {"avg": 0, "low": 0, "high": 0, "numberOfAnalysts": 0, "yearAgoRevenue": {}, "growth": {}}, "epsTrend": {"current": 0.0, "7daysAgo": 0.0, "30daysAgo": 0.0, "60daysAgo": 0.0, "90daysAgo": 0.0}, "epsRevisions": {"upLast7days": 0, "upLast30days": 0, "downLast30days": 0, "downLast90days": {}}}, {"maxAge": 1, "period": "+5y", "endDate": null, "growth": {}, "earningsEstimate": {"avg": {}, "low": {}, "high": {}, "yearAgoEps": {}, "numberOfAnalysts": {}, "growth": {}}, "revenueEstimate": {"avg": {}, "low": {}, "high": {}, "numberOfAnalysts": {}, "yearAgoRevenue": {}, "growth": {}}, "epsTrend": {"current": {}, "7daysAgo": {}, "30daysAgo": {}, "60daysAgo": {}, "90daysAgo": {}}, "epsRevisions": {"upLast7days": {}, "upLast30days": {}, "downLast30days": {}, "downLast90days": {}}}, {"maxAge": 1, "period": "-5y", "endDate": null, "growth": {}, "earningsEstimate": {"avg": {}, "low": {}, "high": {}, "yearAgoEps": {}, "numberOfAnalysts": {}, "growth": {}}, "revenueEstimate": {"avg": {}, "low": {}, "high": {}, "numberOfAnalysts": {}, "yearAgoRevenue": {}, "growth": {}}, "epsTrend": {"current": {}, "7daysAgo": {}, "30daysAgo": {}, "60daysAgo": {}, "90daysAgo": {}}, "epsRevisions": {"upLast7days": {}, "upLast30days": {}, "downLast30days": {}, "downLast90days": {}}}], "maxAge": 1}, "financialData": {"maxAge": 86400, "currentPrice": 24.0, "recommendationKey": "none", "grossProfits": 98163935, "financialCurrency": "INR"}}}