{"SUMIT.NS": {"assetProfile": {"address1": "B-1101, Express Zone", "address2": "Diagonally Opposite to Oberoi Mall Western Express Highway Malad (East)", "city": "Mumbai", "zip": "400097", "country": "India", "phone": "91 22 2874 9966", "fax": "91 22 2874 3377", "website": "http://www.sumitwoods.com", "industry": "Real Estate\u2014Development", "sector": "Real Estate", "longBusinessSummary": "Sumit Woods Limited engages in the real estate development activities in India. The company develops and sells residential, commercial, retail, and social infrastructure projects. Sumit Woods Limited was incorporated in 1997 and is headquartered in Mumbai, India.", "fullTimeEmployees": 32, "companyOfficers": [{"maxAge": 1, "name": "Ms. Priyanka  Waghela", "age": 29, "title": "CFO and Assistant Mang. of Accounts & Fin.", "yearBorn": 1991, "exercisedValue": 0, "unexercisedValue": 0}, {"maxAge": 1, "name": "Mr. Bhushan Subodh Nemlekar", "age": 42, "title": "Head of Sales Department, Whole Time Director & Director of Fin.", "yearBorn": 1978, "fiscalYear": 2020, "totalPay": 400000, "exercisedValue": 0, "unexercisedValue": 0}, {"maxAge": 1, "name": "Ms. Amruta Mitaram Jangid", "age": 29, "title": "Head of Marketing & Branding Operations", "yearBorn": 1991, "fiscalYear": 2020, "totalPay": 300000, "exercisedValue": 0, "unexercisedValue": 0}, {"maxAge": 1, "name": "Mr. Mitaram Ramlal Jangid", "age": 64, "title": "MD, Head of Design Devel. & Exec. Director", "yearBorn": 1956, "fiscalYear": 2019, "exercisedValue": 0, "unexercisedValue": 0}, {"maxAge": 1, "name": "Ms. Karishma  Panchal", "age": 32, "title": "Head of HR & Admin Department", "yearBorn": 1988, "exercisedValue": 0, "unexercisedValue": 0}, {"maxAge": 1, "name": "Mr. Ramesh  Sharma", "age": 42, "title": "Sr. Legal Exec.", "yearBorn": 1978, "exercisedValue": 0, "unexercisedValue": 0}, {"maxAge": 1, "name": "Ms. Pujadevi R. Chaurasia", "age": 30, "title": "Company Sec. & Compliance Officer", "yearBorn": 1990, "exercisedValue": 0, "unexercisedValue": 0}, {"maxAge": 1, "name": "Mr. Clint P. Dos Santos", "age": 45, "title": "Chief Engineer", "yearBorn": 1975, "exercisedValue": 0, "unexercisedValue": 0}, {"maxAge": 1, "name": "Mr. Kunal  Sonawane", "age": 33, "title": "Head of Purchase Department", "yearBorn": 1987, "exercisedValue": 0, "unexercisedValue": 0}], "compensationAsOfEpochDate": "2020-12-31 05:30:00", "maxAge": 86400}, "cashflowStatementHistory": {"cashflowStatements": [{"maxAge": 1, "endDate": "2020-03-31", "netIncome": 28333000, "depreciation": 6674000, "changeToNetincome": 110504000, "changeToAccountReceivables": -60446000, "changeToLiabilities": 25988000, "changeToInventory": -48843000, "changeToOperatingActivities": -132004000, "totalCashFromOperatingActivities": -69720000, "capitalExpenditures": -1861000, "investments": 59740000, "otherCashflowsFromInvestingActivities": 8636000, "totalCashflowsFromInvestingActivities": 66545000, "netBorrowings": 269436000, "otherCashflowsFromFinancingActivities": -84108000, "totalCashFromFinancingActivities": 6056000, "changeInCash": 2881000, "repurchaseOfStock": -179272000}, {"maxAge": 1, "endDate": "2019-03-31", "netIncome": 66943000, "depreciation": 7549000, "changeToNetincome": 28036000, "changeToAccountReceivables": 68291000, "changeToLiabilities": -53272000, "changeToInventory": 88206000, "changeToOperatingActivities": 28169000, "totalCashFromOperatingActivities": 234077000, "capitalExpenditures": -29823000, "investments": -67284000, "otherCashflowsFromInvestingActivities": 10424000, "totalCashflowsFromInvestingActivities": -86683000, "netBorrowings": -318951000, "otherCashflowsFromFinancingActivities": -81481000, "totalCashFromFinancingActivities": -194468000, "changeInCash": -47074000, "repurchaseOfStock": -179272000, "issuanceOfStock": 205964000}, {"maxAge": 1, "endDate": "2018-03-31", "netIncome": 77453168, "depreciation": 6268966, "changeToNetincome": 47298832, "changeToAccountReceivables": 73628016, "changeToLiabilities": -11410198, "changeToInventory": 7022082, "changeToOperatingActivities": -21602509, "totalCashFromOperatingActivities": 178658357, "capitalExpenditures": -66111, "investments": -44821571, "otherCashflowsFromInvestingActivities": 12537332, "totalCashflowsFromInvestingActivities": -43014404, "netBorrowings": -76295572, "otherCashflowsFromFinancingActivities": -60898980, "totalCashFromFinancingActivities": -122194432, "changeInCash": 13449522, "repurchaseOfStock": -179272000, "issuanceOfStock": 15000120}, {"maxAge": 1, "endDate": "2017-03-31", "netIncome": 31326000, "depreciation": 9296000, "changeToNetincome": 44653000, "changeToAccountReceivables": -79625000, "changeToLiabilities": -3608000, "changeToInventory": 180595000, "changeToOperatingActivities": -299380000, "totalCashFromOperatingActivities": -116743000, "capitalExpenditures": -166000, "investments": 26829000, "otherCashflowsFromInvestingActivities": 14767000, "totalCashflowsFromInvestingActivities": 49891000, "netBorrowings": 93215000, "otherCashflowsFromFinancingActivities": -63274000, "totalCashFromFinancingActivities": 37881000, "changeInCash": -28971000, "repurchaseOfStock": -179272000, "issuanceOfStock": 15000120}], "maxAge": 86400}, "institutionOwnership": {"ownershipList": [], "maxAge": 1}, "majorHoldersBreakdown": {"maxAge": 1}, "balanceSheetHistoryQuarterly": {"balanceSheetStatements": [{"maxAge": 1, "endDate": "2020-12-31", "totalStockholderEquity": 703851000, "netTangibleAssets": 703806000}, {"maxAge": 1, "endDate": "2020-09-30", "cash": 68544000, "shortTermInvestments": 72026000, "netReceivables": 211617000, "inventory": 1147831000, "otherCurrentAssets": 19676000, "totalCurrentAssets": 1519694000, "longTermInvestments": 122868000, "propertyPlantEquipment": 76384000, "intangibleAssets": 45000, "otherAssets": 67072000, "deferredLongTermAssetCharges": -1235000, "totalAssets": 1786063000, "accountsPayable": 100791000, "shortLongTermDebt": 5021000, "otherCurrentLiab": 184823000, "longTermDebt": 587381000, "otherLiab": -608000, "minorityInterest": 201841000, "totalCurrentLiabilities": 293598000, "totalLiab": 880371000, "commonStock": 305870000, "treasuryStock": 397981000, "otherStockholderEquity": 397981000, "totalStockholderEquity": 703851000, "netTangibleAssets": 703806000}, {"maxAge": 1, "endDate": "2020-06-30", "totalStockholderEquity": 794021000, "netTangibleAssets": 793950000}, {"maxAge": 1, "endDate": "2020-03-31", "cash": 25779000, "netReceivables": 179326000, "inventory": 1275952000, "otherCurrentAssets": 40403000, "totalCurrentAssets": 1523250000, "longTermInvestments": 220631000, "propertyPlantEquipment": 79275000, "intangibleAssets": 71000, "otherAssets": 58818000, "totalAssets": 1882045000, "accountsPayable": 90352000, "shortLongTermDebt": 4702000, "otherCurrentLiab": 166996000, "longTermDebt": 498510000, "otherLiab": 3359000, "minorityInterest": 271395000, "totalCurrentLiabilities": 314760000, "totalLiab": 816629000, "commonStock": 305870000, "retainedEarnings": 359733000, "capitalSurplus": 128418000, "totalStockholderEquity": 794021000, "netTangibleAssets": 793950000}], "maxAge": 86400}, "indexTrend": {"maxAge": 1, "symbol": "SP5", "peRatio": 19.7411, "pegRatio": 1.34172, "estimates": [{"period": "0q", "growth": 0.549}, {"period": "+1q", "growth": 0.431}, {"period": "0y", "growth": 0.305}, {"period": "+1y", "growth": 0.109}, {"period": "+5y", "growth": 0.120865}, {"period": "-5y"}]}, "defaultKeyStatistics": {"maxAge": 1, "priceHint": 2, "enterpriseValue": 940991616, "profitMargins": -0.59927, "floatShares": 11150712, "sharesOutstanding": 30587000, "beta": 0.345634, "category": null, "bookValue": 22.985, "priceToBook": 0.41331303, "fundFamily": null, "legalType": null, "lastFiscalYearEnd": "2020-03-31 05:30:00", "nextFiscalYearEnd": "2022-03-31 05:30:00", "mostRecentQuarter": "2020-12-31 05:30:00", "netIncomeToCommon": -209195008, "trailingEps": -6.832, "lastSplitFactor": "2:1", "lastSplitDate": "2019-07-16 05:30:00", "enterpriseToRevenue": 2.696, "enterpriseToEbitda": -8.589}, "summaryProfile": {"address1": "B-1101, Express Zone", "address2": "Diagonally Opposite to Oberoi Mall Western Express Highway Malad (East)", "city": "Mumbai", "zip": "400097", "country": "India", "phone": "91 22 2874 9966", "fax": "91 22 2874 3377", "website": "http://www.sumitwoods.com", "industry": "Real Estate\u2014Development", "sector": "Real Estate", "longBusinessSummary": "Sumit Woods Limited engages in the real estate development activities in India. The company develops and sells residential, commercial, retail, and social infrastructure projects. Sumit Woods Limited was incorporated in 1997 and is headquartered in Mumbai, India.", "fullTimeEmployees": 32, "companyOfficers": [], "maxAge": 86400}, "netSharePurchaseActivity": {"maxAge": 1, "period": "6m", "buyInfoCount": 0, "buyInfoShares": 0, "sellInfoCount": 0, "netInfoCount": 0, "netInfoShares": 0, "totalInsiderShares": 0}, "quoteType": {"exchange": "NSI", "quoteType": "EQUITY", "symbol": "SUMIT.NS", "underlyingSymbol": "SUMIT.NS", "shortName": "Sumit Woods Limited", "longName": "Sumit Woods Limited", "firstTradeDateEpochUtc": "2018-09-26 09:15:00", "timeZoneFullName": "Asia/Kolkata", "timeZoneShortName": "IST", "uuid": "d5434df0-7d77-301a-a821-30308c787a50", "gmtOffSetMilliseconds": 19800000, "maxAge": 1}, "incomeStatementHistory": {"incomeStatementHistory": [{"maxAge": 1, "endDate": "2020-03-31", "totalRevenue": 487109000, "costOfRevenue": 287433000, "grossProfit": 199676000, "researchDevelopment": {}, "sellingGeneralAdministrative": 35418000, "nonRecurring": {}, "otherOperatingExpenses": 18205000, "totalOperatingExpenses": 347804000, "operatingIncome": 139305000, "totalOtherIncomeExpenseNet": -56989000, "ebit": 139305000, "interestExpense": -55302000, "incomeBeforeTax": 82316000, "incomeTaxExpense": 22370000, "minorityInterest": 271395000, "netIncomeFromContinuingOps": 59946000, "discontinuedOperations": {}, "extraordinaryItems": {}, "effectOfAccountingCharges": {}, "otherItems": {}, "netIncome": 28333000, "netIncomeApplicableToCommonShares": 28333000}, {"maxAge": 1, "endDate": "2019-03-31", "totalRevenue": 538745000, "costOfRevenue": 355685000, "grossProfit": 183060000, "researchDevelopment": {}, "sellingGeneralAdministrative": 62015000, "nonRecurring": {}, "otherOperatingExpenses": 19577000, "totalOperatingExpenses": 444981000, "operatingIncome": 93764000, "totalOtherIncomeExpenseNet": -8445000, "ebit": 93764000, "interestExpense": -68827000, "incomeBeforeTax": 85319000, "incomeTaxExpense": 24600000, "minorityInterest": 401134000, "netIncomeFromContinuingOps": 60719000, "discontinuedOperations": {}, "extraordinaryItems": {}, "effectOfAccountingCharges": {}, "otherItems": {}, "netIncome": 66943000, "netIncomeApplicableToCommonShares": 66943000}, {"maxAge": 1, "endDate": "2018-03-31", "totalRevenue": 313930907, "costOfRevenue": 147408518, "grossProfit": 166522389, "researchDevelopment": {}, "sellingGeneralAdministrative": 27452048, "nonRecurring": {}, "otherOperatingExpenses": 19577000, "totalOperatingExpenses": 181429532, "operatingIncome": 132501375, "totalOtherIncomeExpenseNet": -31217049, "ebit": 132501375, "interestExpense": -59134147, "incomeBeforeTax": 101284326, "incomeTaxExpense": 23831158, "minorityInterest": 401134000, "netIncomeFromContinuingOps": 77453168, "discontinuedOperations": {}, "extraordinaryItems": {}, "effectOfAccountingCharges": {}, "otherItems": {}, "netIncome": 77453168, "netIncomeApplicableToCommonShares": 77453168}, {"maxAge": 1, "endDate": "2017-03-31", "totalRevenue": 445198000, "costOfRevenue": 233904000, "grossProfit": 211294000, "researchDevelopment": {}, "sellingGeneralAdministrative": 121339000, "nonRecurring": {}, "otherOperatingExpenses": 19577000, "totalOperatingExpenses": 364839000, "operatingIncome": 80359000, "totalOtherIncomeExpenseNet": -40914000, "ebit": 80359000, "interestExpense": -65446000, "incomeBeforeTax": 39445000, "incomeTaxExpense": 8119000, "minorityInterest": 401134000, "netIncomeFromContinuingOps": 31326000, "discontinuedOperations": {}, "extraordinaryItems": {}, "effectOfAccountingCharges": {}, "otherItems": {}, "netIncome": 31326000, "netIncomeApplicableToCommonShares": 31326000}], "maxAge": 86400}, "fundOwnership": {"ownershipList": [], "maxAge": 1}, "summaryDetail": {"maxAge": 1, "priceHint": 2, "previousClose": 9.4, "open": 9.6, "dayLow": 9.35, "dayHigh": 9.6, "regularMarketPreviousClose": 9.4, "regularMarketOpen": 9.6, "regularMarketDayLow": 9.35, "regularMarketDayHigh": 9.6, "payoutRatio": 0.0, "beta": 0.345634, "volume": 7476, "regularMarketVolume": 7476, "averageVolume": 33423, "averageVolume10days": 73783, "averageDailyVolume10Day": 73783, "bid": 0.0, "ask": 0.0, "marketCap": 290576512, "fiftyTwoWeekLow": 7.45, "fiftyTwoWeekHigh": 15.3, "priceToSalesTrailing12Months": 0.8323971, "fiftyDayAverage": 9.186363, "twoHundredDayAverage": 9.281428, "currency": "INR", "fromCurrency": null, "lastMarket": null, "algorithm": null, "tradeable": false}, "incomeStatementHistoryQuarterly": {"incomeStatementHistory": [{"maxAge": 1, "endDate": "2020-12-31", "totalRevenue": 149494000, "costOfRevenue": 165451000, "grossProfit": -15957000, "researchDevelopment": {}, "sellingGeneralAdministrative": 44148000, "nonRecurring": {}, "otherOperatingExpenses": {}, "totalOperatingExpenses": 210634000, "operatingIncome": -61140000, "totalOtherIncomeExpenseNet": -45673000, "ebit": -61140000, "interestExpense": -15788000, "incomeBeforeTax": -106813000, "incomeTaxExpense": -5609000, "minorityInterest": {}, "netIncomeFromContinuingOps": -101204000, "discontinuedOperations": {}, "extraordinaryItems": {}, "effectOfAccountingCharges": {}, "otherItems": {}, "netIncome": -83139000, "netIncomeApplicableToCommonShares": -83139000}, {"maxAge": 1, "endDate": "2020-09-30", "totalRevenue": 49383000, "costOfRevenue": 92355000, "grossProfit": -42972000, "researchDevelopment": {}, "sellingGeneralAdministrative": 8550000, "nonRecurring": {}, "otherOperatingExpenses": {}, "totalOperatingExpenses": 102378000, "operatingIncome": -52995000, "totalOtherIncomeExpenseNet": -25165000, "ebit": -52995000, "interestExpense": -15352000, "incomeBeforeTax": -78160000, "incomeTaxExpense": 3374000, "minorityInterest": 201841000, "netIncomeFromContinuingOps": -81534000, "discontinuedOperations": {}, "extraordinaryItems": {}, "effectOfAccountingCharges": {}, "otherItems": {}, "netIncome": -94010000, "netIncomeApplicableToCommonShares": -94010000}, {"maxAge": 1, "endDate": "2020-06-30", "totalRevenue": 52655000, "costOfRevenue": 63440000, "grossProfit": -10785000, "researchDevelopment": {}, "sellingGeneralAdministrative": 4737000, "nonRecurring": {}, "otherOperatingExpenses": 1537000, "totalOperatingExpenses": 71175000, "operatingIncome": -18520000, "totalOtherIncomeExpenseNet": -1689000, "ebit": -18520000, "interestExpense": -14638000, "incomeBeforeTax": -20209000, "incomeTaxExpense": 2625000, "minorityInterest": 201841000, "netIncomeFromContinuingOps": -22834000, "discontinuedOperations": {}, "extraordinaryItems": {}, "effectOfAccountingCharges": {}, "otherItems": {}, "netIncome": -19771000, "netIncomeApplicableToCommonShares": -19771000}, {"maxAge": 1, "endDate": "2020-03-31", "totalRevenue": 97552000, "costOfRevenue": 68296000, "grossProfit": 29256000, "researchDevelopment": {}, "sellingGeneralAdministrative": -7516000, "nonRecurring": {}, "otherOperatingExpenses": 18205000, "totalOperatingExpenses": 80472000, "operatingIncome": 17080000, "totalOtherIncomeExpenseNet": -38212000, "ebit": 17080000, "interestExpense": -28360000, "incomeBeforeTax": -21132000, "incomeTaxExpense": -1443000, "minorityInterest": 271395000, "netIncomeFromContinuingOps": -19689000, "discontinuedOperations": {}, "extraordinaryItems": {}, "effectOfAccountingCharges": {}, "otherItems": {}, "netIncome": -12274000, "netIncomeApplicableToCommonShares": -12274000}], "maxAge": 86400}, "cashflowStatementHistoryQuarterly": {"cashflowStatements": [{"maxAge": 1, "endDate": "2020-12-31", "netIncome": -83139000, "changeToLiabilities": 0}, {"maxAge": 1, "endDate": "2020-09-30", "netIncome": -94010000, "changeToLiabilities": 0}, {"maxAge": 1, "endDate": "2020-06-30", "netIncome": -19771000, "changeToLiabilities": 0}, {"maxAge": 1, "endDate": "2020-03-31", "netIncome": -12274000, "changeToLiabilities": 0}], "maxAge": 86400}, "insiderHolders": {"holders": [], "maxAge": 1}, "calendarEvents": {"maxAge": 1, "earnings": {"earningsDate": []}}, "upgradeDowngradeHistory": {"history": [], "maxAge": 86400}, "price": {"maxAge": 1, "regularMarketChangePercent": 0.0106383385, "regularMarketChange": 0.10000038, "regularMarketTime": "2021-04-30 15:27:04", "priceHint": 2, "regularMarketPrice": 9.5, "regularMarketDayHigh": 9.6, "regularMarketDayLow": 9.35, "regularMarketVolume": 7476, "averageDailyVolume10Day": 73783, "averageDailyVolume3Month": 33423, "regularMarketPreviousClose": 9.4, "regularMarketSource": "FREE_REALTIME", "regularMarketOpen": 9.6, "exchange": "NSI", "exchangeName": "NSE", "exchangeDataDelayedBy": 15, "marketState": "CLOSED", "quoteType": "EQUITY", "symbol": "SUMIT.NS", "underlyingSymbol": null, "shortName": "Sumit Woods Limited", "longName": "Sumit Woods Limited", "currency": "INR", "quoteSourceName": "Delayed Quote", "currencySymbol": "\u20b9", "fromCurrency": null, "lastMarket": null, "marketCap": 290576512}, "balanceSheetHistory": {"balanceSheetStatements": [{"maxAge": 1, "endDate": "2020-03-31", "cash": 25779000, "netReceivables": 179326000, "inventory": 1275952000, "otherCurrentAssets": 40403000, "totalCurrentAssets": 1523250000, "longTermInvestments": 220631000, "propertyPlantEquipment": 79275000, "intangibleAssets": 71000, "otherAssets": 58818000, "totalAssets": 1882045000, "accountsPayable": 90352000, "shortLongTermDebt": 4702000, "otherCurrentLiab": 166996000, "longTermDebt": 498510000, "otherLiab": 3359000, "minorityInterest": 271395000, "totalCurrentLiabilities": 314760000, "totalLiab": 816629000, "commonStock": 305870000, "retainedEarnings": 359733000, "capitalSurplus": 128418000, "totalStockholderEquity": 794021000, "netTangibleAssets": 793950000}, {"maxAge": 1, "endDate": "2019-03-31", "cash": 22898000, "shortTermInvestments": 5613000, "netReceivables": 122327000, "inventory": 1227109000, "otherCurrentAssets": 34253000, "totalCurrentAssets": 1413478000, "longTermInvestments": 259901000, "propertyPlantEquipment": 85667000, "intangibleAssets": 145000, "otherAssets": 53597000, "totalAssets": 1812788000, "accountsPayable": 64364000, "shortLongTermDebt": 68683000, "otherCurrentLiab": 143306000, "longTermDebt": 292601000, "otherLiab": 3027000, "minorityInterest": 401134000, "totalCurrentLiabilities": 347302000, "totalLiab": 642930000, "commonStock": 152935000, "retainedEarnings": 331219000, "capitalSurplus": 284570000, "totalStockholderEquity": 768724000, "netTangibleAssets": 768579000}, {"maxAge": 1, "endDate": "2018-03-31", "cash": 29577075, "shortTermInvestments": 33500, "netReceivables": 125769544, "inventory": 673226205, "otherCurrentAssets": 31161813, "totalCurrentAssets": 859985214, "longTermInvestments": 216934201, "propertyPlantEquipment": 76091219, "intangibleAssets": 299860, "otherAssets": 21777402, "deferredLongTermAssetCharges": 1279778, "totalAssets": 1175087896, "accountsPayable": 55534299, "otherCurrentLiab": 127278502, "longTermDebt": 404189754, "otherLiab": 2360262, "totalCurrentLiabilities": 273514343, "totalLiab": 680064359, "commonStock": 108405220, "retainedEarnings": 249584457, "capitalSurplus": 137033860, "totalStockholderEquity": 495023537, "netTangibleAssets": 494723677}, {"maxAge": 1, "endDate": "2017-03-31", "cash": 16128000, "shortTermInvestments": 34000, "netReceivables": 197728000, "inventory": 680248000, "otherCurrentAssets": 64388000, "totalCurrentAssets": 959554000, "longTermInvestments": 172189000, "propertyPlantEquipment": 82370000, "intangibleAssets": 501000, "otherAssets": 9698000, "deferredLongTermAssetCharges": 216000, "totalAssets": 1224312000, "accountsPayable": 66944000, "otherCurrentLiab": 176756000, "longTermDebt": 480485000, "otherLiab": 2473000, "totalCurrentLiabilities": 338788000, "totalLiab": 821746000, "commonStock": 77846000, "retainedEarnings": 172126000, "capitalSurplus": 152594000, "totalStockholderEquity": 402566000, "netTangibleAssets": 402065000}], "maxAge": 86400}, "financialData": {"maxAge": 86400, "currentPrice": 9.5, "recommendationKey": "none", "totalCash": 140570000, "totalCashPerShare": 4.599, "ebitda": -109557248, "totalDebt": 592401984, "totalRevenue": 349084000, "debtToEquity": 65.409, "revenuePerShare": 11.4, "grossProfits": 199676000, "revenueGrowth": -0.064, "grossMargins": -0.1159, "ebitdaMargins": -0.31384, "operatingMargins": -0.33108002, "profitMargins": -0.59927, "financialCurrency": "INR"}}}