{"SUMICHEM.NS": {"assetProfile": {"address1": "13/14, Aradhana Ind. Dev Corporation", "address2": "Near Virwani Industrial Estate Goregaon East", "city": "Mumbai", "zip": "400063", "country": "India", "phone": "91 22 4252 2200", "fax": "91 22 4252 2380", "website": "http://www.sumichem.co.in", "industry": "Agricultural Inputs", "sector": "Basic Materials", "longBusinessSummary": "Sumitomo Chemical India Limited manufactures and sells household insecticides, agricultural pesticides, public health insecticides, and animal nutrition products in India and internationally. The company operates through two segments, Agro Chemicals and Others. It offers crop protection products, such as insecticides, herbicides, fungicides, and miticides; plant nutrition and plant growth regulators; household pesticides; animal nutrition products; fumigants and rodenticides; and bio-pesticides. The company was founded in 2000 and is headquartered in Mumbai, India. Sumitomo Chemical India Limited is a subsidiary of Sumitomo Chemical Company Limited.", "fullTimeEmployees": 1652, "companyOfficers": [{"maxAge": 1, "name": "Mr. Anil S. Nawal", "age": 54, "title": "Chief Financial Officer", "yearBorn": 1966, "fiscalYear": 2020, "totalPay": 4120000, "exercisedValue": 0, "unexercisedValue": 0}, {"maxAge": 1, "name": "Mr. Pravin D. Desai", "title": "VP of Legal, Compliance Officer & Company Sec.", "fiscalYear": 2020, "totalPay": 3190000, "exercisedValue": 0, "unexercisedValue": 0}, {"maxAge": 1, "name": "Mr. Sushil Champaklal Marfatia", "age": 69, "title": "Exec. Director", "yearBorn": 1951, "fiscalYear": 2020, "totalPay": 16620000, "exercisedValue": 0, "unexercisedValue": 0}, {"maxAge": 1, "name": "Kunal Suresh Mittal", "age": 37, "title": "Sr. VP of Planning & Coordination Office", "yearBorn": 1983, "exercisedValue": 0, "unexercisedValue": 0}, {"maxAge": 1, "name": "Toshiaki  Taki", "age": 56, "title": "Sr. VP of Manufacturing Operations", "yearBorn": 1964, "exercisedValue": 0, "unexercisedValue": 0}, {"maxAge": 1, "name": "Kalpesh  Patel", "age": 52, "title": "VP of Sales & Marketing", "yearBorn": 1968, "exercisedValue": 0, "unexercisedValue": 0}, {"maxAge": 1, "name": "Pankaj  Garara", "age": 51, "title": "VP of Sales & Marketing", "yearBorn": 1969, "exercisedValue": 0, "unexercisedValue": 0}, {"maxAge": 1, "name": "Gaganpreet  Singh", "age": 46, "title": "VP of Sales & Marketing", "yearBorn": 1974, "exercisedValue": 0, "unexercisedValue": 0}, {"maxAge": 1, "name": "Mr. Chetan Shantilal Shah", "age": 66, "title": "MD & Exec. Director", "yearBorn": 1954, "exercisedValue": 0, "unexercisedValue": 0}, {"maxAge": 1, "name": "Kiyotaka  Ito", "age": 49, "title": "Gen. Mang. of Planning & Coordination", "yearBorn": 1971, "exercisedValue": 0, "unexercisedValue": 0}], "compensationAsOfEpochDate": "2020-12-31 05:30:00", "maxAge": 86400}, "cashflowStatementHistory": {"cashflowStatements": [{"maxAge": 1, "endDate": "2020-03-31", "netIncome": 2046950000, "depreciation": 393930000, "changeToNetincome": -148490000, "changeToAccountReceivables": -1783560000, "changeToLiabilities": 6600000, "changeToInventory": 925790000, "changeToOperatingActivities": 756990000, "totalCashFromOperatingActivities": 2213980000, "capitalExpenditures": -379990000, "investments": -844470000, "otherCashflowsFromInvestingActivities": 42870000, "totalCashflowsFromInvestingActivities": -1178610000, "dividendsPaid": -215240000, "netBorrowings": -334660000, "otherCashflowsFromFinancingActivities": -63970000, "totalCashFromFinancingActivities": -613870000, "changeInCash": 421500000}, {"maxAge": 1, "endDate": "2019-03-31", "netIncome": 1657960000, "depreciation": 258260000, "changeToNetincome": 164510000, "changeToAccountReceivables": -315300000, "changeToLiabilities": -318280000, "changeToInventory": -1794240000, "changeToOperatingActivities": 1104940000, "totalCashFromOperatingActivities": 777630000, "capitalExpenditures": -397340000, "investments": -1080000, "otherCashflowsFromInvestingActivities": 37730000, "totalCashflowsFromInvestingActivities": -353970000, "dividendsPaid": -589460000, "netBorrowings": 95990000, "otherCashflowsFromFinancingActivities": -161010000, "totalCashFromFinancingActivities": -654480000, "changeInCash": -230820000}, {"maxAge": 1, "endDate": "2018-03-31", "netIncome": 1451180000, "depreciation": 221420000, "changeToNetincome": -213940000, "changeToAccountReceivables": -360250000, "changeToLiabilities": 1153960000, "changeToInventory": -1871950000, "changeToOperatingActivities": 78110000, "totalCashFromOperatingActivities": 474420000, "capitalExpenditures": -434050000, "investments": -2850000, "otherCashflowsFromInvestingActivities": 37180000, "totalCashflowsFromInvestingActivities": -396440000, "dividendsPaid": -1270000, "netBorrowings": 101460000, "otherCashflowsFromFinancingActivities": -28360000, "totalCashFromFinancingActivities": 71830000, "changeInCash": 149810000}], "maxAge": 86400}, "institutionOwnership": {"ownershipList": [], "maxAge": 1}, "majorHoldersBreakdown": {"maxAge": 1, "insidersPercentHeld": 0.7537, "institutionsPercentHeld": 0.061279997, "institutionsFloatPercentHeld": 0.24879, "institutionsCount": 22}, "balanceSheetHistoryQuarterly": {"balanceSheetStatements": [{"maxAge": 1, "endDate": "2020-09-30", "cash": 4781770000, "shortTermInvestments": 2176620000, "netReceivables": 9799720000, "inventory": 4962860000, "otherCurrentAssets": 1162080000, "totalCurrentAssets": 22883050000, "longTermInvestments": 1300000, "propertyPlantEquipment": 3200590000, "intangibleAssets": 48770000, "otherAssets": 362160000, "deferredLongTermAssetCharges": 55870000, "totalAssets": 26495870000, "accountsPayable": 6157850000, "otherCurrentLiab": 5216110000, "otherLiab": 310580000, "totalCurrentLiabilities": 11662610000, "totalLiab": 12199720000, "commonStock": 4991460000, "treasuryStock": 9304690000, "otherStockholderEquity": 9304690000, "totalStockholderEquity": 14296150000, "netTangibleAssets": 14247380000}, {"maxAge": 1, "endDate": "2020-06-30", "totalStockholderEquity": 12217530000, "netTangibleAssets": 12162780000}, {"maxAge": 1, "endDate": "2020-03-31", "cash": 926140000, "shortTermInvestments": 2210000, "netReceivables": 8756550000, "inventory": 5880040000, "otherCurrentAssets": 972370000, "totalCurrentAssets": 17456040000, "longTermInvestments": 1260000, "propertyPlantEquipment": 3242750000, "intangibleAssets": 40400000, "otherAssets": 321160000, "deferredLongTermAssetCharges": 10910000, "totalAssets": 21061610000, "accountsPayable": 4909470000, "otherCurrentLiab": 855890000, "otherLiab": 251370000, "deferredLongTermLiab": 14350000, "totalCurrentLiabilities": 8398710000, "totalLiab": 8844080000, "commonStock": 4991460000, "retainedEarnings": 4844660000, "treasuryStock": 30810000, "capitalSurplus": 2350600000, "otherStockholderEquity": 30810000, "totalStockholderEquity": 12217530000, "netTangibleAssets": 12177130000}, {"maxAge": 1, "endDate": "2019-12-31"}], "maxAge": 86400}, "indexTrend": {"maxAge": 1, "symbol": "SP5", "peRatio": 19.7411, "pegRatio": 1.34172, "estimates": [{"period": "0q", "growth": 0.549}, {"period": "+1q", "growth": 0.431}, {"period": "0y", "growth": 0.305}, {"period": "+1y", "growth": 0.109}, {"period": "+5y", "growth": 0.120865}, {"period": "-5y"}]}, "defaultKeyStatistics": {"maxAge": 1, "priceHint": 2, "enterpriseValue": 142790934528, "profitMargins": 0.10349, "floatShares": 119952516, "sharesOutstanding": 499145984, "heldPercentInsiders": 0.7537, "heldPercentInstitutions": 0.061279997, "category": null, "bookValue": 28.636, "priceToBook": 10.448387, "fundFamily": null, "legalType": null, "lastFiscalYearEnd": "2020-03-31 05:30:00", "nextFiscalYearEnd": "2022-03-31 05:30:00", "mostRecentQuarter": "2020-09-30 05:30:00", "earningsQuarterlyGrowth": 0.235, "netIncomeToCommon": 2607450112, "trailingEps": 5.222, "lastSplitFactor": null, "enterpriseToRevenue": 5.667, "enterpriseToEbitda": 34.186}, "summaryProfile": {"address1": "13/14, Aradhana Ind. Dev Corporation", "address2": "Near Virwani Industrial Estate Goregaon East", "city": "Mumbai", "zip": "400063", "country": "India", "phone": "91 22 4252 2200", "fax": "91 22 4252 2380", "website": "http://www.sumichem.co.in", "industry": "Agricultural Inputs", "sector": "Basic Materials", "longBusinessSummary": "Sumitomo Chemical India Limited manufactures and sells household insecticides, agricultural pesticides, public health insecticides, and animal nutrition products in India and internationally. The company operates through two segments, Agro Chemicals and Others. It offers crop protection products, such as insecticides, herbicides, fungicides, and miticides; plant nutrition and plant growth regulators; household pesticides; animal nutrition products; fumigants and rodenticides; and bio-pesticides. The company was founded in 2000 and is headquartered in Mumbai, India. Sumitomo Chemical India Limited is a subsidiary of Sumitomo Chemical Company Limited.", "fullTimeEmployees": 1652, "companyOfficers": [], "maxAge": 86400}, "netSharePurchaseActivity": {"maxAge": 1, "period": "6m", "buyInfoCount": 0, "buyInfoShares": 0, "sellInfoCount": 0, "netInfoCount": 0, "netInfoShares": 0, "netPercentInsiderShares": 0.0, "totalInsiderShares": 376277568}, "insiderTransactions": {"transactions": [{"maxAge": 1, "shares": 16483654, "value": 65153290, "filerUrl": "", "transactionText": "Other at price 3.95 per share.", "filerName": "Sumitomo Chemical Co., Ltd.", "filerRelation": "Promoter", "moneyText": "", "startDate": "2020-10-01", "ownership": "D"}, {"maxAge": 1, "shares": 9982914, "value": 37550731, "filerUrl": "", "transactionText": "Sale at price 3.76 per share.", "filerName": "Sumitomo Chemical Co., Ltd.", "filerRelation": "Institution- Corporation", "moneyText": "", "startDate": "2020-06-29", "ownership": "D"}, {"maxAge": 1, "shares": 2, "filerUrl": "", "transactionText": "", "filerName": "Sumitomo Chemical Co., Ltd.", "filerRelation": "Institution- Corporation", "moneyText": "", "startDate": "2019-10-25", "ownership": "D"}, {"maxAge": 1, "shares": 126237775, "filerUrl": "", "transactionText": "", "filerName": "Sumitomo Chemical Co., Ltd.", "filerRelation": "Promoter", "moneyText": "", "startDate": "2019-10-07", "ownership": "D"}], "maxAge": 1}, "quoteType": {"exchange": "NSI", "quoteType": "EQUITY", "symbol": "SUMICHEM.NS", "underlyingSymbol": "SUMICHEM.NS", "shortName": "Sumitomo Chemical Ind Ltd", "longName": "Sumitomo Chemical India Limited", "firstTradeDateEpochUtc": "2020-01-27 09:15:00", "timeZoneFullName": "Asia/Kolkata", "timeZoneShortName": "IST", "uuid": "2b0a4a51-fe1a-385a-bfa1-717128bbf388", "gmtOffSetMilliseconds": 19800000, "maxAge": 1}, "incomeStatementHistory": {"incomeStatementHistory": [{"maxAge": 1, "endDate": "2020-03-31", "totalRevenue": 24247490000, "costOfRevenue": 16286070000, "grossProfit": 7961420000, "researchDevelopment": {}, "sellingGeneralAdministrative": 2265530000, "nonRecurring": {}, "otherOperatingExpenses": 2301330000, "totalOperatingExpenses": 21278490000, "operatingIncome": 2969000000, "totalOtherIncomeExpenseNet": -303790000, "ebit": 2969000000, "interestExpense": -38100000, "incomeBeforeTax": 2665210000, "incomeTaxExpense": 618260000, "minorityInterest": {}, "netIncomeFromContinuingOps": 2046950000, "discontinuedOperations": {}, "extraordinaryItems": {}, "effectOfAccountingCharges": {}, "otherItems": {}, "netIncome": 2046950000, "netIncomeApplicableToCommonShares": 2046950000}, {"maxAge": 1, "endDate": "2019-03-31", "totalRevenue": 22284200000, "costOfRevenue": 14829320000, "grossProfit": 7454880000, "researchDevelopment": {}, "sellingGeneralAdministrative": 2182410000, "nonRecurring": {}, "otherOperatingExpenses": 2298060000, "totalOperatingExpenses": 19597410000, "operatingIncome": 2686790000, "totalOtherIncomeExpenseNet": -88360000, "ebit": 2686790000, "interestExpense": -21770000, "incomeBeforeTax": 2598430000, "incomeTaxExpense": 940470000, "minorityInterest": {}, "netIncomeFromContinuingOps": 1657960000, "discontinuedOperations": {}, "extraordinaryItems": {}, "effectOfAccountingCharges": {}, "otherItems": {}, "netIncome": 1657960000, "netIncomeApplicableToCommonShares": 1657960000}, {"maxAge": 1, "endDate": "2018-03-31", "totalRevenue": 19128810000, "costOfRevenue": 12627600000, "grossProfit": 6501210000, "researchDevelopment": {}, "sellingGeneralAdministrative": 2156300000, "nonRecurring": {}, "otherOperatingExpenses": 2099150000, "totalOperatingExpenses": 17148470000, "operatingIncome": 1980340000, "totalOtherIncomeExpenseNet": 229320000, "ebit": 1980340000, "interestExpense": -15660000, "incomeBeforeTax": 2209660000, "incomeTaxExpense": 758480000, "minorityInterest": {}, "netIncomeFromContinuingOps": 1451180000, "discontinuedOperations": {}, "extraordinaryItems": {}, "effectOfAccountingCharges": {}, "otherItems": {}, "netIncome": 1451180000, "netIncomeApplicableToCommonShares": 1451180000}], "maxAge": 86400}, "fundOwnership": {"ownershipList": [], "maxAge": 1}, "summaryDetail": {"maxAge": 1, "priceHint": 2, "previousClose": 307.85, "open": 304.8, "dayLow": 298.5, "dayHigh": 309.65, "regularMarketPreviousClose": 307.85, "regularMarketOpen": 304.8, "regularMarketDayLow": 298.5, "regularMarketDayHigh": 309.65, "dividendRate": 0.55, "dividendYield": 0.0018000001, "exDividendDate": "2020-09-02 05:30:00", "payoutRatio": 0.0874, "trailingPE": 57.296055, "volume": 366864, "regularMarketVolume": 366864, "averageVolume": 485744, "averageVolume10days": 512261, "averageDailyVolume10Day": 512261, "bid": 0.0, "ask": 0.0, "marketCap": 148932198400, "fiftyTwoWeekLow": 189.6, "fiftyTwoWeekHigh": 338.5, "priceToSalesTrailing12Months": 5.9110518, "fiftyDayAverage": 288.84705, "twoHundredDayAverage": 293.67587, "trailingAnnualDividendRate": 0.55, "trailingAnnualDividendYield": 0.0017865844, "currency": "INR", "fromCurrency": null, "lastMarket": null, "algorithm": null, "tradeable": false}, "incomeStatementHistoryQuarterly": {"incomeStatementHistory": [{"maxAge": 1, "endDate": "2020-09-30", "totalRevenue": 9020130000, "costOfRevenue": 5419320000, "grossProfit": 3600810000, "researchDevelopment": {}, "sellingGeneralAdministrative": 540830000, "nonRecurring": {}, "otherOperatingExpenses": 871440000, "totalOperatingExpenses": 6944110000, "operatingIncome": 2076020000, "totalOtherIncomeExpenseNet": 44570000, "ebit": 2076020000, "interestExpense": -16790000, "incomeBeforeTax": 2120590000, "incomeTaxExpense": 542990000, "minorityInterest": {}, "netIncomeFromContinuingOps": 1577600000, "discontinuedOperations": {}, "extraordinaryItems": {}, "effectOfAccountingCharges": {}, "otherItems": {}, "netIncome": 1577600000, "netIncomeApplicableToCommonShares": 1577600000}, {"maxAge": 1, "endDate": "2020-06-30", "totalRevenue": 6476950000, "costOfRevenue": 4226470000, "grossProfit": 2250480000, "researchDevelopment": {}, "sellingGeneralAdministrative": 483380000, "nonRecurring": {}, "otherOperatingExpenses": 580510000, "totalOperatingExpenses": 5398200000, "operatingIncome": 1078750000, "totalOtherIncomeExpenseNet": 10380000, "ebit": 1078750000, "interestExpense": -12830000, "incomeBeforeTax": 1089130000, "incomeTaxExpense": 295120000, "minorityInterest": {}, "netIncomeFromContinuingOps": 794010000, "discontinuedOperations": {}, "extraordinaryItems": {}, "effectOfAccountingCharges": {}, "otherItems": {}, "netIncome": 794010000, "netIncomeApplicableToCommonShares": 794010000}, {"maxAge": 1, "endDate": "2020-03-31", "totalRevenue": 4457680000, "costOfRevenue": 3108540000, "grossProfit": 1349140000, "researchDevelopment": {}, "sellingGeneralAdministrative": 937600000, "nonRecurring": {}, "otherOperatingExpenses": -71000000, "totalOperatingExpenses": 4120430000, "operatingIncome": 337250000, "totalOtherIncomeExpenseNet": -21150000, "ebit": 337250000, "interestExpense": -12830000, "incomeBeforeTax": 316100000, "incomeTaxExpense": 87040000, "minorityInterest": {}, "netIncomeFromContinuingOps": 229060000, "discontinuedOperations": {}, "extraordinaryItems": {}, "effectOfAccountingCharges": {}, "otherItems": {}, "netIncome": 229060000, "netIncomeApplicableToCommonShares": 229060000}, {"maxAge": 1, "endDate": "2019-12-31", "totalRevenue": 5230210000, "costOfRevenue": 3562890000, "grossProfit": 1667320000, "researchDevelopment": {}, "sellingGeneralAdministrative": 445860000, "nonRecurring": {}, "otherOperatingExpenses": 764120000, "totalOperatingExpenses": 4870210000, "operatingIncome": 360000000, "totalOtherIncomeExpenseNet": -252930000, "ebit": 360000000, "interestExpense": -12540000, "incomeBeforeTax": 107070000, "incomeTaxExpense": 100290000, "minorityInterest": {}, "netIncomeFromContinuingOps": 6780000, "discontinuedOperations": {}, "extraordinaryItems": {}, "effectOfAccountingCharges": {}, "otherItems": {}, "netIncome": 6780000, "netIncomeApplicableToCommonShares": 6780000}], "maxAge": 86400}, "cashflowStatementHistoryQuarterly": {"cashflowStatements": [{"maxAge": 1, "endDate": "2020-09-30", "netIncome": 1577600000, "changeToLiabilities": 0}, {"maxAge": 1, "endDate": "2020-06-30", "netIncome": 794010000, "changeToLiabilities": 0}, {"maxAge": 1, "endDate": "2020-03-31", "netIncome": 229060000, "changeToLiabilities": 0}, {"maxAge": 1, "endDate": "2019-12-31", "netIncome": 6780000, "changeToLiabilities": 0}], "maxAge": 86400}, "insiderHolders": {"holders": [{"maxAge": 1, "name": "Sumitomo Chemical Co., Ltd.", "relation": "Promoter", "url": "", "transactionDescription": "Other", "latestTransDate": "2020-10-01", "positionDirect": 374359300, "positionDirectDate": "2020-10-01"}], "maxAge": 1}, "calendarEvents": {"maxAge": 1, "earnings": {"earningsDate": []}, "exDividendDate": "2020-09-02 05:30:00"}, "upgradeDowngradeHistory": {"history": [], "maxAge": 86400}, "price": {"maxAge": 1, "regularMarketChangePercent": -0.028098078, "regularMarketChange": -8.649994, "regularMarketTime": "2021-04-30 15:29:59", "priceHint": 2, "regularMarketPrice": 299.2, "regularMarketDayHigh": 309.65, "regularMarketDayLow": 298.5, "regularMarketVolume": 366864, "averageDailyVolume10Day": 512261, "averageDailyVolume3Month": 485744, "regularMarketPreviousClose": 307.85, "regularMarketSource": "FREE_REALTIME", "regularMarketOpen": 304.8, "exchange": "NSI", "exchangeName": "NSE", "exchangeDataDelayedBy": 15, "marketState": "CLOSED", "quoteType": "EQUITY", "symbol": "SUMICHEM.NS", "underlyingSymbol": null, "shortName": "Sumitomo Chemical Ind Ltd", "longName": "Sumitomo Chemical India Limited", "currency": "INR", "quoteSourceName": "Delayed Quote", "currencySymbol": "\u20b9", "fromCurrency": null, "lastMarket": null, "marketCap": 148932198400}, "balanceSheetHistory": {"balanceSheetStatements": [{"maxAge": 1, "endDate": "2020-03-31", "cash": 926140000, "shortTermInvestments": 2210000, "netReceivables": 8756550000, "inventory": 5880040000, "otherCurrentAssets": 972370000, "totalCurrentAssets": 17456040000, "longTermInvestments": 1260000, "propertyPlantEquipment": 3242750000, "intangibleAssets": 40400000, "otherAssets": 321160000, "deferredLongTermAssetCharges": 10910000, "totalAssets": 21061610000, "accountsPayable": 4909470000, "otherCurrentLiab": 855890000, "otherLiab": 251370000, "deferredLongTermLiab": 14350000, "totalCurrentLiabilities": 8398710000, "totalLiab": 8844080000, "commonStock": 4991460000, "retainedEarnings": 4844660000, "treasuryStock": 30810000, "capitalSurplus": 2350600000, "otherStockholderEquity": 30810000, "totalStockholderEquity": 12217530000, "netTangibleAssets": 12177130000}, {"maxAge": 1, "endDate": "2019-03-31", "cash": 504640000, "shortTermInvestments": 6140000, "netReceivables": 6908380000, "inventory": 6805830000, "otherCurrentAssets": 1129420000, "totalCurrentAssets": 15416850000, "longTermInvestments": 1410000, "propertyPlantEquipment": 2803510000, "intangibleAssets": 52100000, "otherAssets": 325800000, "totalAssets": 18599670000, "accountsPayable": 4807820000, "otherCurrentLiab": 999290000, "otherLiab": 302340000, "deferredLongTermLiab": 17970000, "totalCurrentLiabilities": 7813370000, "totalLiab": 8115710000, "commonStock": 2745880000, "retainedEarnings": 3120190000, "treasuryStock": 2267290000, "capitalSurplus": 2350600000, "otherStockholderEquity": 2267290000, "totalStockholderEquity": 10483960000, "netTangibleAssets": 10431860000}, {"maxAge": 1, "endDate": "2018-03-31", "cash": 735460000, "shortTermInvestments": 3230000, "netReceivables": 5626800000, "inventory": 6092620000, "otherCurrentAssets": 969660000, "totalCurrentAssets": 13456800000, "longTermInvestments": 1430000, "propertyPlantEquipment": 2692390000, "intangibleAssets": 49820000, "otherAssets": 383440000, "totalAssets": 16583880000, "accountsPayable": 5272560000, "otherCurrentLiab": 849770000, "otherLiab": 325270000, "deferredLongTermLiab": 12080000, "totalCurrentLiabilities": 6718580000, "totalLiab": 7043850000, "commonStock": 2745880000, "retainedEarnings": 2173570000, "treasuryStock": 2269980000, "capitalSurplus": 2350600000, "otherStockholderEquity": 2269980000, "totalStockholderEquity": 9540030000, "netTangibleAssets": 9490210000}], "maxAge": 86400}, "financialData": {"maxAge": 86400, "currentPrice": 299.2, "recommendationKey": "none", "totalCash": 6958389760, "totalCashPerShare": 13.938, "ebitda": 4176900096, "totalDebt": 376560000, "quickRatio": 1.43, "currentRatio": 1.962, "totalRevenue": 25195550720, "debtToEquity": 2.634, "revenuePerShare": 50.459, "grossProfits": 7961420000, "operatingCashflow": 5913739776, "earningsGrowth": 0.234, "revenueGrowth": 0.087, "grossMargins": 0.35237, "ebitdaMargins": 0.16578, "operatingMargins": 0.15329, "profitMargins": 0.10349, "financialCurrency": "INR"}}}