{"SUMMITSEC.NS": {"assetProfile": {"address1": "213, Bezzola Complex", "address2": "B Wing, 71 Sion-Trombay Road", "city": "Mumbai", "zip": "400071", "country": "India", "phone": "91 22 2529 2152", "fax": "91 22 2529 7423", "website": "http://www.summitsecurities.net", "industry": "Capital Markets", "sector": "Financial Services", "longBusinessSummary": "Summit Securities Limited, a non-banking financial company, engages in investment and financial activities. The investments of the firm are typically long term in nature and predominantly in the equity markets. The firm typically invests in companies in real estate sector. Summit Securities Limited was formerly known as RPG Itochu Finance Limited. The company was incorporated on January 30, 1997 and is based in Mumbai, India.", "fullTimeEmployees": 9, "companyOfficers": [{"maxAge": 1, "name": "Mr. Parasmal  Rakhecha", "title": "Chief Financial Officer", "fiscalYear": 2019, "totalPay": 4476395, "exercisedValue": 0, "unexercisedValue": 0}, {"maxAge": 1, "name": "Ms. Jiya  Gangwani", "title": "Company Sec. & Compliance Officer", "fiscalYear": 2019, "totalPay": 1847605, "exercisedValue": 0, "unexercisedValue": 0}, {"maxAge": 1, "name": "Mr. Pragnesh  Mistry", "title": "Chief Information Officer", "exercisedValue": 0, "unexercisedValue": 0}], "compensationAsOfEpochDate": "2019-12-31 05:30:00", "maxAge": 86400}, "cashflowStatementHistory": {"cashflowStatements": [{"maxAge": 1, "endDate": "2020-03-31", "netIncome": 720481000, "depreciation": 85000, "changeToNetincome": 57077000, "changeToLiabilities": 0, "changeToOperatingActivities": 18912000, "totalCashFromOperatingActivities": 796555000, "capitalExpenditures": -2082000, "investments": -540053000, "totalCashflowsFromInvestingActivities": -542135000, "changeInCash": 254419000}, {"maxAge": 1, "endDate": "2019-03-31", "netIncome": 344688000, "depreciation": 187000, "changeToNetincome": -23445000, "changeToLiabilities": 0, "changeToOperatingActivities": -361833000, "totalCashFromOperatingActivities": -40403000, "capitalExpenditures": -167000, "investments": 101954000, "totalCashflowsFromInvestingActivities": 101787000, "changeInCash": 61384000}, {"maxAge": 1, "endDate": "2018-03-31", "netIncome": 1212881000, "depreciation": 106000, "changeToNetincome": -1264107000, "changeToAccountReceivables": 211000, "changeToLiabilities": 363397000, "changeToOperatingActivities": -2756000, "totalCashFromOperatingActivities": 309732000, "capitalExpenditures": -131000, "investments": -374260000, "totalCashflowsFromInvestingActivities": -374391000, "changeInCash": -64759000}, {"maxAge": 1, "endDate": "2017-03-31", "netIncome": 69229000, "depreciation": 123000, "changeToNetincome": -50332000, "changeToAccountReceivables": 9532000, "changeToLiabilities": -9851000, "changeToOperatingActivities": 37000, "totalCashFromOperatingActivities": 18738000, "capitalExpenditures": -131000, "investments": -299901000, "totalCashflowsFromInvestingActivities": -299901000, "changeInCash": -281163000}], "maxAge": 86400}, "institutionOwnership": {"ownershipList": [], "maxAge": 1}, "majorHoldersBreakdown": {"maxAge": 1, "insidersPercentHeld": 0.03534, "institutionsPercentHeld": 0.76216006, "institutionsFloatPercentHeld": 0.79007006, "institutionsCount": 2}, "balanceSheetHistoryQuarterly": {"balanceSheetStatements": [{"maxAge": 1, "endDate": "2020-12-31", "totalStockholderEquity": 36242217000, "netTangibleAssets": 36242217000}, {"maxAge": 1, "endDate": "2020-09-30", "cash": 47389000, "netReceivables": 2138000, "totalCurrentAssets": 49527000, "longTermInvestments": 39511898000, "propertyPlantEquipment": 2054000, "otherAssets": 4126000, "totalAssets": 39567605000, "otherCurrentLiab": 3358000, "otherLiab": 3288015000, "totalCurrentLiabilities": 37373000, "totalLiab": 3325388000, "commonStock": 109018000, "treasuryStock": 36133199000, "otherStockholderEquity": 36133199000, "totalStockholderEquity": 36242217000, "netTangibleAssets": 36242217000}, {"maxAge": 1, "endDate": "2020-06-30", "totalStockholderEquity": 22999679000, "netTangibleAssets": 22999679000}, {"maxAge": 1, "endDate": "2020-03-31", "cash": 319916000, "netReceivables": 11040000, "otherCurrentAssets": 4128000, "totalCurrentAssets": 24606287000, "longTermInvestments": 277000, "propertyPlantEquipment": 2137000, "totalAssets": 24608701000, "otherLiab": 1573079000, "totalCurrentLiabilities": 35943000, "totalLiab": 1609022000, "commonStock": 109018000, "retainedEarnings": 7310501000, "treasuryStock": 15580160000, "otherStockholderEquity": 15580160000, "totalStockholderEquity": 22999679000, "netTangibleAssets": 22999679000}], "maxAge": 86400}, "indexTrend": {"maxAge": 1, "symbol": "SP5", "peRatio": 19.7411, "pegRatio": 1.34172, "estimates": [{"period": "0q", "growth": 0.549}, {"period": "+1q", "growth": 0.431}, {"period": "0y", "growth": 0.305}, {"period": "+1y", "growth": 0.109}, {"period": "+5y", "growth": 0.120865}, {"period": "-5y"}]}, "defaultKeyStatistics": {"maxAge": 1, "priceHint": 2, "enterpriseValue": 5546641920, "profitMargins": 0.77822995, "floatShares": 2211208, "sharesOutstanding": 10901800, "heldPercentInsiders": 0.03534, "heldPercentInstitutions": 0.76216006, "beta": 1.144814, "category": null, "bookValue": 3330.04, "priceToBook": 0.15827137, "fundFamily": null, "legalType": null, "lastFiscalYearEnd": "2020-03-31 05:30:00", "nextFiscalYearEnd": "2022-03-31 05:30:00", "mostRecentQuarter": "2020-12-31 05:30:00", "earningsQuarterlyGrowth": 294.091, "netIncomeToCommon": 492996992, "trailingEps": 45.22, "lastSplitFactor": null, "enterpriseToRevenue": 8.756, "enterpriseToEbitda": 9.177}, "summaryProfile": {"address1": "213, Bezzola Complex", "address2": "B Wing, 71 Sion-Trombay Road", "city": "Mumbai", "zip": "400071", "country": "India", "phone": "91 22 2529 2152", "fax": "91 22 2529 7423", "website": "http://www.summitsecurities.net", "industry": "Capital Markets", "sector": "Financial Services", "longBusinessSummary": "Summit Securities Limited, a non-banking financial company, engages in investment and financial activities. The investments of the firm are typically long term in nature and predominantly in the equity markets. The firm typically invests in companies in real estate sector. Summit Securities Limited was formerly known as RPG Itochu Finance Limited. The company was incorporated on January 30, 1997 and is based in Mumbai, India.", "fullTimeEmployees": 9, "companyOfficers": [], "maxAge": 86400}, "netSharePurchaseActivity": {"maxAge": 1, "period": "6m", "buyInfoCount": 0, "buyInfoShares": 0, "sellInfoCount": 0, "netInfoCount": 0, "netInfoShares": 0, "netPercentInsiderShares": 0.0, "totalInsiderShares": 385592}, "insiderTransactions": {"transactions": [{"maxAge": 1, "shares": 1501, "value": 12112, "filerUrl": "", "transactionText": "Other at price 8.07 per share.", "filerName": "Goenka (Harsh Vardhan)", "filerRelation": "Promoter", "moneyText": "", "startDate": "2021-03-03", "ownership": "D"}, {"maxAge": 1, "shares": 16157, "value": 130375, "filerUrl": "", "transactionText": "Other at price 8.07 per share.", "filerName": "Monitor Portfolio Trust", "filerRelation": "Promoter", "moneyText": "", "startDate": "2021-03-03", "ownership": "D"}, {"maxAge": 1, "shares": 3373, "filerUrl": "", "transactionText": "", "filerName": "Goenka (Harsh Vardhan)", "filerRelation": "Promoter", "moneyText": "", "startDate": "2016-12-28", "ownership": "D"}, {"maxAge": 1, "shares": 4362, "filerUrl": "", "transactionText": "", "filerName": "Goenka (Harsh Vardhan)", "filerRelation": "Promoter", "moneyText": "", "startDate": "2016-12-26", "ownership": "D"}, {"maxAge": 1, "shares": 3173, "filerUrl": "", "transactionText": "", "filerName": "Goenka (Harsh Vardhan)", "filerRelation": "Promoter", "moneyText": "", "startDate": "2016-12-20", "ownership": "D"}, {"maxAge": 1, "shares": 5246, "filerUrl": "", "transactionText": "", "filerName": "Goenka (Harsh Vardhan)", "filerRelation": "Promoter", "moneyText": "", "startDate": "2016-12-08", "ownership": "D"}, {"maxAge": 1, "shares": 4181, "filerUrl": "", "transactionText": "", "filerName": "Swallow Associates Ltd", "filerRelation": "Promoter", "moneyText": "", "startDate": "2016-06-22", "ownership": "D"}, {"maxAge": 1, "shares": 12797, "filerUrl": "", "transactionText": "", "filerName": "Swallow Associates Ltd", "filerRelation": "Promoter", "moneyText": "", "startDate": "2016-05-09", "ownership": "D"}, {"maxAge": 1, "shares": 245455, "filerUrl": "", "transactionText": "", "filerName": "Mathew (Suresh)", "filerRelation": "UNREPORTED", "moneyText": "", "startDate": "2016-03-30", "ownership": "D"}, {"maxAge": 1, "shares": 353627, "filerUrl": "", "transactionText": "", "filerName": "Swallow Associates Ltd", "filerRelation": "Institution- Corporation", "moneyText": "", "startDate": "2016-03-30", "ownership": "D"}, {"maxAge": 1, "shares": 24408, "filerUrl": "", "transactionText": "", "filerName": "Swallow Associates Ltd", "filerRelation": "Institution- Corporation", "moneyText": "", "startDate": "2016-01-06", "ownership": "D"}, {"maxAge": 1, "shares": 3, "filerUrl": "", "transactionText": "", "filerName": "Goenka (Harsh Vardhan)", "filerRelation": "Promoter", "moneyText": "", "startDate": "2014-07-21", "ownership": "D"}], "maxAge": 1}, "quoteType": {"exchange": "NSI", "quoteType": "EQUITY", "symbol": "SUMMITSEC.NS", "underlyingSymbol": "SUMMITSEC.NS", "shortName": "SUMMIT SECURITIES", "longName": "Summit Securities Limited", "firstTradeDateEpochUtc": "2009-11-26 09:15:00", "timeZoneFullName": "Asia/Kolkata", "timeZoneShortName": "IST", "uuid": "56ff916e-a6dc-3250-8b28-07da5fc6d50f", "gmtOffSetMilliseconds": 19800000, "maxAge": 1}, "incomeStatementHistory": {"incomeStatementHistory": [{"maxAge": 1, "endDate": "2020-03-31", "totalRevenue": 818854000, "costOfRevenue": 116000, "grossProfit": 818738000, "researchDevelopment": {}, "sellingGeneralAdministrative": 14804000, "nonRecurring": {}, "otherOperatingExpenses": 19266000, "totalOperatingExpenses": 34271000, "operatingIncome": 784583000, "totalOtherIncomeExpenseNet": -80998000, "ebit": 784583000, "interestExpense": {}, "incomeBeforeTax": 703585000, "incomeTaxExpense": -16896000, "minorityInterest": {}, "netIncomeFromContinuingOps": 720481000, "discontinuedOperations": {}, "extraordinaryItems": {}, "effectOfAccountingCharges": {}, "otherItems": {}, "netIncome": 720481000, "netIncomeApplicableToCommonShares": 720481000}, {"maxAge": 1, "endDate": "2019-03-31", "totalRevenue": 382633000, "costOfRevenue": 124000, "grossProfit": 382509000, "researchDevelopment": {}, "sellingGeneralAdministrative": 12056000, "nonRecurring": {}, "otherOperatingExpenses": 20042000, "totalOperatingExpenses": 32409000, "operatingIncome": 350224000, "totalOtherIncomeExpenseNet": 1184000, "ebit": 350224000, "interestExpense": -158000, "incomeBeforeTax": 351408000, "incomeTaxExpense": 6720000, "minorityInterest": {}, "netIncomeFromContinuingOps": 344688000, "discontinuedOperations": {}, "extraordinaryItems": {}, "effectOfAccountingCharges": {}, "otherItems": {}, "netIncome": 344688000, "netIncomeApplicableToCommonShares": 344688000}, {"maxAge": 1, "endDate": "2018-03-31", "totalRevenue": 1414800000, "costOfRevenue": 49000, "grossProfit": 1414751000, "researchDevelopment": {}, "sellingGeneralAdministrative": 14970000, "nonRecurring": {}, "otherOperatingExpenses": 17838000, "totalOperatingExpenses": 32963000, "operatingIncome": 1381837000, "totalOtherIncomeExpenseNet": -873000, "ebit": 1381837000, "interestExpense": -873000, "incomeBeforeTax": 1380964000, "incomeTaxExpense": 168083000, "minorityInterest": {}, "netIncomeFromContinuingOps": 1212881000, "discontinuedOperations": {}, "extraordinaryItems": {}, "effectOfAccountingCharges": {}, "otherItems": {}, "netIncome": 1212881000, "netIncomeApplicableToCommonShares": 1212881000}, {"maxAge": 1, "endDate": "2017-03-31", "totalRevenue": 54085000, "costOfRevenue": 61000, "grossProfit": 54024000, "researchDevelopment": {}, "sellingGeneralAdministrative": 14674000, "nonRecurring": {}, "otherOperatingExpenses": 10320000, "totalOperatingExpenses": 25178000, "operatingIncome": 28907000, "totalOtherIncomeExpenseNet": 4607000, "ebit": 28907000, "interestExpense": -31000, "incomeBeforeTax": 33514000, "incomeTaxExpense": -35715000, "minorityInterest": 100000, "netIncomeFromContinuingOps": 69229000, "discontinuedOperations": {}, "extraordinaryItems": {}, "effectOfAccountingCharges": {}, "otherItems": {}, "netIncome": 69229000, "netIncomeApplicableToCommonShares": 69229000}], "maxAge": 86400}, "fundOwnership": {"ownershipList": [], "maxAge": 1}, "summaryDetail": {"maxAge": 1, "priceHint": 2, "previousClose": 512.7, "open": 509.95, "dayLow": 508.05, "dayHigh": 530.05, "regularMarketPreviousClose": 512.7, "regularMarketOpen": 509.95, "regularMarketDayLow": 508.05, "regularMarketDayHigh": 530.05, "payoutRatio": 0.0, "beta": 1.144814, "trailingPE": 11.65524, "volume": 2052, "regularMarketVolume": 2052, "averageVolume": 5299, "averageVolume10days": 2546, "averageDailyVolume10Day": 2546, "bid": 0.0, "ask": 0.0, "bidSize": 0, "askSize": 0, "marketCap": 5743527424, "fiftyTwoWeekLow": 271.85, "fiftyTwoWeekHigh": 619.0, "priceToSalesTrailing12Months": 9.066499, "fiftyDayAverage": 558.7788, "twoHundredDayAverage": 497.07144, "currency": "INR", "fromCurrency": null, "lastMarket": null, "algorithm": null, "tradeable": false}, "incomeStatementHistoryQuarterly": {"incomeStatementHistory": [{"maxAge": 1, "endDate": "2020-12-31", "totalRevenue": 87555000, "costOfRevenue": 0, "grossProfit": 87555000, "researchDevelopment": {}, "sellingGeneralAdministrative": 3809000, "nonRecurring": {}, "otherOperatingExpenses": 853000, "totalOperatingExpenses": 4712000, "operatingIncome": 82843000, "totalOtherIncomeExpenseNet": -1446000, "ebit": 82843000, "interestExpense": {}, "incomeBeforeTax": 81397000, "incomeTaxExpense": 16477000, "minorityInterest": {}, "netIncomeFromContinuingOps": 64920000, "discontinuedOperations": {}, "extraordinaryItems": {}, "effectOfAccountingCharges": {}, "otherItems": {}, "netIncome": 64920000, "netIncomeApplicableToCommonShares": 64920000}, {"maxAge": 1, "endDate": "2020-09-30", "totalRevenue": 45338000, "costOfRevenue": 0, "grossProfit": 45338000, "researchDevelopment": {}, "sellingGeneralAdministrative": 7476000, "nonRecurring": {}, "otherOperatingExpenses": 2209000, "totalOperatingExpenses": 9727000, "operatingIncome": 35611000, "totalOtherIncomeExpenseNet": 0, "ebit": 35611000, "interestExpense": {}, "incomeBeforeTax": 35611000, "incomeTaxExpense": 13953000, "minorityInterest": {}, "netIncomeFromContinuingOps": 21658000, "discontinuedOperations": {}, "extraordinaryItems": {}, "effectOfAccountingCharges": {}, "otherItems": {}, "netIncome": 21658000, "netIncomeApplicableToCommonShares": 21658000}, {"maxAge": 1, "endDate": "2020-06-30", "totalRevenue": 71101000, "costOfRevenue": 0, "grossProfit": 71101000, "researchDevelopment": {}, "sellingGeneralAdministrative": 3983000, "nonRecurring": {}, "otherOperatingExpenses": 1971000, "totalOperatingExpenses": 5996000, "operatingIncome": 65105000, "totalOtherIncomeExpenseNet": 0, "ebit": 65105000, "interestExpense": {}, "incomeBeforeTax": 65105000, "incomeTaxExpense": 23273000, "minorityInterest": {}, "netIncomeFromContinuingOps": 41832000, "discontinuedOperations": {}, "extraordinaryItems": {}, "effectOfAccountingCharges": {}, "otherItems": {}, "netIncome": 41832000, "netIncomeApplicableToCommonShares": 41832000}, {"maxAge": 1, "endDate": "2020-03-31", "totalRevenue": 429495000, "costOfRevenue": 116000, "grossProfit": 429379000, "researchDevelopment": {}, "sellingGeneralAdministrative": -4884000, "nonRecurring": {}, "otherOperatingExpenses": 12875000, "totalOperatingExpenses": 8108000, "operatingIncome": 421387000, "totalOtherIncomeExpenseNet": -80998000, "ebit": 421387000, "interestExpense": {}, "incomeBeforeTax": 340389000, "incomeTaxExpense": -24198000, "minorityInterest": {}, "netIncomeFromContinuingOps": 364587000, "discontinuedOperations": {}, "extraordinaryItems": {}, "effectOfAccountingCharges": {}, "otherItems": {}, "netIncome": 364587000, "netIncomeApplicableToCommonShares": 364587000}], "maxAge": 86400}, "cashflowStatementHistoryQuarterly": {"cashflowStatements": [{"maxAge": 1, "endDate": "2020-12-31", "netIncome": 64920000, "changeToLiabilities": 0}, {"maxAge": 1, "endDate": "2020-09-30", "netIncome": 21658000, "changeToLiabilities": 0}, {"maxAge": 1, "endDate": "2020-06-30", "netIncome": 41832000, "changeToLiabilities": 0}, {"maxAge": 1, "endDate": "2020-03-31", "netIncome": 364587000, "changeToLiabilities": 0}], "maxAge": 86400}, "insiderHolders": {"holders": [{"maxAge": 1, "name": "Goenka (Harsh Vardhan)", "relation": "Promoter", "url": "", "transactionDescription": "Other", "latestTransDate": "2021-03-03", "positionDirect": 17658, "positionDirectDate": "2021-03-03"}, {"maxAge": 1, "name": "Mathew (Suresh)", "relation": "UNREPORTED", "url": "", "transactionDescription": "Purchase", "latestTransDate": "2016-03-30", "positionDirect": 490910, "positionDirectDate": "2016-03-30"}, {"maxAge": 1, "name": "Monitor Portfolio Trust", "relation": "Promoter", "url": "", "transactionDescription": "Other", "latestTransDate": "2021-03-03", "positionDirect": 0, "positionDirectDate": "2021-03-03"}, {"maxAge": 1, "name": "Swallow Associates Ltd", "relation": "Promoter", "url": "", "transactionDescription": "Acquisition", "latestTransDate": "2016-06-22", "positionDirect": 7620518, "positionDirectDate": "2016-06-22"}], "maxAge": 1}, "calendarEvents": {"maxAge": 1, "earnings": {"earningsDate": []}}, "upgradeDowngradeHistory": {"history": [], "maxAge": 86400}, "price": {"maxAge": 1, "regularMarketChangePercent": 0.02798903, "regularMarketChange": 14.349976, "regularMarketTime": "2021-04-30 15:28:50", "priceHint": 2, "regularMarketPrice": 527.05, "regularMarketDayHigh": 530.05, "regularMarketDayLow": 508.05, "regularMarketVolume": 2052, "averageDailyVolume10Day": 2546, "averageDailyVolume3Month": 5299, "regularMarketPreviousClose": 512.7, "regularMarketSource": "FREE_REALTIME", "regularMarketOpen": 509.95, "exchange": "NSI", "exchangeName": "NSE", "exchangeDataDelayedBy": 15, "marketState": "CLOSED", "quoteType": "EQUITY", "symbol": "SUMMITSEC.NS", "underlyingSymbol": null, "shortName": "SUMMIT SECURITIES", "longName": "Summit Securities Limited", "currency": "INR", "quoteSourceName": "Delayed Quote", "currencySymbol": "\u20b9", "fromCurrency": null, "lastMarket": null, "marketCap": 5743527424}, "balanceSheetHistory": {"balanceSheetStatements": [{"maxAge": 1, "endDate": "2020-03-31", "cash": 319916000, "netReceivables": 11040000, "otherCurrentAssets": 4128000, "totalCurrentAssets": 24606287000, "longTermInvestments": 277000, "propertyPlantEquipment": 2137000, "totalAssets": 24608701000, "otherLiab": 1573079000, "totalCurrentLiabilities": 35943000, "totalLiab": 1609022000, "commonStock": 109018000, "retainedEarnings": 7310501000, "treasuryStock": 15580160000, "otherStockholderEquity": 15580160000, "totalStockholderEquity": 22999679000, "netTangibleAssets": 22999679000}, {"maxAge": 1, "endDate": "2019-03-31", "cash": 65497000, "netReceivables": 4079000, "otherCurrentAssets": 4129000, "totalCurrentAssets": 40187531000, "longTermInvestments": 2452000, "propertyPlantEquipment": 140000, "totalAssets": 40190123000, "otherLiab": 3432525000, "totalCurrentLiabilities": 36271000, "totalLiab": 3468796000, "commonStock": 109018000, "retainedEarnings": 6589969000, "treasuryStock": 30022340000, "otherStockholderEquity": 30022340000, "totalStockholderEquity": 36721327000, "netTangibleAssets": 36721327000}, {"maxAge": 1, "endDate": "2018-03-31", "cash": 4931000, "netReceivables": 1384000, "otherCurrentAssets": 232264000, "totalCurrentAssets": 238579000, "longTermInvestments": 6665069000, "propertyPlantEquipment": 160000, "otherAssets": 365000, "totalAssets": 6904173000, "accountsPayable": 191379000, "otherCurrentLiab": 36180000, "otherLiab": 6008000, "totalCurrentLiabilities": 396979000, "totalLiab": 402987000, "commonStock": 109018000, "retainedEarnings": 6211161000, "treasuryStock": 181007000, "otherStockholderEquity": 181007000, "totalStockholderEquity": 6501186000, "netTangibleAssets": 6501186000}, {"maxAge": 1, "endDate": "2017-03-31", "cash": 69690000, "netReceivables": 1719000, "otherCurrentAssets": 40332000, "totalCurrentAssets": 111741000, "longTermInvestments": 5215720000, "propertyPlantEquipment": 136000, "otherAssets": 363000, "totalAssets": 5327960000, "otherCurrentLiab": 35370000, "otherLiab": 3252000, "minorityInterest": 100000, "totalCurrentLiabilities": 36301000, "totalLiab": 39553000, "commonStock": 109018000, "retainedEarnings": 4998282000, "treasuryStock": 181007000, "otherStockholderEquity": 181007000, "totalStockholderEquity": 5288307000, "netTangibleAssets": 5288307000}], "maxAge": 86400}, "financialData": {"maxAge": 86400, "currentPrice": 527.05, "recommendationKey": "none", "totalCash": 47389000, "totalCashPerShare": 4.343, "ebitda": 604437504, "totalDebt": 0, "totalRevenue": 633489024, "revenuePerShare": 58.107, "grossProfits": 818738000, "earningsGrowth": 296.5, "revenueGrowth": 5.542, "grossMargins": 0.99982, "ebitdaMargins": 0.95414, "operatingMargins": 0.95413, "profitMargins": 0.77822995, "financialCurrency": "INR"}}}