{"SUMMITSEC.BO": {"cashflowStatementHistory": {"cashflowStatements": [{"maxAge": 1, "endDate": "2020-03-31", "netIncome": 720481000, "depreciation": 85000, "changeToNetincome": 57077000, "changeToLiabilities": 0, "changeToOperatingActivities": 18912000, "totalCashFromOperatingActivities": 796555000, "capitalExpenditures": -2082000, "investments": -540053000, "totalCashflowsFromInvestingActivities": -542135000, "changeInCash": 254419000}, {"maxAge": 1, "endDate": "2019-03-31", "netIncome": 344688000, "depreciation": 187000, "changeToNetincome": -23445000, "changeToLiabilities": 0, "changeToOperatingActivities": -361833000, "totalCashFromOperatingActivities": -40403000, "capitalExpenditures": -167000, "investments": 101954000, "totalCashflowsFromInvestingActivities": 101787000, "changeInCash": 61384000}, {"maxAge": 1, "endDate": "2018-03-31", "netIncome": 1212881000, "depreciation": 106000, "changeToNetincome": -1264107000, "changeToAccountReceivables": 211000, "changeToLiabilities": 363397000, "changeToOperatingActivities": -2756000, "totalCashFromOperatingActivities": 309732000, "capitalExpenditures": -131000, "investments": -374260000, "totalCashflowsFromInvestingActivities": -374391000, "changeInCash": -64759000}, {"maxAge": 1, "endDate": "2017-03-31", "netIncome": 69229000, "depreciation": 123000, "changeToNetincome": -50332000, "changeToAccountReceivables": 9532000, "changeToLiabilities": -9851000, "changeToOperatingActivities": 37000, "totalCashFromOperatingActivities": 18738000, "capitalExpenditures": -131000, "investments": -299901000, "totalCashflowsFromInvestingActivities": -299901000, "changeInCash": -281163000}], "maxAge": 86400}, "institutionOwnership": {"ownershipList": [], "maxAge": 1}, "balanceSheetHistoryQuarterly": {"balanceSheetStatements": [{"maxAge": 1, "endDate": "2020-06-30", "totalStockholderEquity": 22999679000, "netTangibleAssets": 22999679000}, {"maxAge": 1, "endDate": "2020-03-31", "cash": 319916000, "netReceivables": 11040000, "otherCurrentAssets": 4128000, "totalCurrentAssets": 24606287000, "longTermInvestments": 277000, "propertyPlantEquipment": 2137000, "totalAssets": 24608701000, "otherLiab": 1573079000, "totalCurrentLiabilities": 35943000, "totalLiab": 1609022000, "commonStock": 109018000, "retainedEarnings": 7310501000, "treasuryStock": 15580160000, "otherStockholderEquity": 15580160000, "totalStockholderEquity": 22999679000, "netTangibleAssets": 22999679000}, {"maxAge": 1, "endDate": "2019-12-31", "totalStockholderEquity": 32254023000, "netTangibleAssets": 32254023000}, {"maxAge": 1, "endDate": "2019-09-30", "cash": 132481000, "netReceivables": 170725000, "totalCurrentAssets": 303206000, "longTermInvestments": 36480965000, "propertyPlantEquipment": 87000, "otherAssets": 4853000, "totalAssets": 36789111000, "otherLiab": 4535088000, "totalLiab": 4535088000, "commonStock": 109018000, "treasuryStock": 32145005000, "otherStockholderEquity": 32145005000, "totalStockholderEquity": 32254023000, "netTangibleAssets": 32254023000}], "maxAge": 86400}, "indexTrend": {"maxAge": 1, "symbol": "SP5", "peRatio": 19.7411, "pegRatio": 1.34172, "estimates": [{"period": "0q", "growth": 0.549}, {"period": "+1q", "growth": 0.431}, {"period": "0y", "growth": 0.305}, {"period": "+1y", "growth": 0.109}, {"period": "+5y", "growth": 0.120865}, {"period": "-5y"}]}, "insiderTransactions": {"transactions": [{"maxAge": 1, "shares": 3373, "filerUrl": "", "transactionText": "", "filerName": "Goenka (Harsh Vardhan)", "filerRelation": "Promoter", "moneyText": "", "startDate": "2016-12-28", "ownership": "D"}, {"maxAge": 1, "shares": 4362, "filerUrl": "", "transactionText": "", "filerName": "Goenka (Harsh Vardhan)", "filerRelation": "Promoter", "moneyText": "", "startDate": "2016-12-26", "ownership": "D"}, {"maxAge": 1, "shares": 3173, "filerUrl": "", "transactionText": "", "filerName": "Goenka (Harsh Vardhan)", "filerRelation": "Promoter", "moneyText": "", "startDate": "2016-12-20", "ownership": "D"}, {"maxAge": 1, "shares": 5246, "filerUrl": "", "transactionText": "", "filerName": "Goenka (Harsh Vardhan)", "filerRelation": "Promoter", "moneyText": "", "startDate": "2016-12-08", "ownership": "D"}, {"maxAge": 1, "shares": 4181, "filerUrl": "", "transactionText": "", "filerName": "Swallow Associates Ltd", "filerRelation": "Promoter", "moneyText": "", "startDate": "2016-06-22", "ownership": "D"}, {"maxAge": 1, "shares": 12797, "filerUrl": "", "transactionText": "", "filerName": "Swallow Associates Ltd", "filerRelation": "Promoter", "moneyText": "", "startDate": "2016-05-09", "ownership": "D"}, {"maxAge": 1, "shares": 353627, "filerUrl": "", "transactionText": "", "filerName": "Swallow Associates Ltd", "filerRelation": "Institution- Corporation", "moneyText": "", "startDate": "2016-03-30", "ownership": "D"}, {"maxAge": 1, "shares": 245455, "filerUrl": "", "transactionText": "", "filerName": "Mathew (Suresh)", "filerRelation": "UNREPORTED", "moneyText": "", "startDate": "2016-03-30", "ownership": "D"}, {"maxAge": 1, "shares": 24408, "filerUrl": "", "transactionText": "", "filerName": "Swallow Associates Ltd", "filerRelation": "Institution- Corporation", "moneyText": "", "startDate": "2016-01-06", "ownership": "D"}, {"maxAge": 1, "shares": 3, "filerUrl": "", "transactionText": "", "filerName": "Goenka (Harsh Vardhan)", "filerRelation": "Promoter", "moneyText": "", "startDate": "2014-07-21", "ownership": "D"}], "maxAge": 1}, "quoteType": {"exchange": "BSE", "quoteType": "EQUITY", "symbol": "SUMMITSEC.BO", "underlyingSymbol": "SUMMITSEC.BO", "shortName": "SUMMIT SECURITIES LTD.", "longName": "Summit Securities Limited", "firstTradeDateEpochUtc": "2009-12-03 09:15:00", "timeZoneFullName": "Asia/Kolkata", "timeZoneShortName": "IST", "uuid": "b83d783f-e764-3ce5-a117-1c014cf530ac", "gmtOffSetMilliseconds": 19800000, "maxAge": 1}, "incomeStatementHistory": {"incomeStatementHistory": [{"maxAge": 1, "endDate": "2020-03-31", "totalRevenue": 818854000, "costOfRevenue": 116000, "grossProfit": 818738000, "researchDevelopment": {}, "sellingGeneralAdministrative": 14804000, "nonRecurring": {}, "otherOperatingExpenses": 19266000, "totalOperatingExpenses": 34271000, "operatingIncome": 784583000, "totalOtherIncomeExpenseNet": -80998000, "ebit": 784583000, "interestExpense": {}, "incomeBeforeTax": 703585000, "incomeTaxExpense": -16896000, "minorityInterest": {}, "netIncomeFromContinuingOps": 720481000, "discontinuedOperations": {}, "extraordinaryItems": {}, "effectOfAccountingCharges": {}, "otherItems": {}, "netIncome": 720481000, "netIncomeApplicableToCommonShares": 720481000}, {"maxAge": 1, "endDate": "2019-03-31", "totalRevenue": 382633000, "costOfRevenue": 124000, "grossProfit": 382509000, "researchDevelopment": {}, "sellingGeneralAdministrative": 12056000, "nonRecurring": {}, "otherOperatingExpenses": 20042000, "totalOperatingExpenses": 32409000, "operatingIncome": 350224000, "totalOtherIncomeExpenseNet": 1184000, "ebit": 350224000, "interestExpense": -158000, "incomeBeforeTax": 351408000, "incomeTaxExpense": 6720000, "minorityInterest": {}, "netIncomeFromContinuingOps": 344688000, "discontinuedOperations": {}, "extraordinaryItems": {}, "effectOfAccountingCharges": {}, "otherItems": {}, "netIncome": 344688000, "netIncomeApplicableToCommonShares": 344688000}, {"maxAge": 1, "endDate": "2018-03-31", "totalRevenue": 1414800000, "costOfRevenue": 49000, "grossProfit": 1414751000, "researchDevelopment": {}, "sellingGeneralAdministrative": 14970000, "nonRecurring": {}, "otherOperatingExpenses": 17838000, "totalOperatingExpenses": 32963000, "operatingIncome": 1381837000, "totalOtherIncomeExpenseNet": -873000, "ebit": 1381837000, "interestExpense": -873000, "incomeBeforeTax": 1380964000, "incomeTaxExpense": 168083000, "minorityInterest": {}, "netIncomeFromContinuingOps": 1212881000, "discontinuedOperations": {}, "extraordinaryItems": {}, "effectOfAccountingCharges": {}, "otherItems": {}, "netIncome": 1212881000, "netIncomeApplicableToCommonShares": 1212881000}, {"maxAge": 1, "endDate": "2017-03-31", "totalRevenue": 54085000, "costOfRevenue": 61000, "grossProfit": 54024000, "researchDevelopment": {}, "sellingGeneralAdministrative": 14674000, "nonRecurring": {}, "otherOperatingExpenses": 10320000, "totalOperatingExpenses": 25178000, "operatingIncome": 28907000, "totalOtherIncomeExpenseNet": 4607000, "ebit": 28907000, "interestExpense": -31000, "incomeBeforeTax": 33514000, "incomeTaxExpense": -35715000, "minorityInterest": 100000, "netIncomeFromContinuingOps": 69229000, "discontinuedOperations": {}, "extraordinaryItems": {}, "effectOfAccountingCharges": {}, "otherItems": {}, "netIncome": 69229000, "netIncomeApplicableToCommonShares": 69229000}], "maxAge": 86400}, "fundOwnership": {"ownershipList": [], "maxAge": 1}, "summaryDetail": {"maxAge": 1, "priceHint": 2, "previousClose": 512.5, "open": 506.05, "dayLow": 506.05, "dayHigh": 530.0, "regularMarketPreviousClose": 512.5, "regularMarketOpen": 506.05, "regularMarketDayLow": 506.05, "regularMarketDayHigh": 530.0, "trailingPE": 7.4870386, "volume": 29, "regularMarketVolume": 29, "averageVolume": 271, "averageVolume10days": 51, "averageDailyVolume10Day": 51, "bid": 515.0, "ask": 533.9, "bidSize": 0, "askSize": 0, "marketCap": 5777953792, "fiftyTwoWeekLow": 203.0, "fiftyTwoWeekHigh": 599.9, "fiftyDayAverage": 541.6803, "twoHundredDayAverage": 440.89633, "currency": "INR", "fromCurrency": null, "lastMarket": null, "algorithm": null, "tradeable": false}, "incomeStatementHistoryQuarterly": {"incomeStatementHistory": [{"maxAge": 1, "endDate": "2020-06-30", "totalRevenue": 71101000, "costOfRevenue": 0, "grossProfit": 71101000, "researchDevelopment": {}, "sellingGeneralAdministrative": 3983000, "nonRecurring": {}, "otherOperatingExpenses": 1971000, "totalOperatingExpenses": 5996000, "operatingIncome": 65105000, "totalOtherIncomeExpenseNet": 0, "ebit": 65105000, "interestExpense": {}, "incomeBeforeTax": 65105000, "incomeTaxExpense": 23273000, "minorityInterest": {}, "netIncomeFromContinuingOps": 41832000, "discontinuedOperations": {}, "extraordinaryItems": {}, "effectOfAccountingCharges": {}, "otherItems": {}, "netIncome": 41832000, "netIncomeApplicableToCommonShares": 41832000}, {"maxAge": 1, "endDate": "2020-03-31", "totalRevenue": 429495000, "costOfRevenue": 116000, "grossProfit": 429379000, "researchDevelopment": {}, "sellingGeneralAdministrative": -4884000, "nonRecurring": {}, "otherOperatingExpenses": 12875000, "totalOperatingExpenses": 8108000, "operatingIncome": 421387000, "totalOtherIncomeExpenseNet": -80998000, "ebit": 421387000, "interestExpense": {}, "incomeBeforeTax": 340389000, "incomeTaxExpense": -24198000, "minorityInterest": {}, "netIncomeFromContinuingOps": 364587000, "discontinuedOperations": {}, "extraordinaryItems": {}, "effectOfAccountingCharges": {}, "otherItems": {}, "netIncome": 364587000, "netIncomeApplicableToCommonShares": 364587000}, {"maxAge": 1, "endDate": "2019-12-31", "totalRevenue": 13383000, "costOfRevenue": 0, "grossProfit": 13383000, "researchDevelopment": {}, "sellingGeneralAdministrative": 6339000, "nonRecurring": {}, "otherOperatingExpenses": 2169000, "totalOperatingExpenses": 8538000, "operatingIncome": 4845000, "totalOtherIncomeExpenseNet": 0, "ebit": 4845000, "interestExpense": {}, "incomeBeforeTax": 4845000, "incomeTaxExpense": 4625000, "minorityInterest": {}, "netIncomeFromContinuingOps": 220000, "discontinuedOperations": {}, "extraordinaryItems": {}, "effectOfAccountingCharges": {}, "otherItems": {}, "netIncome": 220000, "netIncomeApplicableToCommonShares": 220000}, {"maxAge": 1, "endDate": "2019-09-30", "totalRevenue": 372197000, "costOfRevenue": 0, "grossProfit": 372197000, "researchDevelopment": {}, "sellingGeneralAdministrative": 5207000, "nonRecurring": {}, "otherOperatingExpenses": -905000, "totalOperatingExpenses": 4329000, "operatingIncome": 367868000, "totalOtherIncomeExpenseNet": 5016000, "ebit": 367868000, "interestExpense": {}, "incomeBeforeTax": 367868000, "incomeTaxExpense": 3051000, "minorityInterest": {}, "netIncomeFromContinuingOps": 364817000, "discontinuedOperations": {}, "extraordinaryItems": {}, "effectOfAccountingCharges": {}, "otherItems": {}, "netIncome": 364817000, "netIncomeApplicableToCommonShares": 364817000}], "maxAge": 86400}, "cashflowStatementHistoryQuarterly": {"cashflowStatements": [{"maxAge": 1, "endDate": "2020-06-30", "netIncome": 41832000, "changeToLiabilities": 0}, {"maxAge": 1, "endDate": "2020-03-31", "netIncome": 364587000, "changeToLiabilities": 0}, {"maxAge": 1, "endDate": "2019-12-31", "netIncome": 220000, "changeToLiabilities": 0}, {"maxAge": 1, "endDate": "2019-09-30", "netIncome": 364817000, "changeToLiabilities": 0}], "maxAge": 86400}, "insiderHolders": {"holders": [{"maxAge": 1, "name": "Goenka (Harsh Vardhan)", "relation": "Promoter", "url": "", "transactionDescription": "Acquisition", "latestTransDate": "2016-12-28", "positionDirect": 16157, "positionDirectDate": "2016-12-28"}, {"maxAge": 1, "name": "Mathew (Suresh)", "relation": "UNREPORTED", "url": "", "transactionDescription": "Purchase", "latestTransDate": "2016-03-30", "positionDirect": 490910, "positionDirectDate": "2016-03-30"}, {"maxAge": 1, "name": "Swallow Associates Ltd", "relation": "Promoter", "url": "", "transactionDescription": "Acquisition", "latestTransDate": "2016-06-22", "positionDirect": 7620518, "positionDirectDate": "2016-06-22"}], "maxAge": 1}, "calendarEvents": {"maxAge": 1, "earnings": {"earningsDate": []}}, "upgradeDowngradeHistory": {"history": [], "maxAge": 86400}, "price": {"maxAge": 1, "regularMarketChangePercent": 0.034146342, "regularMarketChange": 17.5, "regularMarketTime": "2021-04-30 15:24:32", "priceHint": 2, "regularMarketPrice": 530.0, "regularMarketDayHigh": 530.0, "regularMarketDayLow": 506.05, "regularMarketVolume": 29, "averageDailyVolume10Day": 51, "averageDailyVolume3Month": 271, "regularMarketPreviousClose": 512.5, "regularMarketSource": "FREE_REALTIME", "regularMarketOpen": 506.05, "exchange": "BSE", "exchangeName": "BSE", "exchangeDataDelayedBy": 0, "marketState": "CLOSED", "quoteType": "EQUITY", "symbol": "SUMMITSEC.BO", "underlyingSymbol": null, "shortName": "SUMMIT SECURITIES LTD.", "longName": "Summit Securities Limited", "currency": "INR", "quoteSourceName": "Delayed Quote", "currencySymbol": "\u20b9", "fromCurrency": null, "lastMarket": null, "marketCap": 5777953792}, "balanceSheetHistory": {"balanceSheetStatements": [{"maxAge": 1, "endDate": "2020-03-31", "cash": 319916000, "netReceivables": 11040000, "otherCurrentAssets": 4128000, "totalCurrentAssets": 24606287000, "longTermInvestments": 277000, "propertyPlantEquipment": 2137000, "totalAssets": 24608701000, "otherLiab": 1573079000, "totalCurrentLiabilities": 35943000, "totalLiab": 1609022000, "commonStock": 109018000, "retainedEarnings": 7310501000, "treasuryStock": 15580160000, "otherStockholderEquity": 15580160000, "totalStockholderEquity": 22999679000, "netTangibleAssets": 22999679000}, {"maxAge": 1, "endDate": "2019-03-31", "cash": 65497000, "netReceivables": 4079000, "otherCurrentAssets": 4129000, "totalCurrentAssets": 40187531000, "longTermInvestments": 2452000, "propertyPlantEquipment": 140000, "totalAssets": 40190123000, "otherLiab": 3432525000, "totalCurrentLiabilities": 36271000, "totalLiab": 3468796000, "commonStock": 109018000, "retainedEarnings": 6589969000, "treasuryStock": 30022340000, "otherStockholderEquity": 30022340000, "totalStockholderEquity": 36721327000, "netTangibleAssets": 36721327000}, {"maxAge": 1, "endDate": "2018-03-31", "cash": 4931000, "netReceivables": 1384000, "otherCurrentAssets": 232264000, "totalCurrentAssets": 238579000, "longTermInvestments": 6665069000, "propertyPlantEquipment": 160000, "otherAssets": 365000, "totalAssets": 6904173000, "accountsPayable": 191379000, "otherCurrentLiab": 36180000, "otherLiab": 6008000, "totalCurrentLiabilities": 396979000, "totalLiab": 402987000, "commonStock": 109018000, "retainedEarnings": 6211161000, "treasuryStock": 181007000, "otherStockholderEquity": 181007000, "totalStockholderEquity": 6501186000, "netTangibleAssets": 6501186000}, {"maxAge": 1, "endDate": "2017-03-31", "cash": 69690000, "netReceivables": 1719000, "otherCurrentAssets": 40332000, "totalCurrentAssets": 111741000, "longTermInvestments": 5215720000, "propertyPlantEquipment": 136000, "otherAssets": 363000, "totalAssets": 5327960000, "otherCurrentLiab": 35370000, "otherLiab": 3252000, "minorityInterest": 100000, "totalCurrentLiabilities": 36301000, "totalLiab": 39553000, "commonStock": 109018000, "retainedEarnings": 4998282000, "treasuryStock": 181007000, "otherStockholderEquity": 181007000, "totalStockholderEquity": 5288307000, "netTangibleAssets": 5288307000}], "maxAge": 86400}, "financialData": {"maxAge": 86400, "currentPrice": 530.0, "recommendationKey": "none", "grossProfits": 818738000, "financialCurrency": "INR"}}}