{"SUNCLAYLTD.NS": {"assetProfile": {"address1": "Chaitanya", "address2": "No. 12, Khader Nawaz Khan Road Nungambakkam", "city": "Chennai", "zip": "600006", "country": "India", "phone": "91 44 2833 2115", "fax": "91 44 2833 2113", "website": "http://www.sundaram-clayton.com", "industry": "Auto Parts", "sector": "Consumer Cyclical", "longBusinessSummary": "Sundaram-Clayton Limited manufactures and markets machined and sub-assembled aluminum castings in India. It operates through Automotive Vehicles and Parts, Automotive Components, Financial Services, and Others segments. The company also offers automotive vehicles and components, as well as spare parts and accessories; and housing development and financial services. It serves heavy and medium commercial vehicle, passenger car, and two-wheeler markets. The company exports its products internationally. Sundaram-Clayton Limited was founded in 1962 and is based in Chennai, India.", "companyOfficers": [{"maxAge": 1, "name": "Mr. Venu T. Srinivasan", "age": 68, "title": "Chairman & MD", "yearBorn": 1952, "fiscalYear": 2020, "totalPay": 8761000, "exercisedValue": 0, "unexercisedValue": 0}, {"maxAge": 1, "name": "Dr. Lakshmi  Venu", "age": 37, "title": "Joint MD & Whole Time Director", "yearBorn": 1983, "fiscalYear": 2020, "totalPay": 25155000, "exercisedValue": 0, "unexercisedValue": 0}, {"maxAge": 1, "name": "Mr. K. Gopala Desikan", "age": 56, "title": "Chief Financial Officer", "yearBorn": 1964, "fiscalYear": 2020, "totalPay": 0, "exercisedValue": 0, "unexercisedValue": 0}, {"maxAge": 1, "name": "Mr. Vivek S. Joshi", "age": 45, "title": "Pres & CEO", "yearBorn": 1975, "fiscalYear": 2019, "exercisedValue": 0, "unexercisedValue": 0}, {"maxAge": 1, "name": "Mr. K. S. Jambunathan DME, AMIE, DPE", "age": 72, "title": "VP of Operations", "yearBorn": 1948, "fiscalYear": 2006, "exercisedValue": 0, "unexercisedValue": 0}, {"maxAge": 1, "name": "Mr. R. Raja Prakash", "title": "Compliance Officer & Company Sec.", "exercisedValue": 0, "unexercisedValue": 0}, {"maxAge": 1, "name": "Mr. Chakrapany  Narasimhan", "age": 69, "title": "Advisor", "yearBorn": 1951, "fiscalYear": 2006, "exercisedValue": 0, "unexercisedValue": 0}, {"maxAge": 1, "name": "Mr. P. H. Narayanan", "age": 57, "title": "Pres of Die-Casting Division", "yearBorn": 1963, "fiscalYear": 2006, "exercisedValue": 0, "unexercisedValue": 0}, {"maxAge": 1, "name": "Mr. Rajukutty  Sebastian", "age": 68, "title": "VP of Systems", "yearBorn": 1952, "fiscalYear": 2006, "exercisedValue": 0, "unexercisedValue": 0}, {"maxAge": 1, "name": "Mr. P. S. Satyanarayanan", "age": 73, "title": "VP of Quality assurance", "yearBorn": 1947, "fiscalYear": 2006, "exercisedValue": 0, "unexercisedValue": 0}], "compensationAsOfEpochDate": "2020-12-31 05:30:00", "maxAge": 86400}, "cashflowStatementHistory": {"cashflowStatements": [{"maxAge": 1, "endDate": "2021-03-31", "netIncome": 3236800000, "depreciation": 6427400000, "changeToNetincome": 4431300000, "changeToAccountReceivables": 3563400000, "changeToLiabilities": 12019600000, "changeToInventory": -2088300000, "changeToOperatingActivities": -15444100000, "totalCashFromOperatingActivities": 12146100000, "capitalExpenditures": -9802900000, "investments": -406500000, "otherCashflowsFromInvestingActivities": 375900000, "totalCashflowsFromInvestingActivities": -9792500000, "dividendsPaid": -728500000, "netBorrowings": 5332100000, "otherCashflowsFromFinancingActivities": -1996700000, "totalCashFromFinancingActivities": 2606900000, "changeInCash": 4960500000}, {"maxAge": 1, "endDate": "2020-03-31", "netIncome": 3371200000, "depreciation": 5880200000, "changeToNetincome": 4565000000, "changeToAccountReceivables": 1348300000, "changeToLiabilities": -96400000, "changeToInventory": 1634000000, "changeToOperatingActivities": -12726900000, "totalCashFromOperatingActivities": 4581700000, "capitalExpenditures": -10403000000, "investments": -1217900000, "otherCashflowsFromInvestingActivities": 759100000, "totalCashflowsFromInvestingActivities": -10547600000, "dividendsPaid": -625300000, "netBorrowings": 21726100000, "otherCashflowsFromFinancingActivities": -3147200000, "totalCashFromFinancingActivities": 17953600000, "changeInCash": 11987700000}, {"maxAge": 1, "endDate": "2019-03-31", "netIncome": 4321400000, "depreciation": 5010500000, "changeToNetincome": 5101500000, "changeToAccountReceivables": -4125500000, "changeToLiabilities": 3296100000, "changeToInventory": -2058700000, "changeToOperatingActivities": -18973400000, "totalCashFromOperatingActivities": -7099600000, "capitalExpenditures": -13088900000, "investments": -344200000, "otherCashflowsFromInvestingActivities": 90200000, "totalCashflowsFromInvestingActivities": -13239500000, "dividendsPaid": -728400000, "netBorrowings": 24227100000, "otherCashflowsFromFinancingActivities": -2652800000, "totalCashFromFinancingActivities": 20845900000, "changeInCash": 506800000}, {"maxAge": 1, "endDate": "2018-03-31", "netIncome": 3381300000, "depreciation": 4171900000, "changeToNetincome": 1881100000, "changeToAccountReceivables": -4531200000, "changeToLiabilities": 7893800000, "changeToInventory": -202900000, "changeToOperatingActivities": -9645700000, "totalCashFromOperatingActivities": 3244500000, "capitalExpenditures": -13221200000, "investments": -1283100000, "otherCashflowsFromInvestingActivities": -51700000, "totalCashflowsFromInvestingActivities": -13794100000, "dividendsPaid": -303500000, "netBorrowings": 14388800000, "otherCashflowsFromFinancingActivities": -2107200000, "totalCashFromFinancingActivities": 11978100000, "changeInCash": 1428500000}], "maxAge": 86400}, "institutionOwnership": {"ownershipList": [], "maxAge": 1}, "majorHoldersBreakdown": {"maxAge": 1, "insidersPercentHeld": 0.63931, "institutionsPercentHeld": 0.26143998, "institutionsFloatPercentHeld": 0.72483003, "institutionsCount": 12}, "balanceSheetHistoryQuarterly": {"balanceSheetStatements": [{"maxAge": 1, "endDate": "2021-03-31", "cash": 17065400000, "shortTermInvestments": 969200000, "netReceivables": 70154900000, "inventory": 16683000000, "otherCurrentAssets": 6170100000, "totalCurrentAssets": 111042600000, "longTermInvestments": 7029600000, "propertyPlantEquipment": 49546200000, "goodWill": 1126100000, "intangibleAssets": 6956500000, "otherAssets": 58661600000, "deferredLongTermAssetCharges": 1276200000, "totalAssets": 234362600000, "accountsPayable": 45357000000, "shortLongTermDebt": 30131400000, "otherCurrentLiab": 6277700000, "longTermDebt": 66348800000, "otherLiab": 4526700000, "minorityInterest": 17587300000, "totalCurrentLiabilities": 114719100000, "totalLiab": 187729400000, "commonStock": 101200000, "treasuryStock": 28944700000, "otherStockholderEquity": 28944700000, "totalStockholderEquity": 29045900000, "netTangibleAssets": 20963300000}, {"maxAge": 1, "endDate": "2020-12-31", "totalStockholderEquity": 24849000000, "netTangibleAssets": 17672700000}, {"maxAge": 1, "endDate": "2020-09-30", "cash": 18097000000, "shortTermInvestments": 1235600000, "netReceivables": 68129000000, "inventory": 12793800000, "otherCurrentAssets": 6131700000, "totalCurrentAssets": 106387100000, "longTermInvestments": 6102100000, "propertyPlantEquipment": 48096300000, "goodWill": 1126100000, "intangibleAssets": 6050200000, "otherAssets": 51004900000, "totalAssets": 218766700000, "accountsPayable": 39471900000, "shortLongTermDebt": 30946200000, "otherCurrentLiab": 7898600000, "longTermDebt": 61245100000, "otherLiab": 2782700000, "minorityInterest": 15446100000, "totalCurrentLiabilities": 112419600000, "totalLiab": 178471600000, "commonStock": 101200000, "treasuryStock": 24747800000, "otherStockholderEquity": 24747800000, "totalStockholderEquity": 24849000000, "netTangibleAssets": 17672700000}, {"maxAge": 1, "endDate": "2020-06-30", "totalStockholderEquity": 24634600000, "netTangibleAssets": 20081600000}], "maxAge": 86400}, "indexTrend": {"maxAge": 1, "symbol": "SP5", "peRatio": 19.7411, "pegRatio": 1.34172, "estimates": [{"period": "0q", "growth": 0.549}, {"period": "+1q", "growth": 0.431}, {"period": "0y", "growth": 0.305}, {"period": "+1y", "growth": 0.109}, {"period": "+5y", "growth": 0.120865}, {"period": "-5y"}]}, "defaultKeyStatistics": {"maxAge": 1, "priceHint": 2, "enterpriseValue": 195646881792, "profitMargins": 0.01595, "floatShares": 4818877, "sharesOutstanding": 20232100, "heldPercentInsiders": 0.63931, "heldPercentInstitutions": 0.26143998, "beta": 1.021014, "category": null, "bookValue": 1435.636, "priceToBook": 2.178651, "fundFamily": null, "legalType": null, "lastFiscalYearEnd": "2021-03-31 05:30:00", "nextFiscalYearEnd": "2023-03-31 05:30:00", "mostRecentQuarter": "2021-03-31 05:30:00", "earningsQuarterlyGrowth": 17.15, "netIncomeToCommon": 3236800000, "trailingEps": 159.98, "lastSplitFactor": "2:1", "lastSplitDate": "2009-10-09 05:30:00", "enterpriseToRevenue": 0.964, "enterpriseToEbitda": 8.192}, "summaryProfile": {"address1": "Chaitanya", "address2": "No. 12, Khader Nawaz Khan Road Nungambakkam", "city": "Chennai", "zip": "600006", "country": "India", "phone": "91 44 2833 2115", "fax": "91 44 2833 2113", "website": "http://www.sundaram-clayton.com", "industry": "Auto Parts", "sector": "Consumer Cyclical", "longBusinessSummary": "Sundaram-Clayton Limited manufactures and markets machined and sub-assembled aluminum castings in India. It operates through Automotive Vehicles and Parts, Automotive Components, Financial Services, and Others segments. The company also offers automotive vehicles and components, as well as spare parts and accessories; and housing development and financial services. It serves heavy and medium commercial vehicle, passenger car, and two-wheeler markets. The company exports its products internationally. Sundaram-Clayton Limited was founded in 1962 and is based in Chennai, India.", "companyOfficers": [], "maxAge": 86400}, "netSharePurchaseActivity": {"maxAge": 1, "period": "6m", "buyInfoCount": 0, "buyInfoShares": 0, "sellInfoCount": 0, "netInfoCount": 0, "netInfoShares": 0, "netPercentInsiderShares": 0.0, "totalInsiderShares": 12934572}, "quoteType": {"exchange": "NSI", "quoteType": "EQUITY", "symbol": "SUNCLAYLTD.NS", "underlyingSymbol": "SUNCLAYLTD.NS", "shortName": "SUNDARAM CLAYTON", "longName": "Sundaram-Clayton Limited", "firstTradeDateEpochUtc": "2002-08-12 09:15:00", "timeZoneFullName": "Asia/Kolkata", "timeZoneShortName": "IST", "uuid": "bbb09ebf-17ed-3450-8f73-1e865e2aead3", "gmtOffSetMilliseconds": 19800000, "maxAge": 1}, "incomeStatementHistory": {"incomeStatementHistory": [{"maxAge": 1, "endDate": "2021-03-31", "totalRevenue": 202987300000, "costOfRevenue": 132272900000, "grossProfit": 70714400000, "researchDevelopment": {}, "sellingGeneralAdministrative": 18790500000, "nonRecurring": {}, "otherOperatingExpenses": 28039900000, "totalOperatingExpenses": 185530700000, "operatingIncome": 17456600000, "totalOtherIncomeExpenseNet": -8914000000, "ebit": 17456600000, "interestExpense": -9291100000, "incomeBeforeTax": 8542600000, "incomeTaxExpense": 2621700000, "minorityInterest": 17587300000, "netIncomeFromContinuingOps": 5920900000, "discontinuedOperations": {}, "extraordinaryItems": {}, "effectOfAccountingCharges": {}, "otherItems": {}, "netIncome": 3236800000, "netIncomeApplicableToCommonShares": 3236800000}, {"maxAge": 1, "endDate": "2020-03-31", "totalRevenue": 198587400000, "costOfRevenue": 128284300000, "grossProfit": 70303100000, "researchDevelopment": {}, "sellingGeneralAdministrative": 25586200000, "nonRecurring": {}, "otherOperatingExpenses": 20347200000, "totalOperatingExpenses": 180702900000, "operatingIncome": 17884500000, "totalOtherIncomeExpenseNet": -9432400000, "ebit": 17884500000, "interestExpense": -8406500000, "incomeBeforeTax": 8452100000, "incomeTaxExpense": 2186500000, "minorityInterest": 15162100000, "netIncomeFromContinuingOps": 6265600000, "discontinuedOperations": {}, "extraordinaryItems": {}, "effectOfAccountingCharges": {}, "otherItems": {}, "netIncome": 3371200000, "netIncomeApplicableToCommonShares": 3371200000}, {"maxAge": 1, "endDate": "2019-03-31", "totalRevenue": 215478900000, "costOfRevenue": 146215800000, "grossProfit": 69263100000, "researchDevelopment": {}, "sellingGeneralAdministrative": 24914600000, "nonRecurring": {}, "otherOperatingExpenses": 20598400000, "totalOperatingExpenses": 197066500000, "operatingIncome": 18412400000, "totalOtherIncomeExpenseNet": -7235000000, "ebit": 18412400000, "interestExpense": -6909400000, "incomeBeforeTax": 11177400000, "incomeTaxExpense": 3679700000, "minorityInterest": 14256600000, "netIncomeFromContinuingOps": 7497700000, "discontinuedOperations": {}, "extraordinaryItems": {}, "effectOfAccountingCharges": {}, "otherItems": {}, "netIncome": 4321400000, "netIncomeApplicableToCommonShares": 4321400000}, {"maxAge": 1, "endDate": "2018-03-31", "totalRevenue": 175117400000, "costOfRevenue": 118645500000, "grossProfit": 56471900000, "researchDevelopment": {}, "sellingGeneralAdministrative": 21139900000, "nonRecurring": {}, "otherOperatingExpenses": 19297300000, "totalOperatingExpenses": 163549500000, "operatingIncome": 11567900000, "totalOtherIncomeExpenseNet": -3160600000, "ebit": 11567900000, "interestExpense": -3544800000, "incomeBeforeTax": 8407300000, "incomeTaxExpense": 2119500000, "minorityInterest": 11912100000, "netIncomeFromContinuingOps": 6287800000, "discontinuedOperations": {}, "extraordinaryItems": {}, "effectOfAccountingCharges": {}, "otherItems": {}, "netIncome": 3381300000, "netIncomeApplicableToCommonShares": 3381300000}], "maxAge": 86400}, "fundOwnership": {"ownershipList": [{"maxAge": 1, "reportDate": "2021-01-31", "organization": "DFA Emerging Markets Small Cap Series", "pctHeld": 0.00029999999, "position": 6812, "value": 21813386}, {"maxAge": 1, "reportDate": "2021-01-31", "organization": "DFA Emerging Markets Core Equity Portfolio", "pctHeld": 0.00029999999, "position": 6069, "value": 19434151}, {"maxAge": 1, "reportDate": "2021-01-31", "organization": "DFA Investment Dimensions-Emerging Markets Social Core Equity", "pctHeld": 0.0001, "position": 1860, "value": 5956092}], "maxAge": 1}, "summaryDetail": {"maxAge": 1, "priceHint": 2, "previousClose": 3189.3, "open": 3185.0, "dayLow": 3061.7, "dayHigh": 3200.0, "regularMarketPreviousClose": 3189.3, "regularMarketOpen": 3185.0, "regularMarketDayLow": 3061.7, "regularMarketDayHigh": 3200.0, "dividendRate": 26.0, "dividendYield": 0.0082, "exDividendDate": "2021-03-30 05:30:00", "payoutRatio": 0.1625, "fiveYearAvgDividendYield": 1.24, "beta": 1.021014, "trailingPE": 19.550882, "volume": 11154, "regularMarketVolume": 11154, "averageVolume": 7739, "averageVolume10days": 3454, "averageDailyVolume10Day": 3454, "bid": 0.0, "ask": 0.0, "bidSize": 0, "askSize": 0, "marketCap": 63254052864, "fiftyTwoWeekLow": 1294.95, "fiftyTwoWeekHigh": 3906.1, "priceToSalesTrailing12Months": 0.3116158, "fiftyDayAverage": 3345.175, "twoHundredDayAverage": 2513.2502, "trailingAnnualDividendRate": 26.0, "trailingAnnualDividendYield": 0.008152259, "currency": "INR", "fromCurrency": null, "lastMarket": null, "algorithm": null, "tradeable": false}, "incomeStatementHistoryQuarterly": {"incomeStatementHistory": [{"maxAge": 1, "endDate": "2021-03-31", "totalRevenue": 64395700000, "costOfRevenue": 41882100000, "grossProfit": 22513600000, "researchDevelopment": {}, "sellingGeneralAdministrative": 5074000000, "nonRecurring": {}, "otherOperatingExpenses": 9049900000, "totalOperatingExpenses": 57790500000, "operatingIncome": 6605200000, "totalOtherIncomeExpenseNet": -2138100000, "ebit": 6605200000, "interestExpense": -2195900000, "incomeBeforeTax": 4467100000, "incomeTaxExpense": 1393700000, "minorityInterest": 17587300000, "netIncomeFromContinuingOps": 3073400000, "discontinuedOperations": {}, "extraordinaryItems": {}, "effectOfAccountingCharges": {}, "otherItems": {}, "netIncome": 1671600000, "netIncomeApplicableToCommonShares": 1671600000}, {"maxAge": 1, "endDate": "2020-12-31", "totalRevenue": 63744900000, "costOfRevenue": 42518200000, "grossProfit": 21226700000, "researchDevelopment": {}, "sellingGeneralAdministrative": 5131800000, "nonRecurring": {}, "otherOperatingExpenses": 7862100000, "totalOperatingExpenses": 57203300000, "operatingIncome": 6541600000, "totalOtherIncomeExpenseNet": -2180000000, "ebit": 6541600000, "interestExpense": -2319700000, "incomeBeforeTax": 4361600000, "incomeTaxExpense": 1054200000, "minorityInterest": 17587300000, "netIncomeFromContinuingOps": 3307400000, "discontinuedOperations": {}, "extraordinaryItems": {}, "effectOfAccountingCharges": {}, "otherItems": {}, "netIncome": 2023700000, "netIncomeApplicableToCommonShares": 2023700000}, {"maxAge": 1, "endDate": "2020-09-30", "totalRevenue": 54635800000, "costOfRevenue": 36431600000, "grossProfit": 18204200000, "researchDevelopment": {}, "sellingGeneralAdministrative": 4645400000, "nonRecurring": {}, "otherOperatingExpenses": 6797900000, "totalOperatingExpenses": 49578900000, "operatingIncome": 5056900000, "totalOtherIncomeExpenseNet": -2407800000, "ebit": 5056900000, "interestExpense": -2505400000, "incomeBeforeTax": 2649100000, "incomeTaxExpense": 753000000, "minorityInterest": 15446100000, "netIncomeFromContinuingOps": 1896100000, "discontinuedOperations": {}, "extraordinaryItems": {}, "effectOfAccountingCharges": {}, "otherItems": {}, "netIncome": 1107900000, "netIncomeApplicableToCommonShares": 1107900000}, {"maxAge": 1, "endDate": "2020-06-30", "totalRevenue": 20210900000, "costOfRevenue": 11441000000, "grossProfit": 8769900000, "researchDevelopment": {}, "sellingGeneralAdministrative": 3939300000, "nonRecurring": {}, "otherOperatingExpenses": 4330000000, "totalOperatingExpenses": 20958000000, "operatingIncome": -747100000, "totalOtherIncomeExpenseNet": -2188100000, "ebit": -747100000, "interestExpense": -2270100000, "incomeBeforeTax": -2935200000, "incomeTaxExpense": -579200000, "minorityInterest": 15446100000, "netIncomeFromContinuingOps": -2356000000, "discontinuedOperations": {}, "extraordinaryItems": {}, "effectOfAccountingCharges": {}, "otherItems": {}, "netIncome": -1566400000, "netIncomeApplicableToCommonShares": -1566400000}], "maxAge": 86400}, "cashflowStatementHistoryQuarterly": {"cashflowStatements": [{"maxAge": 1, "endDate": "2021-03-31", "netIncome": 1671600000, "changeToLiabilities": 0}, {"maxAge": 1, "endDate": "2020-12-31", "netIncome": 2023700000, "changeToLiabilities": 0}, {"maxAge": 1, "endDate": "2020-09-30", "netIncome": 1107900000, "changeToLiabilities": 0}, {"maxAge": 1, "endDate": "2020-06-30", "netIncome": -1566400000, "changeToLiabilities": 0}], "maxAge": 86400}, "insiderHolders": {"holders": [], "maxAge": 1}, "calendarEvents": {"maxAge": 1, "earnings": {"earningsDate": []}, "exDividendDate": "2021-03-30 05:30:00"}, "upgradeDowngradeHistory": {"history": [], "maxAge": 86400}, "price": {"maxAge": 1, "regularMarketChangePercent": -0.01929892, "regularMarketChange": -61.55005, "regularMarketTime": "2021-04-30 15:29:36", "priceHint": 2, "regularMarketPrice": 3127.75, "regularMarketDayHigh": 3200.0, "regularMarketDayLow": 3061.7, "regularMarketVolume": 11154, "averageDailyVolume10Day": 3454, "averageDailyVolume3Month": 7739, "regularMarketPreviousClose": 3189.3, "regularMarketSource": "FREE_REALTIME", "regularMarketOpen": 3185.0, "exchange": "NSI", "exchangeName": "NSE", "exchangeDataDelayedBy": 15, "marketState": "CLOSED", "quoteType": "EQUITY", "symbol": "SUNCLAYLTD.NS", "underlyingSymbol": null, "shortName": "SUNDARAM CLAYTON", "longName": "Sundaram-Clayton Limited", "currency": "INR", "quoteSourceName": "Delayed Quote", "currencySymbol": "\u20b9", "fromCurrency": null, "lastMarket": null, "marketCap": 63254052864}, "balanceSheetHistory": {"balanceSheetStatements": [{"maxAge": 1, "endDate": "2021-03-31", "cash": 17065400000, "shortTermInvestments": 969200000, "netReceivables": 70154900000, "inventory": 16683000000, "otherCurrentAssets": 6170100000, "totalCurrentAssets": 111042600000, "longTermInvestments": 7029600000, "propertyPlantEquipment": 49546200000, "goodWill": 1126100000, "intangibleAssets": 6956500000, "otherAssets": 58661600000, "deferredLongTermAssetCharges": 1276200000, "totalAssets": 234362600000, "accountsPayable": 45357000000, "shortLongTermDebt": 30131400000, "otherCurrentLiab": 6277700000, "longTermDebt": 66348800000, "otherLiab": 4526700000, "minorityInterest": 17587300000, "totalCurrentLiabilities": 114719100000, "totalLiab": 187729400000, "commonStock": 101200000, "treasuryStock": 28944700000, "otherStockholderEquity": 28944700000, "totalStockholderEquity": 29045900000, "netTangibleAssets": 20963300000}, {"maxAge": 1, "endDate": "2020-03-31", "cash": 11305800000, "shortTermInvestments": 247600000, "netReceivables": 75053600000, "inventory": 14594700000, "otherCurrentAssets": 1780000000, "totalCurrentAssets": 103381200000, "longTermInvestments": 4310300000, "propertyPlantEquipment": 48836600000, "goodWill": 1126100000, "intangibleAssets": 3426900000, "otherAssets": 45039900000, "totalAssets": 206121000000, "accountsPayable": 33337400000, "shortLongTermDebt": 25150200000, "otherCurrentLiab": 3641500000, "longTermDebt": 54689800000, "otherLiab": 2251700000, "minorityInterest": 15162100000, "totalCurrentLiabilities": 107071000000, "totalLiab": 166324300000, "commonStock": 101200000, "retainedEarnings": 22597000000, "treasuryStock": 1572200000, "capitalSurplus": 364200000, "otherStockholderEquity": 1572200000, "totalStockholderEquity": 24634600000, "netTangibleAssets": 20081600000}, {"maxAge": 1, "endDate": "2019-03-31", "cash": 1646700000, "shortTermInvestments": 385300000, "netReceivables": 69237400000, "inventory": 16228700000, "otherCurrentAssets": 1211300000, "totalCurrentAssets": 89103700000, "longTermInvestments": 5816300000, "propertyPlantEquipment": 43304900000, "goodWill": 1126100000, "intangibleAssets": 2048600000, "otherAssets": 40298700000, "totalAssets": 181698300000, "accountsPayable": 33433800000, "shortLongTermDebt": 11799600000, "otherCurrentLiab": 2856200000, "longTermDebt": 52928200000, "otherLiab": 1983700000, "minorityInterest": 14256600000, "totalCurrentLiabilities": 87791900000, "totalLiab": 142703800000, "commonStock": 101200000, "retainedEarnings": 21507500000, "treasuryStock": 2765000000, "capitalSurplus": 364200000, "otherStockholderEquity": 2765000000, "totalStockholderEquity": 24737900000, "netTangibleAssets": 21563200000}, {"maxAge": 1, "endDate": "2018-03-31", "cash": 1033700000, "shortTermInvestments": 664200000, "netReceivables": 53268300000, "inventory": 14170000000, "otherCurrentAssets": 1343000000, "totalCurrentAssets": 70827100000, "longTermInvestments": 5804200000, "propertyPlantEquipment": 36728800000, "goodWill": 1126100000, "intangibleAssets": 989900000, "otherAssets": 32133700000, "totalAssets": 147609800000, "accountsPayable": 30137700000, "shortLongTermDebt": 14521800000, "otherCurrentLiab": 2760500000, "longTermDebt": 26390000000, "otherLiab": 1441600000, "minorityInterest": 11912100000, "totalCurrentLiabilities": 86351700000, "totalLiab": 114183300000, "commonStock": 101200000, "retainedEarnings": 18065900000, "treasuryStock": 2983100000, "capitalSurplus": 364200000, "otherStockholderEquity": 2983100000, "totalStockholderEquity": 21514400000, "netTangibleAssets": 19398400000}], "maxAge": 86400}, "financialData": {"maxAge": 86400, "currentPrice": 3127.75, "recommendationKey": "none", "totalCash": 18034599936, "totalCashPerShare": 891.386, "ebitda": 23883999232, "totalDebt": 131568001024, "quickRatio": 0.264, "currentRatio": 0.968, "totalRevenue": 202987307008, "debtToEquity": 282.134, "revenuePerShare": 10032.72, "returnOnAssets": 0.04954, "returnOnEquity": 0.13701001, "grossProfits": 70714400000, "freeCashflow": 11251137536, "operatingCashflow": 12146100224, "earningsGrowth": 17.119, "revenueGrowth": 0.483, "grossMargins": 0.34837002, "ebitdaMargins": 0.11766, "operatingMargins": 0.086, "profitMargins": 0.01595, "financialCurrency": "INR"}}}