{"SUNCLAYLTD.BO": {"recommendationTrend": {"trend": [{"period": "0m", "strongBuy": 0, "buy": 0, "hold": 0, "sell": 0, "strongSell": 0}, {"period": "-1m", "strongBuy": 0, "buy": 0, "hold": 0, "sell": 0, "strongSell": 0}, {"period": "-2m", "strongBuy": 0, "buy": 0, "hold": 0, "sell": 0, "strongSell": 0}, {"period": "-3m", "strongBuy": 0, "buy": 0, "hold": 0, "sell": 0, "strongSell": 0}], "maxAge": 86400}, "cashflowStatementHistory": {"cashflowStatements": [{"maxAge": 1, "endDate": "2020-03-31", "netIncome": 3371200000, "depreciation": 5880200000, "changeToNetincome": 4565000000, "changeToAccountReceivables": 1348300000, "changeToLiabilities": -96400000, "changeToInventory": 1634000000, "changeToOperatingActivities": -12726900000, "totalCashFromOperatingActivities": 4581700000, "capitalExpenditures": -10403000000, "investments": -1217900000, "otherCashflowsFromInvestingActivities": 309100000, "totalCashflowsFromInvestingActivities": -10547600000, "dividendsPaid": -625300000, "netBorrowings": 21726100000, "otherCashflowsFromFinancingActivities": -3147200000, "totalCashFromFinancingActivities": 17953600000, "changeInCash": 11987700000}, {"maxAge": 1, "endDate": "2019-03-31", "netIncome": 4321400000, "depreciation": 5010500000, "changeToNetincome": 5101500000, "changeToAccountReceivables": -4125500000, "changeToLiabilities": 3296100000, "changeToInventory": -2058700000, "changeToOperatingActivities": -18973400000, "totalCashFromOperatingActivities": -7099600000, "capitalExpenditures": -13088900000, "investments": -344200000, "otherCashflowsFromInvestingActivities": 90200000, "totalCashflowsFromInvestingActivities": -13239500000, "dividendsPaid": -728400000, "netBorrowings": 24227100000, "otherCashflowsFromFinancingActivities": -2652800000, "totalCashFromFinancingActivities": 20845900000, "changeInCash": 506800000}, {"maxAge": 1, "endDate": "2018-03-31", "netIncome": 3381300000, "depreciation": 4171900000, "changeToNetincome": 1881100000, "changeToAccountReceivables": -4531200000, "changeToLiabilities": 7893800000, "changeToInventory": -202900000, "changeToOperatingActivities": -9645700000, "totalCashFromOperatingActivities": 3244500000, "capitalExpenditures": -13221200000, "investments": -1283100000, "otherCashflowsFromInvestingActivities": -51700000, "totalCashflowsFromInvestingActivities": -13794100000, "dividendsPaid": -303500000, "netBorrowings": 14388800000, "otherCashflowsFromFinancingActivities": -2107200000, "totalCashFromFinancingActivities": 11978100000, "changeInCash": 1428500000}, {"maxAge": 1, "endDate": "2017-03-31", "netIncome": 3302000000, "depreciation": 3494900000, "changeToNetincome": 1817000000, "changeToAccountReceivables": -1996700000, "changeToLiabilities": 3594300000, "changeToInventory": -2781500000, "changeToOperatingActivities": 673100000, "totalCashFromOperatingActivities": 8383900000, "capitalExpenditures": -7723500000, "investments": -1101600000, "otherCashflowsFromInvestingActivities": 511100000, "totalCashflowsFromInvestingActivities": -8175700000, "dividendsPaid": -637300000, "netBorrowings": 1678700000, "otherCashflowsFromFinancingActivities": -1651000000, "totalCashFromFinancingActivities": -609600000, "changeInCash": -401400000}], "maxAge": 86400}, "institutionOwnership": {"ownershipList": [], "maxAge": 1}, "balanceSheetHistoryQuarterly": {"balanceSheetStatements": [{"maxAge": 1, "endDate": "2020-06-30", "totalStockholderEquity": 24634600000, "netTangibleAssets": 20081600000}, {"maxAge": 1, "endDate": "2020-03-31", "cash": 11305800000, "shortTermInvestments": 247600000, "netReceivables": 75053600000, "inventory": 14594700000, "otherCurrentAssets": 1780000000, "totalCurrentAssets": 103381200000, "longTermInvestments": 4310300000, "propertyPlantEquipment": 48836600000, "goodWill": 1126100000, "intangibleAssets": 3426900000, "otherAssets": 45039900000, "totalAssets": 206121000000, "accountsPayable": 33337400000, "shortLongTermDebt": 25150200000, "otherCurrentLiab": 3641500000, "longTermDebt": 54689800000, "otherLiab": 2251700000, "minorityInterest": 15162100000, "totalCurrentLiabilities": 107071000000, "totalLiab": 166324300000, "commonStock": 101200000, "retainedEarnings": 22597000000, "treasuryStock": 1572200000, "capitalSurplus": 364200000, "otherStockholderEquity": 1572200000, "totalStockholderEquity": 24634600000, "netTangibleAssets": 20081600000}, {"maxAge": 1, "endDate": "2019-12-31", "totalStockholderEquity": 25319200000, "netTangibleAssets": 21590500000}, {"maxAge": 1, "endDate": "2019-09-30", "cash": 1817500000, "shortTermInvestments": 1095000000, "netReceivables": 68062200000, "inventory": 14672900000, "otherCurrentAssets": 5457300000, "totalCurrentAssets": 91104900000, "longTermInvestments": 5371400000, "propertyPlantEquipment": 46577500000, "goodWill": 1126100000, "intangibleAssets": 2602600000, "otherAssets": 42834700000, "totalAssets": 189617200000, "accountsPayable": 32387000000, "shortLongTermDebt": 23795600000, "otherCurrentLiab": 4368400000, "longTermDebt": 48902000000, "otherLiab": 2540500000, "minorityInterest": 15225500000, "totalCurrentLiabilities": 95513600000, "totalLiab": 149072500000, "commonStock": 101200000, "treasuryStock": 25218000000, "otherStockholderEquity": 25218000000, "totalStockholderEquity": 25319200000, "netTangibleAssets": 21590500000}], "maxAge": 86400}, "earningsHistory": {"history": [{"maxAge": 1, "epsActual": {}, "epsEstimate": {}, "epsDifference": {}, "surprisePercent": {}, "quarter": {}, "period": "-4q"}, {"maxAge": 1, "epsActual": {}, "epsEstimate": {}, "epsDifference": {}, "surprisePercent": {}, "quarter": {}, "period": "-3q"}, {"maxAge": 1, "epsActual": {}, "epsEstimate": {}, "epsDifference": {}, "surprisePercent": {}, "quarter": {}, "period": "-2q"}, {"maxAge": 1, "epsActual": {}, "epsEstimate": {}, "epsDifference": {}, "surprisePercent": {}, "quarter": {}, "period": "-1q"}], "maxAge": 86400}, "indexTrend": {"maxAge": 1, "symbol": "SP5", "peRatio": 19.7411, "pegRatio": 1.34172, "estimates": [{"period": "0q", "growth": 0.549}, {"period": "+1q", "growth": 0.431}, {"period": "0y", "growth": 0.305}, {"period": "+1y", "growth": 0.109}, {"period": "+5y", "growth": 0.120865}, {"period": "-5y"}]}, "industryTrend": {"maxAge": 1, "symbol": null, "estimates": []}, "quoteType": {"exchange": "BSE", "quoteType": "EQUITY", "symbol": "SUNCLAYLTD.BO", "underlyingSymbol": "SUNCLAYLTD.BO", "shortName": "SUNDARAM-CLAYTON LTD.", "longName": "Sundaram-Clayton Limited", "firstTradeDateEpochUtc": "2002-01-14 09:15:00", "timeZoneFullName": "Asia/Kolkata", "timeZoneShortName": "IST", "uuid": "24f09e42-f4d2-3359-a245-4dc885cb3570", "gmtOffSetMilliseconds": 19800000, "maxAge": 1}, "incomeStatementHistory": {"incomeStatementHistory": [{"maxAge": 1, "endDate": "2020-03-31", "totalRevenue": 198587400000, "costOfRevenue": 128284300000, "grossProfit": 70303100000, "researchDevelopment": {}, "sellingGeneralAdministrative": 25586200000, "nonRecurring": {}, "otherOperatingExpenses": 20347200000, "totalOperatingExpenses": 180702900000, "operatingIncome": 17884500000, "totalOtherIncomeExpenseNet": -9432400000, "ebit": 17884500000, "interestExpense": -8406500000, "incomeBeforeTax": 8452100000, "incomeTaxExpense": 2186500000, "minorityInterest": 15162100000, "netIncomeFromContinuingOps": 6265600000, "discontinuedOperations": {}, "extraordinaryItems": {}, "effectOfAccountingCharges": {}, "otherItems": {}, "netIncome": 3371200000, "netIncomeApplicableToCommonShares": 3371200000}, {"maxAge": 1, "endDate": "2019-03-31", "totalRevenue": 215478900000, "costOfRevenue": 146215800000, "grossProfit": 69263100000, "researchDevelopment": {}, "sellingGeneralAdministrative": 24914600000, "nonRecurring": {}, "otherOperatingExpenses": 20598400000, "totalOperatingExpenses": 197066500000, "operatingIncome": 18412400000, "totalOtherIncomeExpenseNet": -7235000000, "ebit": 18412400000, "interestExpense": -6909400000, "incomeBeforeTax": 11177400000, "incomeTaxExpense": 3679700000, "minorityInterest": 14256600000, "netIncomeFromContinuingOps": 7497700000, "discontinuedOperations": {}, "extraordinaryItems": {}, "effectOfAccountingCharges": {}, "otherItems": {}, "netIncome": 4321400000, "netIncomeApplicableToCommonShares": 4321400000}, {"maxAge": 1, "endDate": "2018-03-31", "totalRevenue": 175117400000, "costOfRevenue": 118645500000, "grossProfit": 56471900000, "researchDevelopment": {}, "sellingGeneralAdministrative": 21139900000, "nonRecurring": {}, "otherOperatingExpenses": 19297300000, "totalOperatingExpenses": 163549500000, "operatingIncome": 11567900000, "totalOtherIncomeExpenseNet": -3160600000, "ebit": 11567900000, "interestExpense": -3544800000, "incomeBeforeTax": 8407300000, "incomeTaxExpense": 2119500000, "minorityInterest": 11912100000, "netIncomeFromContinuingOps": 6287800000, "discontinuedOperations": {}, "extraordinaryItems": {}, "effectOfAccountingCharges": {}, "otherItems": {}, "netIncome": 3381300000, "netIncomeApplicableToCommonShares": 3381300000}, {"maxAge": 1, "endDate": "2017-03-31", "totalRevenue": 134982000000, "costOfRevenue": 94121200000, "grossProfit": 40860800000, "researchDevelopment": {}, "sellingGeneralAdministrative": 16753300000, "nonRecurring": {}, "otherOperatingExpenses": 13632600000, "totalOperatingExpenses": 128281600000, "operatingIncome": 6700400000, "totalOtherIncomeExpenseNet": 397600000, "ebit": 6700400000, "interestExpense": -864300000, "incomeBeforeTax": 7098000000, "incomeTaxExpense": 1627300000, "minorityInterest": 9282100000, "netIncomeFromContinuingOps": 5470700000, "discontinuedOperations": {}, "extraordinaryItems": {}, "effectOfAccountingCharges": {}, "otherItems": {}, "netIncome": 3302000000, "netIncomeApplicableToCommonShares": 3302000000}], "maxAge": 86400}, "fundOwnership": {"ownershipList": [], "maxAge": 1}, "summaryDetail": {"maxAge": 1, "priceHint": 2, "previousClose": 3187.95, "open": 3187.45, "dayLow": 3094.65, "dayHigh": 3205.0, "regularMarketPreviousClose": 3187.95, "regularMarketOpen": 3187.45, "regularMarketDayLow": 3094.65, "regularMarketDayHigh": 3205.0, "trailingPE": 69.490295, "volume": 350, "regularMarketVolume": 350, "averageVolume": 627, "averageVolume10days": 1063, "averageDailyVolume10Day": 1063, "bid": 3139.8, "ask": 3165.0, "bidSize": 0, "askSize": 0, "marketCap": 63359852544, "fiftyTwoWeekLow": 970.5, "fiftyTwoWeekHigh": 3808.0, "fiftyDayAverage": 2775.441, "twoHundredDayAverage": 1971.0919, "trailingAnnualDividendRate": 31.0, "trailingAnnualDividendYield": 0.009724118, "currency": "INR", "fromCurrency": null, "lastMarket": null, "algorithm": null, "tradeable": false}, "sectorTrend": {"maxAge": 1, "symbol": null, "estimates": []}, "incomeStatementHistoryQuarterly": {"incomeStatementHistory": [{"maxAge": 1, "endDate": "2020-06-30", "totalRevenue": 20210900000, "costOfRevenue": 11441000000, "grossProfit": 8769900000, "researchDevelopment": {}, "sellingGeneralAdministrative": 3939300000, "nonRecurring": {}, "otherOperatingExpenses": 4330000000, "totalOperatingExpenses": 20958000000, "operatingIncome": -747100000, "totalOtherIncomeExpenseNet": -2188100000, "ebit": -747100000, "interestExpense": -2270100000, "incomeBeforeTax": -2935200000, "incomeTaxExpense": -579200000, "minorityInterest": {}, "netIncomeFromContinuingOps": -2356000000, "discontinuedOperations": {}, "extraordinaryItems": {}, "effectOfAccountingCharges": {}, "otherItems": {}, "netIncome": -1566400000, "netIncomeApplicableToCommonShares": -1566400000}, {"maxAge": 1, "endDate": "2020-03-31", "totalRevenue": 43408900000, "costOfRevenue": 28887400000, "grossProfit": 14521500000, "researchDevelopment": {}, "sellingGeneralAdministrative": 12378200000, "nonRecurring": {}, "otherOperatingExpenses": -3470500000, "totalOperatingExpenses": 39602100000, "operatingIncome": 3806800000, "totalOtherIncomeExpenseNet": -2982800000, "ebit": 3806800000, "interestExpense": -1749000000, "incomeBeforeTax": 824000000, "incomeTaxExpense": 322800000, "minorityInterest": 15162100000, "netIncomeFromContinuingOps": 501200000, "discontinuedOperations": {}, "extraordinaryItems": {}, "effectOfAccountingCharges": {}, "otherItems": {}, "netIncome": 92100000, "netIncomeApplicableToCommonShares": 92100000}, {"maxAge": 1, "endDate": "2019-12-31", "totalRevenue": 49899700000, "costOfRevenue": 31115500000, "grossProfit": 18784200000, "researchDevelopment": {}, "sellingGeneralAdministrative": 4349200000, "nonRecurring": {}, "otherOperatingExpenses": 7970700000, "totalOperatingExpenses": 44938000000, "operatingIncome": 4961700000, "totalOtherIncomeExpenseNet": -2942200000, "ebit": 4961700000, "interestExpense": -2285300000, "incomeBeforeTax": 2019500000, "incomeTaxExpense": 433100000, "minorityInterest": 15162100000, "netIncomeFromContinuingOps": 1586400000, "discontinuedOperations": {}, "extraordinaryItems": {}, "effectOfAccountingCharges": {}, "otherItems": {}, "netIncome": 888400000, "netIncomeApplicableToCommonShares": 888400000}, {"maxAge": 1, "endDate": "2019-09-30", "totalRevenue": 52207500000, "costOfRevenue": 33330700000, "grossProfit": 18876800000, "researchDevelopment": {}, "sellingGeneralAdministrative": 4408300000, "nonRecurring": {}, "otherOperatingExpenses": 8208900000, "totalOperatingExpenses": 47542700000, "operatingIncome": 4664800000, "totalOtherIncomeExpenseNet": -1422300000, "ebit": 4664800000, "interestExpense": -2156900000, "incomeBeforeTax": 3242500000, "incomeTaxExpense": 622900000, "minorityInterest": 15225500000, "netIncomeFromContinuingOps": 2619600000, "discontinuedOperations": {}, "extraordinaryItems": {}, "effectOfAccountingCharges": {}, "otherItems": {}, "netIncome": 1497700000, "netIncomeApplicableToCommonShares": 1497700000}], "maxAge": 86400}, "cashflowStatementHistoryQuarterly": {"cashflowStatements": [{"maxAge": 1, "endDate": "2020-06-30", "netIncome": -1566400000, "changeToLiabilities": 0}, {"maxAge": 1, "endDate": "2020-03-31", "netIncome": 92100000, "changeToLiabilities": 0}, {"maxAge": 1, "endDate": "2019-12-31", "netIncome": 888400000, "changeToLiabilities": 0}, {"maxAge": 1, "endDate": "2019-09-30", "netIncome": 1497700000, "changeToLiabilities": 0}], "maxAge": 86400}, "insiderHolders": {"holders": [], "maxAge": 1}, "earnings": {"maxAge": 86400, "earningsChart": {"quarterly": [], "earningsDate": []}, "financialsChart": {"yearly": [{"date": 2017, "revenue": 134982000000, "earnings": 3302000000}, {"date": 2018, "revenue": 175117400000, "earnings": 3381300000}, {"date": 2019, "revenue": 215478900000, "earnings": 4321400000}, {"date": 2020, "revenue": 198587400000, "earnings": 3371200000}], "quarterly": [{"date": "3Q2019", "revenue": 52207500000, "earnings": 1497700000}, {"date": "4Q2019", "revenue": 49899700000, "earnings": 888400000}, {"date": "1Q2020", "revenue": 43408900000, "earnings": 92100000}, {"date": "2Q2020", "revenue": 20210900000, "earnings": -1566400000}]}, "financialCurrency": "INR"}, "calendarEvents": {"maxAge": 1, "earnings": {"earningsDate": []}}, "upgradeDowngradeHistory": {"history": [], "maxAge": 86400}, "price": {"maxAge": 1, "regularMarketChangePercent": -0.017660268, "regularMarketChange": -56.30005, "regularMarketTime": "2021-04-30 15:29:07", "priceHint": 2, "regularMarketPrice": 3131.65, "regularMarketDayHigh": 3205.0, "regularMarketDayLow": 3094.65, "regularMarketVolume": 350, "averageDailyVolume10Day": 1063, "averageDailyVolume3Month": 627, "regularMarketPreviousClose": 3187.95, "regularMarketSource": "FREE_REALTIME", "regularMarketOpen": 3187.45, "exchange": "BSE", "exchangeName": "BSE", "exchangeDataDelayedBy": 0, "marketState": "CLOSED", "quoteType": "EQUITY", "symbol": "SUNCLAYLTD.BO", "underlyingSymbol": null, "shortName": "SUNDARAM-CLAYTON LTD.", "longName": "Sundaram-Clayton Limited", "currency": "INR", "quoteSourceName": "Delayed Quote", "currencySymbol": "\u20b9", "fromCurrency": null, "lastMarket": null, "marketCap": 63359852544}, "balanceSheetHistory": {"balanceSheetStatements": [{"maxAge": 1, "endDate": "2020-03-31", "cash": 11305800000, "shortTermInvestments": 247600000, "netReceivables": 75053600000, "inventory": 14594700000, "otherCurrentAssets": 1780000000, "totalCurrentAssets": 103381200000, "longTermInvestments": 4310300000, "propertyPlantEquipment": 48836600000, "goodWill": 1126100000, "intangibleAssets": 3426900000, "otherAssets": 45039900000, "totalAssets": 206121000000, "accountsPayable": 33337400000, "shortLongTermDebt": 25150200000, "otherCurrentLiab": 3641500000, "longTermDebt": 54689800000, "otherLiab": 2251700000, "minorityInterest": 15162100000, "totalCurrentLiabilities": 107071000000, "totalLiab": 166324300000, "commonStock": 101200000, "retainedEarnings": 22597000000, "treasuryStock": 1572200000, "capitalSurplus": 364200000, "otherStockholderEquity": 1572200000, "totalStockholderEquity": 24634600000, "netTangibleAssets": 20081600000}, {"maxAge": 1, "endDate": "2019-03-31", "cash": 1646700000, "shortTermInvestments": 385300000, "netReceivables": 69237400000, "inventory": 16228700000, "otherCurrentAssets": 1211300000, "totalCurrentAssets": 89103700000, "longTermInvestments": 5816300000, "propertyPlantEquipment": 43304900000, "goodWill": 1126100000, "intangibleAssets": 2048600000, "otherAssets": 40298700000, "totalAssets": 181698300000, "accountsPayable": 33433800000, "shortLongTermDebt": 11799600000, "otherCurrentLiab": 2856200000, "longTermDebt": 52928200000, "otherLiab": 1983700000, "minorityInterest": 14256600000, "totalCurrentLiabilities": 87791900000, "totalLiab": 142703800000, "commonStock": 101200000, "retainedEarnings": 21507500000, "treasuryStock": 2765000000, "capitalSurplus": 364200000, "otherStockholderEquity": 2765000000, "totalStockholderEquity": 24737900000, "netTangibleAssets": 21563200000}, {"maxAge": 1, "endDate": "2018-03-31", "cash": 1033700000, "shortTermInvestments": 664200000, "netReceivables": 53268300000, "inventory": 14170000000, "otherCurrentAssets": 1343000000, "totalCurrentAssets": 70827100000, "longTermInvestments": 5804200000, "propertyPlantEquipment": 36728800000, "goodWill": 1126100000, "intangibleAssets": 989900000, "otherAssets": 32133700000, "totalAssets": 147609800000, "accountsPayable": 30137700000, "shortLongTermDebt": 14521800000, "otherCurrentLiab": 2760500000, "longTermDebt": 26390000000, "otherLiab": 1441600000, "minorityInterest": 11912100000, "totalCurrentLiabilities": 86351700000, "totalLiab": 114183300000, "commonStock": 101200000, "retainedEarnings": 18065900000, "treasuryStock": 2983100000, "capitalSurplus": 364200000, "otherStockholderEquity": 2983100000, "totalStockholderEquity": 21514400000, "netTangibleAssets": 19398400000}, {"maxAge": 1, "endDate": "2017-03-31", "cash": 479400000, "netReceivables": 13403800000, "inventory": 13967100000, "otherCurrentAssets": 862400000, "totalCurrentAssets": 28955500000, "longTermInvestments": 13109200000, "propertyPlantEquipment": 28587100000, "goodWill": 54800000, "intangibleAssets": 554000000, "otherAssets": 1910000000, "totalAssets": 73170600000, "accountsPayable": 21068600000, "shortLongTermDebt": 1510900000, "otherCurrentLiab": 2065400000, "longTermDebt": 6228300000, "otherLiab": 2536700000, "minorityInterest": 9282100000, "totalCurrentLiabilities": 36453400000, "totalLiab": 45218400000, "commonStock": 101200000, "retainedEarnings": 15530700000, "treasuryStock": 2674000000, "capitalSurplus": 364200000, "otherStockholderEquity": 2674000000, "totalStockholderEquity": 18670100000, "netTangibleAssets": 18061300000}], "maxAge": 86400}, "earningsTrend": {"trend": [{"maxAge": 1, "period": "0q", "endDate": null, "growth": {}, "earningsEstimate": {"avg": 0.0, "low": 0.0, "high": 0.0, "yearAgoEps": {}, "numberOfAnalysts": 0, "growth": {}}, "revenueEstimate": {"avg": 0, "low": 0, "high": 0, "numberOfAnalysts": 0, "yearAgoRevenue": {}, "growth": {}}, "epsTrend": {"current": 0.0, "7daysAgo": 0.0, "30daysAgo": 0.0, "60daysAgo": 0.0, "90daysAgo": 0.0}, "epsRevisions": {"upLast7days": 0, "upLast30days": 0, "downLast30days": 0, "downLast90days": {}}}, {"maxAge": 1, "period": "+1q", "endDate": null, "growth": {}, "earningsEstimate": {"avg": 0.0, "low": 0.0, "high": 0.0, "yearAgoEps": {}, "numberOfAnalysts": 0, "growth": {}}, "revenueEstimate": {"avg": 0, "low": 0, "high": 0, "numberOfAnalysts": 0, "yearAgoRevenue": {}, "growth": {}}, "epsTrend": {"current": 0.0, "7daysAgo": 0.0, "30daysAgo": 0.0, "60daysAgo": 0.0, "90daysAgo": 0.0}, "epsRevisions": {"upLast7days": 0, "upLast30days": 0, "downLast30days": 0, "downLast90days": {}}}, {"maxAge": 1, "period": "0y", "endDate": null, "growth": {}, "earningsEstimate": {"avg": 0.0, "low": 0.0, "high": 0.0, "yearAgoEps": {}, "numberOfAnalysts": 0, "growth": {}}, "revenueEstimate": {"avg": 0, "low": 0, "high": 0, "numberOfAnalysts": 0, "yearAgoRevenue": {}, "growth": {}}, "epsTrend": {"current": 0.0, "7daysAgo": 0.0, "30daysAgo": 0.0, "60daysAgo": 0.0, "90daysAgo": 0.0}, "epsRevisions": {"upLast7days": 0, "upLast30days": 0, "downLast30days": 0, "downLast90days": {}}}, {"maxAge": 1, "period": "+1y", "endDate": null, "growth": {}, "earningsEstimate": {"avg": 0.0, "low": 0.0, "high": 0.0, "yearAgoEps": {}, "numberOfAnalysts": 0, "growth": {}}, "revenueEstimate": {"avg": 0, "low": 0, "high": 0, "numberOfAnalysts": 0, "yearAgoRevenue": {}, "growth": {}}, "epsTrend": {"current": 0.0, "7daysAgo": 0.0, "30daysAgo": 0.0, "60daysAgo": 0.0, "90daysAgo": 0.0}, "epsRevisions": {"upLast7days": 0, "upLast30days": 0, "downLast30days": 0, "downLast90days": {}}}, {"maxAge": 1, "period": "+5y", "endDate": null, "growth": {}, "earningsEstimate": {"avg": {}, "low": {}, "high": {}, "yearAgoEps": {}, "numberOfAnalysts": {}, "growth": {}}, "revenueEstimate": {"avg": {}, "low": {}, "high": {}, "numberOfAnalysts": {}, "yearAgoRevenue": {}, "growth": {}}, "epsTrend": {"current": {}, "7daysAgo": {}, "30daysAgo": {}, "60daysAgo": {}, "90daysAgo": {}}, "epsRevisions": {"upLast7days": {}, "upLast30days": {}, "downLast30days": {}, "downLast90days": {}}}, {"maxAge": 1, "period": "-5y", "endDate": null, "growth": 0.0008, "earningsEstimate": {"avg": {}, "low": {}, "high": {}, "yearAgoEps": {}, "numberOfAnalysts": {}, "growth": {}}, "revenueEstimate": {"avg": {}, "low": {}, "high": {}, "numberOfAnalysts": {}, "yearAgoRevenue": {}, "growth": {}}, "epsTrend": {"current": {}, "7daysAgo": {}, "30daysAgo": {}, "60daysAgo": {}, "90daysAgo": {}}, "epsRevisions": {"upLast7days": {}, "upLast30days": {}, "downLast30days": {}, "downLast90days": {}}}], "maxAge": 1}, "financialData": {"maxAge": 86400, "currentPrice": 3131.65, "targetHighPrice": 180.0, "targetLowPrice": 180.0, "targetMeanPrice": 180.0, "targetMedianPrice": 180.0, "recommendationMean": 2.0, "recommendationKey": "buy", "numberOfAnalystOpinions": 1, "grossProfits": 70303100000, "financialCurrency": "INR"}}}