{"SUNDRMFAST.BO": {"recommendationTrend": {"trend": [{"period": "0m", "strongBuy": 0, "buy": 0, "hold": 0, "sell": 0, "strongSell": 0}, {"period": "-1m", "strongBuy": 0, "buy": 0, "hold": 0, "sell": 0, "strongSell": 0}, {"period": "-2m", "strongBuy": 0, "buy": 0, "hold": 0, "sell": 0, "strongSell": 0}, {"period": "-3m", "strongBuy": 0, "buy": 0, "hold": 0, "sell": 0, "strongSell": 0}], "maxAge": 86400}, "cashflowStatementHistory": {"cashflowStatements": [{"maxAge": 1, "endDate": "2020-03-31", "netIncome": 3248900000, "depreciation": 1689700000, "changeToNetincome": 194200000, "changeToLiabilities": 0, "changeToInventory": 810200000, "changeToOperatingActivities": 1224700000, "totalCashFromOperatingActivities": 7177200000, "capitalExpenditures": -3234800000, "investments": 17800000, "otherCashflowsFromInvestingActivities": -8400000, "totalCashflowsFromInvestingActivities": -3211800000, "dividendsPaid": -1523400000, "netBorrowings": -1430900000, "otherCashflowsFromFinancingActivities": -813200000, "totalCashFromFinancingActivities": -3767500000, "effectOfExchangeRate": 10400000, "changeInCash": 208300000}, {"maxAge": 1, "endDate": "2019-03-31", "netIncome": 4574900000, "depreciation": 1284100000, "changeToNetincome": 788800000, "changeToLiabilities": 0, "changeToInventory": -1247100000, "changeToOperatingActivities": -835200000, "totalCashFromOperatingActivities": 4574500000, "capitalExpenditures": -5948500000, "investments": -47000000, "otherCashflowsFromInvestingActivities": 27200000, "totalCashflowsFromInvestingActivities": -5958900000, "dividendsPaid": -987600000, "netBorrowings": 2875900000, "otherCashflowsFromFinancingActivities": -620900000, "totalCashFromFinancingActivities": 1267400000, "effectOfExchangeRate": 11200000, "changeInCash": -105800000}, {"maxAge": 1, "endDate": "2018-03-31", "netIncome": 3865700000, "depreciation": 1120800000, "changeToNetincome": 812600000, "changeToLiabilities": 0, "changeToInventory": -741200000, "changeToOperatingActivities": -500300000, "totalCashFromOperatingActivities": 4564300000, "capitalExpenditures": -3012900000, "investments": -10600000, "otherCashflowsFromInvestingActivities": 60200000, "totalCashflowsFromInvestingActivities": -2952100000, "dividendsPaid": -987600000, "netBorrowings": -74900000, "otherCashflowsFromFinancingActivities": -608400000, "totalCashFromFinancingActivities": -1670900000, "effectOfExchangeRate": -6200000, "changeInCash": -64900000}, {"maxAge": 1, "endDate": "2017-03-31", "netIncome": 3375100000, "depreciation": 1041900000, "changeToNetincome": 606000000, "changeToLiabilities": 0, "changeToInventory": -268700000, "changeToOperatingActivities": -2324500000, "totalCashFromOperatingActivities": 2435600000, "capitalExpenditures": -2397900000, "investments": -40300000, "otherCashflowsFromInvestingActivities": 41000000, "totalCashflowsFromInvestingActivities": -2357700000, "dividendsPaid": -357200000, "netBorrowings": 931700000, "otherCashflowsFromFinancingActivities": -473500000, "totalCashFromFinancingActivities": 55700000, "effectOfExchangeRate": -12700000, "changeInCash": 120900000}], "maxAge": 86400}, "institutionOwnership": {"ownershipList": [], "maxAge": 1}, "balanceSheetHistoryQuarterly": {"balanceSheetStatements": [{"maxAge": 1, "endDate": "2020-06-30", "totalStockholderEquity": 19959200000, "netTangibleAssets": 19884300000}, {"maxAge": 1, "endDate": "2020-03-31", "cash": 409000000, "shortTermInvestments": 11400000, "netReceivables": 6975700000, "inventory": 5696200000, "otherCurrentAssets": 320200000, "totalCurrentAssets": 13551600000, "longTermInvestments": 359300000, "propertyPlantEquipment": 19885400000, "goodWill": 33400000, "intangibleAssets": 41500000, "otherAssets": 1628900000, "deferredLongTermAssetCharges": 14300000, "totalAssets": 35500100000, "accountsPayable": 3850800000, "shortLongTermDebt": 410400000, "otherCurrentLiab": 451500000, "longTermDebt": 3250300000, "otherLiab": 1329300000, "minorityInterest": 83900000, "totalCurrentLiabilities": 10621200000, "totalLiab": 15457000000, "commonStock": 210100000, "retainedEarnings": 18951400000, "treasuryStock": 797700000, "otherStockholderEquity": 797700000, "totalStockholderEquity": 19959200000, "netTangibleAssets": 19884300000}, {"maxAge": 1, "endDate": "2019-12-31", "totalStockholderEquity": 19411700000, "netTangibleAssets": 19333000000}, {"maxAge": 1, "endDate": "2019-09-30", "cash": 404800000, "shortTermInvestments": 72500000, "netReceivables": 7395200000, "inventory": 6043300000, "otherCurrentAssets": 995400000, "totalCurrentAssets": 14911200000, "longTermInvestments": 899600000, "propertyPlantEquipment": 19195500000, "goodWill": 33400000, "intangibleAssets": 45300000, "otherAssets": 1555000000, "deferredLongTermAssetCharges": 20900000, "totalAssets": 36640000000, "accountsPayable": 3470500000, "otherCurrentLiab": 1280100000, "longTermDebt": 3558600000, "otherLiab": 1847000000, "minorityInterest": 91500000, "totalCurrentLiabilities": 11446500000, "totalLiab": 17136800000, "commonStock": 210100000, "treasuryStock": 19201600000, "otherStockholderEquity": 19201600000, "totalStockholderEquity": 19411700000, "netTangibleAssets": 19333000000}], "maxAge": 86400}, "earningsHistory": {"history": [{"maxAge": 1, "epsActual": 4.28, "epsEstimate": 3.85, "epsDifference": 0.43, "surprisePercent": 0.111999996, "quarter": "2017-03-31", "period": "-4q"}, {"maxAge": 1, "epsActual": 4.3, "epsEstimate": 4.1, "epsDifference": 0.2, "surprisePercent": 0.049000002, "quarter": "2017-09-30", "period": "-3q"}, {"maxAge": 1, "epsActual": 4.36, "epsEstimate": 4.0, "epsDifference": 0.36, "surprisePercent": 0.09, "quarter": "2017-12-31", "period": "-2q"}, {"maxAge": 1, "epsActual": 4.53, "epsEstimate": 4.67, "epsDifference": -0.14, "surprisePercent": -0.03, "quarter": "2018-03-31", "period": "-1q"}], "maxAge": 86400}, "indexTrend": {"maxAge": 1, "symbol": "SP5", "peRatio": 19.7411, "pegRatio": 1.34172, "estimates": [{"period": "0q", "growth": 0.549}, {"period": "+1q", "growth": 0.431}, {"period": "0y", "growth": 0.305}, {"period": "+1y", "growth": 0.109}, {"period": "+5y", "growth": 0.120865}, {"period": "-5y"}]}, "industryTrend": {"maxAge": 1, "symbol": null, "estimates": []}, "insiderTransactions": {"transactions": [{"maxAge": 1, "shares": 90000, "filerUrl": "", "transactionText": "", "filerName": "Jaganathan (V. G.)", "filerRelation": "UNREPORTED", "moneyText": "", "startDate": "2018-03-28", "ownership": "D"}, {"maxAge": 1, "shares": 47040, "filerUrl": "", "transactionText": "", "filerName": "Krishna (Suresh)", "filerRelation": "Chairman of the Board", "moneyText": "", "startDate": "2014-02-19", "ownership": "D"}, {"maxAge": 1, "shares": 47040, "filerUrl": "", "transactionText": "", "filerName": "Krishna (Suresh) HUF", "filerRelation": "UNREPORTED", "moneyText": "", "startDate": "2014-02-19", "ownership": "D"}, {"maxAge": 1, "shares": 47040, "filerUrl": "", "transactionText": "", "filerName": "Krishna (Usha)", "filerRelation": "UNREPORTED", "moneyText": "", "startDate": "2014-02-19", "ownership": "D"}], "maxAge": 1}, "quoteType": {"exchange": "BSE", "quoteType": "EQUITY", "symbol": "SUNDRMFAST.BO", "underlyingSymbol": "SUNDRMFAST.BO", "shortName": "SUNDRAM FASTENERS LTD.", "longName": "Sundram Fasteners Limited", "firstTradeDateEpochUtc": "2002-07-01 09:15:00", "timeZoneFullName": "Asia/Kolkata", "timeZoneShortName": "IST", "uuid": "60285868-cb7b-316b-8c6d-fb4a37aea483", "gmtOffSetMilliseconds": 19800000, "maxAge": 1}, "incomeStatementHistory": {"incomeStatementHistory": [{"maxAge": 1, "endDate": "2020-03-31", "totalRevenue": 37232300000, "costOfRevenue": 16048900000, "grossProfit": 21183400000, "researchDevelopment": {}, "sellingGeneralAdministrative": 4429500000, "nonRecurring": {}, "otherOperatingExpenses": 10804900000, "totalOperatingExpenses": 32982500000, "operatingIncome": 4249800000, "totalOtherIncomeExpenseNet": -318100000, "ebit": 4249800000, "interestExpense": -578300000, "incomeBeforeTax": 3931700000, "incomeTaxExpense": 666400000, "minorityInterest": 83900000, "netIncomeFromContinuingOps": 3265300000, "discontinuedOperations": {}, "extraordinaryItems": {}, "effectOfAccountingCharges": {}, "otherItems": {}, "netIncome": 3248900000, "netIncomeApplicableToCommonShares": 3248900000}, {"maxAge": 1, "endDate": "2019-03-31", "totalRevenue": 45579000000, "costOfRevenue": 19517700000, "grossProfit": 26061300000, "researchDevelopment": {}, "sellingGeneralAdministrative": 4631000000, "nonRecurring": {}, "otherOperatingExpenses": 13413500000, "totalOperatingExpenses": 38849900000, "operatingIncome": 6729100000, "totalOtherIncomeExpenseNet": -204700000, "ebit": 6729100000, "interestExpense": -459500000, "incomeBeforeTax": 6524400000, "incomeTaxExpense": 1934700000, "minorityInterest": 77700000, "netIncomeFromContinuingOps": 4589700000, "discontinuedOperations": {}, "extraordinaryItems": {}, "effectOfAccountingCharges": {}, "otherItems": {}, "netIncome": 4574900000, "netIncomeApplicableToCommonShares": 4574900000}, {"maxAge": 1, "endDate": "2018-03-31", "totalRevenue": 38549100000, "costOfRevenue": 15707800000, "grossProfit": 22841300000, "researchDevelopment": {}, "sellingGeneralAdministrative": 4164600000, "nonRecurring": {}, "otherOperatingExpenses": 11859300000, "totalOperatingExpenses": 32855000000, "operatingIncome": 5694100000, "totalOtherIncomeExpenseNet": -154800000, "ebit": 5694100000, "interestExpense": -374100000, "incomeBeforeTax": 5539300000, "incomeTaxExpense": 1657600000, "minorityInterest": 75100000, "netIncomeFromContinuingOps": 3881700000, "discontinuedOperations": {}, "extraordinaryItems": {}, "effectOfAccountingCharges": {}, "otherItems": {}, "netIncome": 3865700000, "netIncomeApplicableToCommonShares": 3865700000}, {"maxAge": 1, "endDate": "2017-03-31", "totalRevenue": 33029000000, "costOfRevenue": 13131100000, "grossProfit": 19897900000, "researchDevelopment": {}, "sellingGeneralAdministrative": 3870600000, "nonRecurring": {}, "otherOperatingExpenses": 10005300000, "totalOperatingExpenses": 28051900000, "operatingIncome": 4977100000, "totalOtherIncomeExpenseNet": -391900000, "ebit": 4977100000, "interestExpense": -325900000, "incomeBeforeTax": 4585200000, "incomeTaxExpense": 1203400000, "minorityInterest": 67500000, "netIncomeFromContinuingOps": 3381800000, "discontinuedOperations": {}, "extraordinaryItems": {}, "effectOfAccountingCharges": {}, "otherItems": {}, "netIncome": 3375100000, "netIncomeApplicableToCommonShares": 3375100000}], "maxAge": 86400}, "fundOwnership": {"ownershipList": [{"maxAge": 1, "reportDate": "2020-07-31", "organization": "DFA Emerging Markets Core Equity Portfolio", "pctHeld": 0.0034, "position": 715309, "value": 297497013}, {"maxAge": 1, "reportDate": "2020-07-31", "organization": "Vanguard International Stock Index-Total Intl Stock Indx", "pctHeld": 0.0033000002, "position": 683637, "value": 284324628}, {"maxAge": 1, "reportDate": "2020-07-31", "organization": "Vanguard International Stock Index-Emerging Markets Stk", "pctHeld": 0.003, "position": 628661, "value": 261460109}, {"maxAge": 1, "reportDate": "2020-07-31", "organization": "iShares Core MSCI Emerging Markets ETF", "pctHeld": 0.0023, "position": 488871, "value": 203321448}, {"maxAge": 1, "reportDate": "2020-07-31", "organization": "DFA Emerging Markets Small Cap Series", "pctHeld": 0.0018000001, "position": 383780, "value": 159614102}, {"maxAge": 1, "reportDate": "2020-07-31", "organization": "Vanguard Intl Equity Index Fds-FTSE All World ex U.S.Small Cap Index", "pctHeld": 0.0007, "position": 141835, "value": 58989176}, {"maxAge": 1, "reportDate": "2020-08-31", "organization": "iShares MSCI India Small Cap ETF", "pctHeld": 0.0005, "position": 111104, "value": 50024576}, {"maxAge": 1, "reportDate": "2020-08-31", "organization": "SPDR Portfolio Emerging Markets ETF", "pctHeld": 0.0002, "position": 43182, "value": 19442695}, {"maxAge": 1, "reportDate": "2020-07-31", "organization": "DFA Investment Dimensions-Emerging Markets Social Core Equity", "pctHeld": 0.0002, "position": 35624, "value": 14816021}, {"maxAge": 1, "reportDate": "2020-08-31", "organization": "WisdomTree Tr-WisdomTree India Earnings Fd", "pctHeld": 0.0002, "position": 32952, "value": 14836638}], "maxAge": 1}, "summaryDetail": {"maxAge": 1, "priceHint": 2, "previousClose": 691.55, "open": 691.0, "dayLow": 685.6, "dayHigh": 711.2, "regularMarketPreviousClose": 691.55, "regularMarketOpen": 691.0, "regularMarketDayLow": 685.6, "regularMarketDayHigh": 711.2, "trailingPE": 72.3732, "forwardPE": 41.95731, "volume": 5507, "regularMarketVolume": 5507, "averageVolume": 9921, "averageVolume10days": 5104, "averageDailyVolume10Day": 5104, "bid": 690.3, "ask": 707.0, "bidSize": 0, "askSize": 0, "marketCap": 146686590976, "fiftyTwoWeekLow": 249.0, "fiftyTwoWeekHigh": 711.2, "fiftyDayAverage": 547.23486, "twoHundredDayAverage": 471.03125, "trailingAnnualDividendRate": 4.15, "trailingAnnualDividendYield": 0.0060010124, "currency": "INR", "fromCurrency": null, "lastMarket": null, "algorithm": null, "tradeable": false}, "sectorTrend": {"maxAge": 1, "symbol": null, "estimates": []}, "incomeStatementHistoryQuarterly": {"incomeStatementHistory": [{"maxAge": 1, "endDate": "2020-06-30", "totalRevenue": 3731700000, "costOfRevenue": 1553900000, "grossProfit": 2177800000, "researchDevelopment": {}, "sellingGeneralAdministrative": 842500000, "nonRecurring": {}, "otherOperatingExpenses": 1183900000, "totalOperatingExpenses": 4023300000, "operatingIncome": -291600000, "totalOtherIncomeExpenseNet": -27900000, "ebit": -291600000, "interestExpense": -114200000, "incomeBeforeTax": -319500000, "incomeTaxExpense": -65200000, "minorityInterest": {}, "netIncomeFromContinuingOps": -254300000, "discontinuedOperations": {}, "extraordinaryItems": {}, "effectOfAccountingCharges": {}, "otherItems": {}, "netIncome": -267000000, "netIncomeApplicableToCommonShares": -267000000}, {"maxAge": 1, "endDate": "2020-03-31", "totalRevenue": 8309100000, "costOfRevenue": 4182500000, "grossProfit": 4126600000, "researchDevelopment": {}, "sellingGeneralAdministrative": 996600000, "nonRecurring": {}, "otherOperatingExpenses": 1881600000, "totalOperatingExpenses": 7499200000, "operatingIncome": 809900000, "totalOtherIncomeExpenseNet": -107700000, "ebit": 809900000, "interestExpense": -138700000, "incomeBeforeTax": 702200000, "incomeTaxExpense": 168300000, "minorityInterest": 83900000, "netIncomeFromContinuingOps": 533900000, "discontinuedOperations": {}, "extraordinaryItems": {}, "effectOfAccountingCharges": {}, "otherItems": {}, "netIncome": 545700000, "netIncomeApplicableToCommonShares": 545700000}, {"maxAge": 1, "endDate": "2019-12-31", "totalRevenue": 8225000000, "costOfRevenue": 3340400000, "grossProfit": 4884600000, "researchDevelopment": {}, "sellingGeneralAdministrative": 1017700000, "nonRecurring": {}, "otherOperatingExpenses": 2600100000, "totalOperatingExpenses": 7373600000, "operatingIncome": 851400000, "totalOtherIncomeExpenseNet": -3600000, "ebit": 851400000, "interestExpense": -128000000, "incomeBeforeTax": 847800000, "incomeTaxExpense": -201400000, "minorityInterest": 83900000, "netIncomeFromContinuingOps": 1049200000, "discontinuedOperations": {}, "extraordinaryItems": {}, "effectOfAccountingCharges": {}, "otherItems": {}, "netIncome": 1042200000, "netIncomeApplicableToCommonShares": 1042200000}, {"maxAge": 1, "endDate": "2019-09-30", "totalRevenue": 8891800000, "costOfRevenue": 3778400000, "grossProfit": 5113400000, "researchDevelopment": {}, "sellingGeneralAdministrative": 1050800000, "nonRecurring": {}, "otherOperatingExpenses": 2553100000, "totalOperatingExpenses": 7791400000, "operatingIncome": 1100400000, "totalOtherIncomeExpenseNet": -111200000, "ebit": 1100400000, "interestExpense": -170000000, "incomeBeforeTax": 989200000, "incomeTaxExpense": 275900000, "minorityInterest": 91500000, "netIncomeFromContinuingOps": 713300000, "discontinuedOperations": {}, "extraordinaryItems": {}, "effectOfAccountingCharges": {}, "otherItems": {}, "netIncome": 705800000, "netIncomeApplicableToCommonShares": 705800000}], "maxAge": 86400}, "cashflowStatementHistoryQuarterly": {"cashflowStatements": [{"maxAge": 1, "endDate": "2020-06-30", "netIncome": -267000000, "changeToLiabilities": 0}, {"maxAge": 1, "endDate": "2020-03-31", "netIncome": 545700000, "changeToLiabilities": 0}, {"maxAge": 1, "endDate": "2019-12-31", "netIncome": 1042200000, "changeToLiabilities": 0}, {"maxAge": 1, "endDate": "2019-09-30", "netIncome": 705800000, "changeToLiabilities": 0}], "maxAge": 86400}, "insiderHolders": {"holders": [{"maxAge": 1, "name": "Jaganathan (V. G.)", "relation": "UNREPORTED", "url": "", "transactionDescription": "Sale", "latestTransDate": "2018-03-28", "positionDirect": 87020, "positionDirectDate": "2018-03-28"}, {"maxAge": 1, "name": "Krishna (Suresh)", "relation": "Chairman of the Board", "url": "", "transactionDescription": "Gift", "latestTransDate": "2014-02-19", "positionDirect": 83080, "positionDirectDate": "2014-02-19"}, {"maxAge": 1, "name": "Krishna (Suresh) HUF", "relation": "UNREPORTED", "url": "", "transactionDescription": "Gift", "latestTransDate": "2014-02-19", "positionDirect": 6400, "positionDirectDate": "2014-02-19"}, {"maxAge": 1, "name": "Krishna (Usha)", "relation": "UNREPORTED", "url": "", "transactionDescription": "Gift", "latestTransDate": "2014-02-19", "positionDirect": 74613, "positionDirectDate": "2014-02-19"}], "maxAge": 1}, "earnings": {"maxAge": 86400, "earningsChart": {"quarterly": [{"date": "1Q2017", "actual": 4.28, "estimate": 3.85}, {"date": "3Q2017", "actual": 4.3, "estimate": 4.1}, {"date": "4Q2017", "actual": 4.36, "estimate": 4.0}, {"date": "1Q2018", "actual": 4.53, "estimate": 4.67}], "currentQuarterEstimateDate": "2Q", "currentQuarterEstimateYear": 2018, "earningsDate": []}, "financialsChart": {"yearly": [{"date": 2017, "revenue": 33029000000, "earnings": 3375100000}, {"date": 2018, "revenue": 38549100000, "earnings": 3865700000}, {"date": 2019, "revenue": 45579000000, "earnings": 4574900000}, {"date": 2020, "revenue": 37232300000, "earnings": 3248900000}], "quarterly": [{"date": "3Q2019", "revenue": 8891800000, "earnings": 705800000}, {"date": "4Q2019", "revenue": 8225000000, "earnings": 1042200000}, {"date": "1Q2020", "revenue": 8309100000, "earnings": 545700000}, {"date": "2Q2020", "revenue": 3731700000, "earnings": -267000000}]}, "financialCurrency": "INR"}, "calendarEvents": {"maxAge": 1, "earnings": {"earningsDate": []}}, "upgradeDowngradeHistory": {"history": [], "maxAge": 86400}, "price": {"maxAge": 1, "regularMarketChangePercent": 0.008965385, "regularMarketChange": 6.200012, "regularMarketTime": "2021-04-30 15:29:03", "priceHint": 2, "regularMarketPrice": 697.75, "regularMarketDayHigh": 711.2, "regularMarketDayLow": 685.6, "regularMarketVolume": 5507, "averageDailyVolume10Day": 5104, "averageDailyVolume3Month": 9921, "regularMarketPreviousClose": 691.55, "regularMarketSource": "FREE_REALTIME", "regularMarketOpen": 691.0, "exchange": "BSE", "exchangeName": "BSE", "exchangeDataDelayedBy": 0, "marketState": "CLOSED", "quoteType": "EQUITY", "symbol": "SUNDRMFAST.BO", "underlyingSymbol": null, "shortName": "SUNDRAM FASTENERS LTD.", "longName": "Sundram Fasteners Limited", "currency": "INR", "quoteSourceName": "Delayed Quote", "currencySymbol": "\u20b9", "fromCurrency": null, "lastMarket": null, "marketCap": 146686590976}, "balanceSheetHistory": {"balanceSheetStatements": [{"maxAge": 1, "endDate": "2020-03-31", "cash": 409000000, "shortTermInvestments": 11400000, "netReceivables": 6975700000, "inventory": 5696200000, "otherCurrentAssets": 320200000, "totalCurrentAssets": 13551600000, "longTermInvestments": 359300000, "propertyPlantEquipment": 19885400000, "goodWill": 33400000, "intangibleAssets": 41500000, "otherAssets": 1628900000, "deferredLongTermAssetCharges": 14300000, "totalAssets": 35500100000, "accountsPayable": 3850800000, "shortLongTermDebt": 410400000, "otherCurrentLiab": 451500000, "longTermDebt": 3250300000, "otherLiab": 1329300000, "minorityInterest": 83900000, "totalCurrentLiabilities": 10621200000, "totalLiab": 15457000000, "commonStock": 210100000, "retainedEarnings": 18951400000, "treasuryStock": 797700000, "otherStockholderEquity": 797700000, "totalStockholderEquity": 19959200000, "netTangibleAssets": 19884300000}, {"maxAge": 1, "endDate": "2019-03-31", "cash": 200700000, "shortTermInvestments": 10700000, "netReceivables": 9471000000, "inventory": 6478200000, "otherCurrentAssets": 681300000, "totalCurrentAssets": 16994700000, "longTermInvestments": 656300000, "propertyPlantEquipment": 16994000000, "goodWill": 33400000, "intangibleAssets": 50700000, "otherAssets": 2303400000, "deferredLongTermAssetCharges": 6200000, "totalAssets": 37032500000, "accountsPayable": 4870000000, "shortLongTermDebt": 164500000, "otherCurrentLiab": 882500000, "longTermDebt": 3396300000, "otherLiab": 1728100000, "minorityInterest": 77700000, "totalCurrentLiabilities": 13130700000, "totalLiab": 18255100000, "commonStock": 210100000, "retainedEarnings": 17540900000, "treasuryStock": 948700000, "otherStockholderEquity": 948700000, "totalStockholderEquity": 18699700000, "netTangibleAssets": 18615600000}, {"maxAge": 1, "endDate": "2018-03-31", "cash": 306500000, "shortTermInvestments": 14100000, "netReceivables": 7991200000, "inventory": 5231800000, "otherCurrentAssets": 880000000, "totalCurrentAssets": 14536800000, "longTermInvestments": 665900000, "propertyPlantEquipment": 12546800000, "goodWill": 33400000, "intangibleAssets": 5100000, "otherAssets": 2086200000, "deferredLongTermAssetCharges": 3700000, "totalAssets": 29874200000, "accountsPayable": 4505100000, "shortLongTermDebt": 992000000, "otherCurrentLiab": 918400000, "longTermDebt": 2180800000, "otherLiab": 1394100000, "minorityInterest": 75100000, "totalCurrentLiabilities": 10913200000, "totalLiab": 14488100000, "commonStock": 210100000, "retainedEarnings": 14325300000, "treasuryStock": 775600000, "otherStockholderEquity": 775600000, "totalStockholderEquity": 15311000000, "netTangibleAssets": 15272500000}, {"maxAge": 1, "endDate": "2017-03-31", "cash": 371400000, "shortTermInvestments": 600000, "netReceivables": 6574700000, "inventory": 4490300000, "otherCurrentAssets": 654100000, "totalCurrentAssets": 12206000000, "longTermInvestments": 297800000, "propertyPlantEquipment": 11286100000, "goodWill": 33400000, "intangibleAssets": 7400000, "otherAssets": 1446500000, "deferredLongTermAssetCharges": 2500000, "totalAssets": 25277200000, "accountsPayable": 3508700000, "shortLongTermDebt": 807900000, "otherCurrentLiab": 881400000, "longTermDebt": 1500300000, "otherLiab": 833900000, "minorityInterest": 67500000, "totalCurrentLiabilities": 10514200000, "totalLiab": 12848400000, "commonStock": 210100000, "retainedEarnings": 11627500000, "treasuryStock": 523700000, "otherStockholderEquity": 523700000, "totalStockholderEquity": 12361300000, "netTangibleAssets": 12320500000}], "maxAge": 86400}, "earningsTrend": {"trend": [{"maxAge": 1, "period": "0q", "endDate": "2018-06-30", "growth": {}, "earningsEstimate": {"avg": 0.0, "low": 0.0, "high": 0.0, "yearAgoEps": 4.28, "numberOfAnalysts": 0, "growth": {}}, "revenueEstimate": {"avg": 0, "low": 0, "high": 0, "numberOfAnalysts": 0, "yearAgoRevenue": {}, "growth": {}}, "epsTrend": {"current": 0.0, "7daysAgo": 0.0, "30daysAgo": 0.0, "60daysAgo": 0.0, "90daysAgo": 0.0}, "epsRevisions": {"upLast7days": 0, "upLast30days": 0, "downLast30days": 0, "downLast90days": {}}}, {"maxAge": 1, "period": "+1q", "endDate": "2018-09-30", "growth": {}, "earningsEstimate": {"avg": 0.0, "low": 0.0, "high": 0.0, "yearAgoEps": 4.3, "numberOfAnalysts": 0, "growth": {}}, "revenueEstimate": {"avg": 0, "low": 0, "high": 0, "numberOfAnalysts": 0, "yearAgoRevenue": {}, "growth": {}}, "epsTrend": {"current": 0.0, "7daysAgo": 0.0, "30daysAgo": 0.0, "60daysAgo": 0.0, "90daysAgo": 0.0}, "epsRevisions": {"upLast7days": 0, "upLast30days": 0, "downLast30days": 0, "downLast90days": {}}}, {"maxAge": 1, "period": "0y", "endDate": "2019-03-31", "growth": 0.18200001, "earningsEstimate": {"avg": 20.67, "low": 20.03, "high": 21.3, "yearAgoEps": 17.49, "numberOfAnalysts": 2, "growth": 0.18200001}, "revenueEstimate": {"avg": 38828100000, "low": 38629200000, "high": 39027000000, "numberOfAnalysts": 2, "yearAgoRevenue": 33961100000, "growth": 0.143}, "epsTrend": {"current": 20.67, "7daysAgo": 20.67, "30daysAgo": 20.67, "60daysAgo": 21.47, "90daysAgo": 21.47}, "epsRevisions": {"upLast7days": 0, "upLast30days": 0, "downLast30days": 0, "downLast90days": {}}}, {"maxAge": 1, "period": "+1y", "endDate": "2020-03-31", "growth": 0.171, "earningsEstimate": {"avg": 24.2, "low": 22.39, "high": 26.0, "yearAgoEps": 20.67, "numberOfAnalysts": 2, "growth": 0.171}, "revenueEstimate": {"avg": 44142700000, "low": 42878500000, "high": 45407000000, "numberOfAnalysts": 2, "yearAgoRevenue": 38828100000, "growth": 0.137}, "epsTrend": {"current": 24.2, "7daysAgo": 24.2, "30daysAgo": 24.2, "60daysAgo": 26.7, "90daysAgo": 26.7}, "epsRevisions": {"upLast7days": 0, "upLast30days": 0, "downLast30days": 0, "downLast90days": {}}}, {"maxAge": 1, "period": "+5y", "endDate": null, "growth": {}, "earningsEstimate": {"avg": {}, "low": {}, "high": {}, "yearAgoEps": {}, "numberOfAnalysts": {}, "growth": {}}, "revenueEstimate": {"avg": {}, "low": {}, "high": {}, "numberOfAnalysts": {}, "yearAgoRevenue": {}, "growth": {}}, "epsTrend": {"current": {}, "7daysAgo": {}, "30daysAgo": {}, "60daysAgo": {}, "90daysAgo": {}}, "epsRevisions": {"upLast7days": {}, "upLast30days": {}, "downLast30days": {}, "downLast90days": {}}}, {"maxAge": 1, "period": "-5y", "endDate": null, "growth": 0.43296, "earningsEstimate": {"avg": {}, "low": {}, "high": {}, "yearAgoEps": {}, "numberOfAnalysts": {}, "growth": {}}, "revenueEstimate": {"avg": {}, "low": {}, "high": {}, "numberOfAnalysts": {}, "yearAgoRevenue": {}, "growth": {}}, "epsTrend": {"current": {}, "7daysAgo": {}, "30daysAgo": {}, "60daysAgo": {}, "90daysAgo": {}}, "epsRevisions": {"upLast7days": {}, "upLast30days": {}, "downLast30days": {}, "downLast90days": {}}}], "maxAge": 1}, "financialData": {"maxAge": 86400, "currentPrice": 697.75, "targetHighPrice": 615.0, "targetLowPrice": 608.0, "targetMeanPrice": 611.5, "targetMedianPrice": 611.5, "recommendationMean": 1.7, "recommendationKey": "buy", "numberOfAnalystOpinions": 2, "grossProfits": 21183400000, "financialCurrency": "INR"}}}