{"SUNDARMFIN.NS": {"assetProfile": {"address1": "21, Patullos Road", "city": "Chennai", "zip": "600002", "country": "India", "phone": "91 44 2852 1181", "fax": "91 44 2858 6641", "website": "http://www.sundaramfinance.in", "industry": "Credit Services", "sector": "Financial Services", "longBusinessSummary": "Sundaram Finance Limited provides a range of financial services in India. The company accepts fixed, cumulative, and NRI deposits. It also offers finance for new and used cars, new and used commercial vehicles, and new and used construction equipment; diesel finance for commercial vehicle operators and companies; tire and insurance finance; finance for new/used tractors, harvesters, and farm implements; working capital, enterprise business, and machinery term loans, as well as channel finance; housing finance; and leasing services. In addition, the company distributes a range of financial products, such as mutual funds, general insurance, etc.; and provides information technology, and business processing and support services. Further, it offers a suite of investment management services, which include financial planning, asset allocation and execution, portfolio management, tax management, risk management, and estate management; and life insurance products comprising child, pension, whole-life, term, and investment plans. The company operates through a network of 610 branches. Sundaram Finance Limited was founded in 1954 and is based in Chennai, India.", "fullTimeEmployees": 4213, "companyOfficers": [{"maxAge": 1, "name": "Mr. Rajiv Chellappa Lochan", "age": 49, "title": "MD & Whole Time Director", "yearBorn": 1971, "fiscalYear": 2020, "totalPay": 1410000, "exercisedValue": 0, "unexercisedValue": 0}, {"maxAge": 1, "name": "Mr. Harsha  Viji", "age": 45, "title": "Exec. Vice Chairman", "yearBorn": 1975, "fiscalYear": 2020, "totalPay": 39672000, "exercisedValue": 0, "unexercisedValue": 0}, {"maxAge": 1, "name": "Mr. M.  Ramaswamy", "age": 59, "title": "Chief Financial Officer", "yearBorn": 1961, "fiscalYear": 2020, "totalPay": 16266000, "exercisedValue": 0, "unexercisedValue": 0}, {"maxAge": 1, "name": "Mr. Rajesh  Venkat", "age": 46, "title": "VP of Operations & Head of Western Region", "yearBorn": 1974, "exercisedValue": 0, "unexercisedValue": 0}, {"maxAge": 1, "name": "Mr. S.  Srinivasan", "age": 59, "title": "Sr. VP & Head of Corp. Fin.", "yearBorn": 1961, "exercisedValue": 0, "unexercisedValue": 0}, {"maxAge": 1, "name": "Mr. V.  Ananthanarayanan", "age": 58, "title": "Chief Information Officer", "yearBorn": 1962, "exercisedValue": 0, "unexercisedValue": 0}, {"maxAge": 1, "name": "Mr. P. N. Viswanathan", "age": 65, "title": "Company Sec. & Compliance Officer", "yearBorn": 1955, "fiscalYear": 2020, "totalPay": 9474000, "exercisedValue": 0, "unexercisedValue": 0}, {"maxAge": 1, "name": "Mr. Ayalur Natarajan Raju", "age": 61, "title": "Deputy MD & Director", "yearBorn": 1959, "fiscalYear": 2020, "totalPay": 29043000, "exercisedValue": 0, "unexercisedValue": 0}, {"maxAge": 1, "name": "Mr. K.  SankaraKumar", "age": 59, "title": "Sr. VP & Head of Distribution", "yearBorn": 1961, "exercisedValue": 0, "unexercisedValue": 0}, {"maxAge": 1, "name": "Mr. D.  Ravindran", "age": 60, "title": "Sr. VP of Sundaram Infotech Solutions", "yearBorn": 1960, "exercisedValue": 0, "unexercisedValue": 0}], "compensationAsOfEpochDate": "2020-12-31 05:30:00", "maxAge": 86400}, "recommendationTrend": {"trend": [{"period": "0m", "strongBuy": 0, "buy": 0, "hold": 0, "sell": 0, "strongSell": 0}, {"period": "-1m", "strongBuy": 0, "buy": 0, "hold": 0, "sell": 0, "strongSell": 0}, {"period": "-2m", "strongBuy": 0, "buy": 0, "hold": 0, "sell": 0, "strongSell": 0}, {"period": "-3m", "strongBuy": 0, "buy": 0, "hold": 0, "sell": 0, "strongSell": 0}], "maxAge": 86400}, "cashflowStatementHistory": {"cashflowStatements": [{"maxAge": 1, "endDate": "2020-03-31", "netIncome": 7915439000, "depreciation": 793454000, "changeToNetincome": 8992003000, "changeToLiabilities": -259814000, "changeToOperatingActivities": -17455157000, "totalCashFromOperatingActivities": 87795000, "capitalExpenditures": -469813000, "investments": -19982590000, "otherCashflowsFromInvestingActivities": 586435000, "totalCashflowsFromInvestingActivities": -19825329000, "dividendsPaid": -2429468000, "netBorrowings": 21613252000, "otherCashflowsFromFinancingActivities": -5112000, "totalCashFromFinancingActivities": 18623172000, "changeInCash": -1114362000}, {"maxAge": 1, "endDate": "2019-03-31", "netIncome": 11608538000, "depreciation": 529323000, "changeToNetincome": -1032549000, "changeToLiabilities": 49662000, "changeToOperatingActivities": -53202144000, "totalCashFromOperatingActivities": -41995758000, "capitalExpenditures": -291283000, "investments": 10068231000, "otherCashflowsFromInvestingActivities": 348530000, "totalCashflowsFromInvestingActivities": 10003335000, "dividendsPaid": -2656528000, "netBorrowings": 34758694000, "otherCashflowsFromFinancingActivities": 12977000, "totalCashFromFinancingActivities": 32115143000, "changeInCash": 122720000}, {"maxAge": 1, "endDate": "2018-03-31", "netIncome": 7299120000, "depreciation": 656138000, "changeToNetincome": 1168000, "changeToLiabilities": 2698357000, "changeToOperatingActivities": -66254206000, "totalCashFromOperatingActivities": -55467385000, "capitalExpenditures": -341059000, "investments": -14378932000, "otherCashflowsFromInvestingActivities": 2925894000, "totalCashflowsFromInvestingActivities": -11818627000, "dividendsPaid": -863806000, "netBorrowings": 65580775000, "otherCashflowsFromFinancingActivities": -108652000, "totalCashFromFinancingActivities": 67558317000, "effectOfExchangeRate": -271000, "changeInCash": 272305000, "issuanceOfStock": 2950000000}, {"maxAge": 1, "endDate": "2017-03-31", "netIncome": 6834795000, "depreciation": 1039674000, "changeToNetincome": -3779366000, "changeToLiabilities": 605646000, "changeToOperatingActivities": -14347514000, "totalCashFromOperatingActivities": -9646765000, "capitalExpenditures": -497350000, "investments": -8031339000, "otherCashflowsFromInvestingActivities": 2993684000, "totalCashflowsFromInvestingActivities": -5535005000, "dividendsPaid": -1010962000, "netBorrowings": 14954204000, "otherCashflowsFromFinancingActivities": -108652000, "totalCashFromFinancingActivities": 13943242000, "effectOfExchangeRate": -2053000, "changeInCash": -1240581000, "issuanceOfStock": 2950000000}], "maxAge": 86400}, "indexTrend": {"maxAge": 1, "symbol": "SP5", "peRatio": 19.7411, "pegRatio": 1.34172, "estimates": [{"period": "0q", "growth": 0.549}, {"period": "+1q", "growth": 0.431}, {"period": "0y", "growth": 0.305}, {"period": "+1y", "growth": 0.109}, {"period": "+5y", "growth": 0.120865}, {"period": "-5y"}]}, "defaultKeyStatistics": {"maxAge": 1, "priceHint": 2, "enterpriseValue": 597288353792, "profitMargins": 0.41869, "floatShares": 67062311, "sharesOutstanding": 111104000, "heldPercentInsiders": 0.46311, "heldPercentInstitutions": 0.16815001, "beta": 0.605756, "category": null, "bookValue": 653.657, "priceToBook": 3.7957218, "fundFamily": null, "legalType": null, "lastFiscalYearEnd": "2020-03-31 05:30:00", "nextFiscalYearEnd": "2022-03-31 05:30:00", "mostRecentQuarter": "2020-12-31 05:30:00", "earningsQuarterlyGrowth": 0.434, "netIncomeToCommon": 10902274048, "trailingEps": 98.116, "forwardEps": 65.16, "lastSplitFactor": "2:1", "lastSplitDate": "2012-12-13 05:30:00", "enterpriseToRevenue": 22.938}, "industryTrend": {"maxAge": 1, "symbol": null, "estimates": []}, "quoteType": {"exchange": "NSI", "quoteType": "EQUITY", "symbol": "SUNDARMFIN.NS", "underlyingSymbol": "SUNDARMFIN.NS", "shortName": "SUNDARAM FINANCE L", "longName": "Sundaram Finance Limited", "firstTradeDateEpochUtc": "2002-07-01 09:15:00", "timeZoneFullName": "Asia/Kolkata", "timeZoneShortName": "IST", "uuid": "29ccbcd8-d299-38b4-abd6-ce7bdc0889f5", "gmtOffSetMilliseconds": 19800000, "maxAge": 1}, "incomeStatementHistory": {"incomeStatementHistory": [{"maxAge": 1, "endDate": "2020-03-31", "totalRevenue": 23182585000, "costOfRevenue": 3485964000, "grossProfit": 19696621000, "researchDevelopment": {}, "sellingGeneralAdministrative": 5272619000, "nonRecurring": {}, "otherOperatingExpenses": 3289174000, "totalOperatingExpenses": 12943082000, "operatingIncome": 10239503000, "totalOtherIncomeExpenseNet": 157196000, "ebit": 0, "interestExpense": {}, "incomeBeforeTax": 10396699000, "incomeTaxExpense": 2104925000, "minorityInterest": 14554713000, "netIncomeFromContinuingOps": 8291774000, "discontinuedOperations": 162279000, "extraordinaryItems": {}, "effectOfAccountingCharges": {}, "otherItems": {}, "netIncome": 7915439000, "netIncomeApplicableToCommonShares": 7915439000}, {"maxAge": 1, "endDate": "2019-03-31", "totalRevenue": 19298604000, "costOfRevenue": 3938215000, "grossProfit": 15360389000, "researchDevelopment": {}, "sellingGeneralAdministrative": 4350790000, "nonRecurring": {}, "otherOperatingExpenses": 229243000, "totalOperatingExpenses": 9098982000, "operatingIncome": 10199622000, "totalOtherIncomeExpenseNet": 6265052000, "ebit": 0, "interestExpense": {}, "incomeBeforeTax": 16464674000, "incomeTaxExpense": 3879657000, "minorityInterest": 17389143000, "netIncomeFromContinuingOps": 12585017000, "discontinuedOperations": 162279000, "extraordinaryItems": {}, "effectOfAccountingCharges": {}, "otherItems": {}, "netIncome": 11608538000, "netIncomeApplicableToCommonShares": 11608538000}, {"maxAge": 1, "endDate": "2018-03-31", "totalRevenue": 49863012000, "costOfRevenue": 32444160000, "grossProfit": 17418852000, "researchDevelopment": {}, "sellingGeneralAdministrative": 5637965000, "nonRecurring": {}, "otherOperatingExpenses": 944970000, "totalOperatingExpenses": 39815271000, "operatingIncome": 10047741000, "totalOtherIncomeExpenseNet": 1864880000, "ebit": 0, "interestExpense": {}, "incomeBeforeTax": 11912621000, "incomeTaxExpense": 3479422000, "minorityInterest": 23070710000, "netIncomeFromContinuingOps": 8433199000, "discontinuedOperations": 162279000, "extraordinaryItems": {}, "effectOfAccountingCharges": {}, "otherItems": {}, "netIncome": 7299120000, "netIncomeApplicableToCommonShares": 7299120000}, {"maxAge": 1, "endDate": "2017-03-31", "totalRevenue": 37942249000, "costOfRevenue": 19377094000, "grossProfit": 18565155000, "researchDevelopment": {}, "sellingGeneralAdministrative": 7324446000, "nonRecurring": {}, "otherOperatingExpenses": 41886000, "totalOperatingExpenses": 27783100000, "operatingIncome": 10159149000, "totalOtherIncomeExpenseNet": 974638000, "ebit": 0, "interestExpense": {}, "incomeBeforeTax": 11133787000, "incomeTaxExpense": 3451200000, "minorityInterest": 6808755000, "netIncomeFromContinuingOps": 7682587000, "discontinuedOperations": 162279000, "extraordinaryItems": {}, "effectOfAccountingCharges": {}, "otherItems": {}, "netIncome": 6834795000, "netIncomeApplicableToCommonShares": 6834795000}], "maxAge": 86400}, "fundOwnership": {"ownershipList": [{"maxAge": 1, "reportDate": "2021-01-31", "organization": "Vanguard International Stock Index-Emerging Markets Stk", "pctHeld": 0.0233, "position": 647023, "value": 1100133206}, {"maxAge": 1, "reportDate": "2021-01-31", "organization": "Vanguard International Stock Index-Total Intl Stock Indx", "pctHeld": 0.0201, "position": 557126, "value": 947281337}, {"maxAge": 1, "reportDate": "2021-03-31", "organization": "iShares Core MSCI Emerging Markets ETF", "pctHeld": 0.0191, "position": 531864, "value": 1367129818}, {"maxAge": 1, "reportDate": "2021-01-31", "organization": "Vanguard Intl Equity Index Fds-FTSE All World ex U.S.Small Cap Index", "pctHeld": 0.0046, "position": 128141, "value": 217878142}, {"maxAge": 1, "reportDate": "2021-02-28", "organization": "WisdomTree Emerging Markets ex-State-Owned Enterprises Fund", "pctHeld": 0.0043, "position": 120251, "value": 318310409}, {"maxAge": 1, "reportDate": "2021-03-31", "organization": "iShares MSCI India Small Cap ETF", "pctHeld": 0.0041, "position": 114095, "value": 293275492}, {"maxAge": 1, "reportDate": "2021-01-31", "organization": "DFA Emerging Markets Core Equity Portfolio", "pctHeld": 0.0041, "position": 113303, "value": 192649090}, {"maxAge": 1, "reportDate": "2021-02-28", "organization": "WisdomTree Tr-WisdomTree Emerging Markets Small Cap Dividend Fund", "pctHeld": 0.0034, "position": 95510, "value": 252819745}, {"maxAge": 1, "reportDate": "2021-01-31", "organization": "DFA Emerging Markets Small Cap Series", "pctHeld": 0.0029, "position": 80871, "value": 137504961}, {"maxAge": 1, "reportDate": "2021-02-28", "organization": "WisdomTree Tr-WisdomTree India Earnings Fd", "pctHeld": 0.0022, "position": 61390, "value": 162502399}], "maxAge": 1}, "summaryDetail": {"maxAge": 1, "priceHint": 2, "previousClose": 2511.15, "open": 2488.3, "dayLow": 2470.0, "dayHigh": 2528.55, "regularMarketPreviousClose": 2511.15, "regularMarketOpen": 2488.3, "regularMarketDayLow": 2470.0, "regularMarketDayHigh": 2528.55, "dividendRate": 15.0, "dividendYield": 0.006, "exDividendDate": "2021-02-02 05:30:00", "payoutRatio": 0.1314, "fiveYearAvgDividendYield": 0.77, "beta": 0.605756, "trailingPE": 25.287416, "forwardPE": 38.07704, "volume": 193303, "regularMarketVolume": 193303, "averageVolume": 76322, "averageVolume10days": 51991, "averageDailyVolume10Day": 51991, "bid": 0.0, "ask": 0.0, "bidSize": 0, "askSize": 0, "marketCap": 275660144640, "fiftyTwoWeekLow": 1173.1, "fiftyTwoWeekHigh": 2868.0, "priceToSalesTrailing12Months": 10.586465, "fiftyDayAverage": 2522.1848, "twoHundredDayAverage": 1860.3118, "trailingAnnualDividendRate": 15.0, "trailingAnnualDividendYield": 0.005973359, "currency": "INR", "fromCurrency": null, "lastMarket": null, "algorithm": null, "tradeable": false}, "insiderHolders": {"holders": [], "maxAge": 1}, "calendarEvents": {"maxAge": 1, "earnings": {"earningsDate": []}, "exDividendDate": "2021-02-02 05:30:00"}, "upgradeDowngradeHistory": {"history": [], "maxAge": 86400}, "price": {"maxAge": 1, "regularMarketChangePercent": -0.011966552, "regularMarketChange": -30.049805, "regularMarketTime": "2021-04-30 15:29:49", "priceHint": 2, "regularMarketPrice": 2481.1, "regularMarketDayHigh": 2528.55, "regularMarketDayLow": 2470.0, "regularMarketVolume": 193303, "averageDailyVolume10Day": 51991, "averageDailyVolume3Month": 76322, "regularMarketPreviousClose": 2511.15, "regularMarketSource": "FREE_REALTIME", "regularMarketOpen": 2488.3, "exchange": "NSI", "exchangeName": "NSE", "exchangeDataDelayedBy": 15, "marketState": "CLOSED", "quoteType": "EQUITY", "symbol": "SUNDARMFIN.NS", "underlyingSymbol": null, "shortName": "SUNDARAM FINANCE L", "longName": "Sundaram Finance Limited", "currency": "INR", "quoteSourceName": "Delayed Quote", "currencySymbol": "\u20b9", "fromCurrency": null, "lastMarket": null, "marketCap": 275660144640}, "balanceSheetHistory": {"balanceSheetStatements": [{"maxAge": 1, "endDate": "2020-03-31", "cash": 7853650000, "netReceivables": 375418227000, "otherCurrentAssets": 2122127000, "totalCurrentAssets": 386213186000, "longTermInvestments": 50958432000, "propertyPlantEquipment": 3566361000, "goodWill": 4740239000, "intangibleAssets": 158756000, "otherAssets": 1572129000, "deferredLongTermAssetCharges": 983968000, "totalAssets": 447209103000, "accountsPayable": 55672390000, "otherCurrentLiab": 34975000, "longTermDebt": 256186965000, "otherLiab": 3220923000, "minorityInterest": 14554713000, "totalCurrentLiabilities": 105718533000, "totalLiab": 365886139000, "commonStock": 1111039000, "retainedEarnings": 62660100000, "treasuryStock": 2997112000, "otherStockholderEquity": 2997112000, "totalStockholderEquity": 66768251000, "netTangibleAssets": 61869256000}, {"maxAge": 1, "endDate": "2019-03-31", "cash": 8590870000, "netReceivables": 274765639000, "otherCurrentAssets": 2672722000, "totalCurrentAssets": 286782013000, "longTermInvestments": 45393163000, "propertyPlantEquipment": 2441919000, "goodWill": 1376182000, "intangibleAssets": 125820000, "otherAssets": 589230000, "totalAssets": 336708327000, "accountsPayable": 32039460000, "otherCurrentLiab": 27716000, "longTermDebt": 191046332000, "otherLiab": 4077740000, "minorityInterest": 17389143000, "totalCurrentLiabilities": 61598262000, "totalLiab": 256726242000, "commonStock": 1111039000, "retainedEarnings": 57792508000, "treasuryStock": 3689395000, "otherStockholderEquity": 3689395000, "totalStockholderEquity": 62592942000, "netTangibleAssets": 61090940000}, {"maxAge": 1, "endDate": "2018-03-31", "cash": 10743042000, "netReceivables": 230069246000, "otherCurrentAssets": 3865300000, "totalCurrentAssets": 244677588000, "longTermInvestments": 86930922000, "propertyPlantEquipment": 2688827000, "goodWill": 4914405000, "intangibleAssets": 157256000, "otherAssets": 491112000, "deferredLongTermAssetCharges": 1249830000, "totalAssets": 339860110000, "accountsPayable": 27156152000, "shortLongTermDebt": 43248213000, "otherCurrentLiab": 22533000, "longTermDebt": 145833303000, "otherLiab": 46584750000, "minorityInterest": 23070710000, "totalCurrentLiabilities": 67874985000, "totalLiab": 260296946000, "commonStock": 1101244000, "retainedEarnings": 50274400000, "treasuryStock": 5116810000, "capitalSurplus": 195277000, "otherStockholderEquity": 5116810000, "totalStockholderEquity": 56492454000, "netTangibleAssets": 51420793000}, {"maxAge": 1, "endDate": "2017-03-31", "cash": 10136152000, "netReceivables": 134710558000, "otherCurrentAssets": 11258287000, "totalCurrentAssets": 156104997000, "longTermInvestments": 47656770000, "propertyPlantEquipment": 3328373000, "goodWill": 4576307000, "intangibleAssets": 249976000, "otherAssets": 95577523000, "deferredLongTermAssetCharges": 1258954000, "totalAssets": 307493946000, "accountsPayable": 17313494000, "shortLongTermDebt": 33102093000, "otherCurrentLiab": 19022297000, "longTermDebt": 105919270000, "otherLiab": 14621194000, "minorityInterest": 6808755000, "totalCurrentLiabilities": 132052627000, "totalLiab": 252593091000, "commonStock": 1111039000, "retainedEarnings": 42524330000, "treasuryStock": 4261454000, "capitalSurplus": 195277000, "otherStockholderEquity": 4261454000, "totalStockholderEquity": 48092100000, "netTangibleAssets": 43265817000}], "maxAge": 86400}, "earningsTrend": {"trend": [{"maxAge": 1, "period": "0q", "endDate": "2018-12-31", "growth": {}, "earningsEstimate": {"avg": 0.0, "low": 0.0, "high": 0.0, "yearAgoEps": 13.84, "numberOfAnalysts": 0, "growth": {}}, "revenueEstimate": {"avg": 0, "low": 0, "high": 0, "numberOfAnalysts": 0, "yearAgoRevenue": {}, "growth": {}}, "epsTrend": {"current": 0.0, "7daysAgo": 0.0, "30daysAgo": 0.0, "60daysAgo": 0.0, "90daysAgo": 0.0}, "epsRevisions": {"upLast7days": 0, "upLast30days": 0, "downLast30days": 0, "downLast90days": {}}}, {"maxAge": 1, "period": "+1q", "endDate": "2019-03-31", "growth": {}, "earningsEstimate": {"avg": 0.0, "low": 0.0, "high": 0.0, "yearAgoEps": 11.66, "numberOfAnalysts": 0, "growth": {}}, "revenueEstimate": {"avg": 0, "low": 0, "high": 0, "numberOfAnalysts": 0, "yearAgoRevenue": {}, "growth": {}}, "epsTrend": {"current": 0.0, "7daysAgo": 0.0, "30daysAgo": 0.0, "60daysAgo": 0.0, "90daysAgo": 0.0}, "epsRevisions": {"upLast7days": 0, "upLast30days": 0, "downLast30days": 0, "downLast90days": {}}}, {"maxAge": 1, "period": "0y", "endDate": "2019-03-31", "growth": {}, "earningsEstimate": {"avg": 0.0, "low": 0.0, "high": 0.0, "yearAgoEps": {}, "numberOfAnalysts": 0, "growth": {}}, "revenueEstimate": {"avg": 15658000000, "low": 15125800000, "high": 15924000000, "numberOfAnalysts": 4, "yearAgoRevenue": 13556900000, "growth": 0.155}, "epsTrend": {"current": 0.0, "7daysAgo": 54.73, "30daysAgo": 54.73, "60daysAgo": 54.73, "90daysAgo": 54.73}, "epsRevisions": {"upLast7days": 0, "upLast30days": 0, "downLast30days": 0, "downLast90days": {}}}, {"maxAge": 1, "period": "+1y", "endDate": "2020-03-31", "growth": {}, "earningsEstimate": {"avg": 0.0, "low": 0.0, "high": 0.0, "yearAgoEps": {}, "numberOfAnalysts": 0, "growth": {}}, "revenueEstimate": {"avg": 18424700000, "low": 17693600000, "high": 19279000000, "numberOfAnalysts": 4, "yearAgoRevenue": 15658000000, "growth": 0.177}, "epsTrend": {"current": 0.0, "7daysAgo": 65.16, "30daysAgo": 65.16, "60daysAgo": 65.16, "90daysAgo": 65.16}, "epsRevisions": {"upLast7days": 0, "upLast30days": 0, "downLast30days": 0, "downLast90days": {}}}, {"maxAge": 1, "period": "+5y", "endDate": null, "growth": {}, "earningsEstimate": {"avg": {}, "low": {}, "high": {}, "yearAgoEps": {}, "numberOfAnalysts": {}, "growth": {}}, "revenueEstimate": {"avg": {}, "low": {}, "high": {}, "numberOfAnalysts": {}, "yearAgoRevenue": {}, "growth": {}}, "epsTrend": {"current": {}, "7daysAgo": {}, "30daysAgo": {}, "60daysAgo": {}, "90daysAgo": {}}, "epsRevisions": {"upLast7days": {}, "upLast30days": {}, "downLast30days": {}, "downLast90days": {}}}, {"maxAge": 1, "period": "-5y", "endDate": null, "growth": {}, "earningsEstimate": {"avg": {}, "low": {}, "high": {}, "yearAgoEps": {}, "numberOfAnalysts": {}, "growth": {}}, "revenueEstimate": {"avg": {}, "low": {}, "high": {}, "numberOfAnalysts": {}, "yearAgoRevenue": {}, "growth": {}}, "epsTrend": {"current": {}, "7daysAgo": {}, "30daysAgo": {}, "60daysAgo": {}, "90daysAgo": {}}, "epsRevisions": {"upLast7days": {}, "upLast30days": {}, "downLast30days": {}, "downLast90days": {}}}], "maxAge": 1}, "institutionOwnership": {"ownershipList": [], "maxAge": 1}, "majorHoldersBreakdown": {"maxAge": 1, "insidersPercentHeld": 0.46311, "institutionsPercentHeld": 0.16815001, "institutionsFloatPercentHeld": 0.3132, "institutionsCount": 51}, "balanceSheetHistoryQuarterly": {"balanceSheetStatements": [{"maxAge": 1, "endDate": "2020-12-31"}, {"maxAge": 1, "endDate": "2020-09-30", "cash": 7790762000, "netReceivables": 381628348000, "totalCurrentAssets": 389419110000, "longTermInvestments": 66631251000, "propertyPlantEquipment": 3365347000, "goodWill": 4740239000, "intangibleAssets": 135130000, "otherAssets": 3398918000, "deferredLongTermAssetCharges": 1178876000, "totalAssets": 467689995000, "accountsPayable": 58124529000, "longTermDebt": 317733572000, "otherLiab": 5858893000, "minorityInterest": 13837567000, "totalCurrentLiabilities": 58237368000, "totalLiab": 381829833000, "commonStock": 1101809000, "treasuryStock": 70920786000, "otherStockholderEquity": 70920786000, "totalStockholderEquity": 72022595000, "netTangibleAssets": 67147226000}, {"maxAge": 1, "endDate": "2020-06-30", "totalStockholderEquity": 66768251000, "netTangibleAssets": 61869256000}, {"maxAge": 1, "endDate": "2020-03-31", "cash": 7853650000, "netReceivables": 375418227000, "otherCurrentAssets": 2122127000, "totalCurrentAssets": 386213186000, "longTermInvestments": 50958432000, "propertyPlantEquipment": 3566361000, "goodWill": 4740239000, "intangibleAssets": 158756000, "otherAssets": 1572129000, "deferredLongTermAssetCharges": 983968000, "totalAssets": 447209103000, "accountsPayable": 55672390000, "otherCurrentLiab": 34975000, "longTermDebt": 256186965000, "otherLiab": 3220923000, "minorityInterest": 14554713000, "totalCurrentLiabilities": 105718533000, "totalLiab": 365886139000, "commonStock": 1111039000, "retainedEarnings": 62660100000, "treasuryStock": 2997112000, "otherStockholderEquity": 2997112000, "totalStockholderEquity": 66768251000, "netTangibleAssets": 61869256000}], "maxAge": 86400}, "earningsHistory": {"history": [{"maxAge": 1, "epsActual": 13.84, "epsEstimate": 14.4, "epsDifference": -0.56, "surprisePercent": -0.039, "quarter": "2017-12-31", "period": "-4q"}, {"maxAge": 1, "epsActual": 11.66, "epsEstimate": 12.8, "epsDifference": -1.14, "surprisePercent": -0.088999994, "quarter": "2018-03-31", "period": "-3q"}, {"maxAge": 1, "epsActual": 12.67, "epsEstimate": 11.5, "epsDifference": 1.17, "surprisePercent": 0.102, "quarter": "2018-06-30", "period": "-2q"}, {"maxAge": 1, "epsActual": 13.89, "epsEstimate": 15.75, "epsDifference": -1.86, "surprisePercent": -0.118, "quarter": "2018-09-30", "period": "-1q"}], "maxAge": 86400}, "summaryProfile": {"address1": "21, Patullos Road", "city": "Chennai", "zip": "600002", "country": "India", "phone": "91 44 2852 1181", "fax": "91 44 2858 6641", "website": "http://www.sundaramfinance.in", "industry": "Credit Services", "sector": "Financial Services", "longBusinessSummary": "Sundaram Finance Limited provides a range of financial services in India. The company accepts fixed, cumulative, and NRI deposits. It also offers finance for new and used cars, new and used commercial vehicles, and new and used construction equipment; diesel finance for commercial vehicle operators and companies; tire and insurance finance; finance for new/used tractors, harvesters, and farm implements; working capital, enterprise business, and machinery term loans, as well as channel finance; housing finance; and leasing services. In addition, the company distributes a range of financial products, such as mutual funds, general insurance, etc.; and provides information technology, and business processing and support services. Further, it offers a suite of investment management services, which include financial planning, asset allocation and execution, portfolio management, tax management, risk management, and estate management; and life insurance products comprising child, pension, whole-life, term, and investment plans. The company operates through a network of 610 branches. Sundaram Finance Limited was founded in 1954 and is based in Chennai, India.", "fullTimeEmployees": 4213, "companyOfficers": [], "maxAge": 86400}, "netSharePurchaseActivity": {"maxAge": 1, "period": "6m", "buyInfoCount": 0, "buyInfoShares": 0, "sellInfoCount": 0, "netInfoCount": 0, "netInfoShares": 0, "netPercentInsiderShares": 0.0, "totalInsiderShares": 51030604}, "sectorTrend": {"maxAge": 1, "symbol": null, "estimates": []}, "incomeStatementHistoryQuarterly": {"incomeStatementHistory": [{"maxAge": 1, "endDate": "2020-12-31", "totalRevenue": 7317848000, "costOfRevenue": 798222000, "grossProfit": 6519626000, "researchDevelopment": {}, "sellingGeneralAdministrative": 1376298000, "nonRecurring": {}, "otherOperatingExpenses": 769634000, "totalOperatingExpenses": 3178037000, "operatingIncome": 4139811000, "totalOtherIncomeExpenseNet": 494136000, "ebit": 0, "interestExpense": {}, "incomeBeforeTax": 4633947000, "incomeTaxExpense": 994664000, "minorityInterest": {}, "netIncomeFromContinuingOps": 3639283000, "discontinuedOperations": {}, "extraordinaryItems": {}, "effectOfAccountingCharges": {}, "otherItems": {}, "netIncome": 3422536000, "netIncomeApplicableToCommonShares": 3422536000}, {"maxAge": 1, "endDate": "2020-09-30", "totalRevenue": 6169976000, "costOfRevenue": 709595000, "grossProfit": 5460381000, "researchDevelopment": {}, "sellingGeneralAdministrative": 1388261000, "nonRecurring": {}, "otherOperatingExpenses": 682992000, "totalOperatingExpenses": 3017378000, "operatingIncome": 3152598000, "totalOtherIncomeExpenseNet": 684738000, "ebit": 0, "interestExpense": {}, "incomeBeforeTax": 3837336000, "incomeTaxExpense": 855464000, "minorityInterest": 13837567000, "netIncomeFromContinuingOps": 2981872000, "discontinuedOperations": {}, "extraordinaryItems": {}, "effectOfAccountingCharges": {}, "otherItems": {}, "netIncome": 2830631000, "netIncomeApplicableToCommonShares": 2830631000}, {"maxAge": 1, "endDate": "2020-06-30", "totalRevenue": 5765102000, "costOfRevenue": 735553000, "grossProfit": 5029549000, "researchDevelopment": {}, "sellingGeneralAdministrative": 1393190000, "nonRecurring": {}, "otherOperatingExpenses": 851795000, "totalOperatingExpenses": 3200710000, "operatingIncome": 2564392000, "totalOtherIncomeExpenseNet": 708078000, "ebit": 0, "interestExpense": {}, "incomeBeforeTax": 3272470000, "incomeTaxExpense": 657327000, "minorityInterest": 13837567000, "netIncomeFromContinuingOps": 2615143000, "discontinuedOperations": {}, "extraordinaryItems": {}, "effectOfAccountingCharges": {}, "otherItems": {}, "netIncome": 2692645000, "netIncomeApplicableToCommonShares": 2692645000}, {"maxAge": 1, "endDate": "2020-03-31", "totalRevenue": 6823351000, "costOfRevenue": 752813000, "grossProfit": 6070538000, "researchDevelopment": {}, "sellingGeneralAdministrative": 1578195000, "nonRecurring": {}, "otherOperatingExpenses": 1367925000, "totalOperatingExpenses": 3948355000, "operatingIncome": 2874996000, "totalOtherIncomeExpenseNet": -642672000, "ebit": 0, "interestExpense": {}, "incomeBeforeTax": 2232324000, "incomeTaxExpense": 75996000, "minorityInterest": 14554713000, "netIncomeFromContinuingOps": 2156328000, "discontinuedOperations": -1000, "extraordinaryItems": {}, "effectOfAccountingCharges": {}, "otherItems": {}, "netIncome": 1956463000, "netIncomeApplicableToCommonShares": 1956463000}], "maxAge": 86400}, "cashflowStatementHistoryQuarterly": {"cashflowStatements": [{"maxAge": 1, "endDate": "2020-12-31", "netIncome": 3422536000, "changeToLiabilities": 0}, {"maxAge": 1, "endDate": "2020-09-30", "netIncome": 2830631000, "changeToLiabilities": 0}, {"maxAge": 1, "endDate": "2020-06-30", "netIncome": 2692645000, "changeToLiabilities": 0}, {"maxAge": 1, "endDate": "2020-03-31", "netIncome": 1956463000, "changeToLiabilities": 0}], "maxAge": 86400}, "earnings": {"maxAge": 86400, "earningsChart": {"quarterly": [{"date": "4Q2017", "actual": 13.84, "estimate": 14.4}, {"date": "1Q2018", "actual": 11.66, "estimate": 12.8}, {"date": "2Q2018", "actual": 12.67, "estimate": 11.5}, {"date": "3Q2018", "actual": 13.89, "estimate": 15.75}], "currentQuarterEstimateDate": "4Q", "currentQuarterEstimateYear": 2018, "earningsDate": []}, "financialsChart": {"yearly": [{"date": 2017, "revenue": 37942249000, "earnings": 6834795000}, {"date": 2018, "revenue": 49863012000, "earnings": 7299120000}, {"date": 2019, "revenue": 19298604000, "earnings": 11608538000}, {"date": 2020, "revenue": 23182585000, "earnings": 7915439000}], "quarterly": [{"date": "1Q2020", "revenue": 6823351000, "earnings": 1956463000}, {"date": "2Q2020", "revenue": 5765102000, "earnings": 2692645000}, {"date": "3Q2020", "revenue": 6169976000, "earnings": 2830631000}, {"date": "4Q2020", "revenue": 7317848000, "earnings": 3422536000}]}, "financialCurrency": "INR"}, "financialData": {"maxAge": 86400, "currentPrice": 2481.1, "targetHighPrice": 1957.0, "targetLowPrice": 1601.0, "targetMeanPrice": 1785.17, "targetMedianPrice": 1785.5, "recommendationKey": "none", "numberOfAnalystOpinions": 6, "totalCash": 7790761984, "totalCashPerShare": 70.702, "totalDebt": 317846421504, "totalRevenue": 26038923264, "debtToEquity": 370.191, "revenuePerShare": 234.341, "grossProfits": 19696621000, "earningsGrowth": 0.433, "revenueGrowth": 0.183, "grossMargins": 0.88492996, "ebitdaMargins": 0.0, "operatingMargins": 0.48790002, "profitMargins": 0.41869, "financialCurrency": "INR"}}}