{"SUNDARMHLD.NS": {"assetProfile": {"address1": "No. 21, Patullos Road", "city": "Chennai", "zip": "600002", "country": "India", "phone": "91 44 2852 1181", "fax": "91 44 2858 6641", "website": "http://www.sundaramholdings.in", "industry": "Specialty Business Services", "sector": "Industrials", "longBusinessSummary": "Sundaram Finance Holdings Limited engages in the business of investments, business processing, and support services in India, Australia, the United States, and the United Kingdom. The company primarily has investments in automotive business. It also offers outsourcing services to large and mid-sized firms. In addition, the company engages in shared services business comprising transaction processing, accounts payable processing, tele-calling, training, learning, and development. The company was formerly known as Sundaram Finance Investments Limited and changed its name to Sundaram Finance Holdings Limited in March 2017. Sundaram Finance Holdings Limited was incorporated in 1993 and is based in Chennai, India.", "fullTimeEmployees": 575, "companyOfficers": [{"maxAge": 1, "name": "Mr. V.  Vaasen", "age": 50, "title": "Chief Financial Officer", "yearBorn": 1970, "fiscalYear": 2020, "totalPay": 3324000, "exercisedValue": 0, "unexercisedValue": 0}, {"maxAge": 1, "name": "Mr. P. N. Srikant", "age": 47, "title": "Sec. & Compliance Officer", "yearBorn": 1973, "fiscalYear": 2020, "totalPay": 3041000, "exercisedValue": 0, "unexercisedValue": 0}, {"maxAge": 1, "name": "Mr. S.  Ravi", "age": 59, "title": "Chief Exec. Officer", "yearBorn": 1961, "exercisedValue": 0, "unexercisedValue": 0}, {"maxAge": 1, "name": "Mr. Rajesh  Singh", "age": 37, "title": "Assistant Gen. Mang. of Operations", "yearBorn": 1983, "exercisedValue": 0, "unexercisedValue": 0}, {"maxAge": 1, "name": "Mr. V.  Narasimhan", "age": 58, "title": "GM and Head of Learning & Devel.", "yearBorn": 1962, "exercisedValue": 0, "unexercisedValue": 0}, {"maxAge": 1, "name": "Mr. V.  Prasana", "age": 33, "title": "Head of Analytics", "yearBorn": 1987, "exercisedValue": 0, "unexercisedValue": 0}], "compensationAsOfEpochDate": "2020-12-31 05:30:00", "maxAge": 86400}, "cashflowStatementHistory": {"cashflowStatements": [{"maxAge": 1, "endDate": "2020-03-31", "netIncome": 781349000, "depreciation": 10144000, "changeToNetincome": -205303000, "changeToAccountReceivables": 27969000, "changeToLiabilities": -1844000, "changeToOperatingActivities": 5463000, "totalCashFromOperatingActivities": 620938000, "capitalExpenditures": -22064000, "investments": -86482000, "otherCashflowsFromInvestingActivities": 174000, "totalCashflowsFromInvestingActivities": -108320000, "dividendsPaid": -377767000, "netBorrowings": -2144000, "otherCashflowsFromFinancingActivities": -80402000, "totalCashFromFinancingActivities": -460313000, "changeInCash": 52305000}, {"maxAge": 1, "endDate": "2019-03-31", "netIncome": 1374623000, "depreciation": 6337000, "changeToNetincome": -740899000, "changeToAccountReceivables": -16135000, "changeToLiabilities": -8618000, "changeToOperatingActivities": -34937000, "totalCashFromOperatingActivities": 584100000, "capitalExpenditures": -5698000, "investments": -292019000, "otherCashflowsFromInvestingActivities": 174000, "totalCashflowsFromInvestingActivities": -296760000, "dividendsPaid": -226659000, "netBorrowings": -2144000, "otherCashflowsFromFinancingActivities": -49054000, "totalCashFromFinancingActivities": -275713000, "changeInCash": 11627000}, {"maxAge": 1, "endDate": "2018-03-31", "netIncome": 1296650000, "depreciation": 5879000, "changeToNetincome": -744870000, "changeToAccountReceivables": -53421000, "changeToLiabilities": 6885000, "changeToOperatingActivities": 957393000, "totalCashFromOperatingActivities": 1472989000, "capitalExpenditures": -8845000, "investments": -1449312000, "otherCashflowsFromInvestingActivities": 174000, "totalCashflowsFromInvestingActivities": -1459788000, "dividendsPaid": -3750000, "netBorrowings": -2144000, "otherCashflowsFromFinancingActivities": -2737000, "totalCashFromFinancingActivities": -6487000, "changeInCash": 6714000}, {"maxAge": 1, "endDate": "2017-03-31", "netIncome": 4807109, "depreciation": 5879000, "changeToNetincome": -6876521, "changeToAccountReceivables": 13062434, "changeToLiabilities": -70468, "changeToOperatingActivities": 12062877, "totalCashFromOperatingActivities": 22985431, "capitalExpenditures": -8845000, "investments": -210745601, "otherCashflowsFromInvestingActivities": 3813992, "totalCashflowsFromInvestingActivities": -206931609, "dividendsPaid": -10000000, "netBorrowings": -2144000, "otherCashflowsFromFinancingActivities": -2035765, "totalCashFromFinancingActivities": 182964235, "changeInCash": -981944, "issuanceOfStock": 195000000}], "maxAge": 86400}, "institutionOwnership": {"ownershipList": [], "maxAge": 1}, "majorHoldersBreakdown": {"maxAge": 1, "insidersPercentHeld": 0.0, "institutionsPercentHeld": 0.047119997, "institutionsFloatPercentHeld": 0.047119997, "institutionsCount": 6}, "balanceSheetHistoryQuarterly": {"balanceSheetStatements": [{"maxAge": 1, "endDate": "2020-12-31", "cash": 93973000, "netReceivables": 73266000, "otherCurrentAssets": 94398000, "totalCurrentAssets": 953261000, "longTermInvestments": 18714580000, "propertyPlantEquipment": 40584000, "goodWill": 15608000, "intangibleAssets": 3677000, "otherAssets": 18571000, "totalAssets": 19746281000, "accountsPayable": 376000, "otherCurrentLiab": 58601000, "otherLiab": 760506000, "totalCurrentLiabilities": 83455000, "totalLiab": 857035000, "commonStock": 755519000, "retainedEarnings": 10131094000, "treasuryStock": 8002633000, "otherStockholderEquity": 8002633000, "totalStockholderEquity": 18889246000, "netTangibleAssets": 18869961000}, {"maxAge": 1, "endDate": "2020-09-30", "cash": 95042000, "netReceivables": 63923000, "otherCurrentAssets": 47804000, "totalCurrentAssets": 206769000, "longTermInvestments": 18049214000, "propertyPlantEquipment": 47828000, "goodWill": 15608000, "intangibleAssets": 4401000, "otherAssets": 54107000, "totalAssets": 18377927000, "accountsPayable": 8559000, "otherCurrentLiab": 26682000, "otherLiab": 655106000, "totalCurrentLiabilities": 44803000, "totalLiab": 720117000, "commonStock": 755519000, "treasuryStock": 16902291000, "otherStockholderEquity": 16902291000, "totalStockholderEquity": 17657810000, "netTangibleAssets": 17637801000}, {"maxAge": 1, "endDate": "2020-06-30", "totalStockholderEquity": 18572627000, "netTangibleAssets": 18554599000}, {"maxAge": 1, "endDate": "2020-03-31", "cash": 99860000, "netReceivables": 95000000, "otherCurrentAssets": 143158000, "totalCurrentAssets": 2277994000, "longTermInvestments": 16854338000, "propertyPlantEquipment": 53404000, "goodWill": 15608000, "intangibleAssets": 2420000, "otherAssets": 17126000, "totalAssets": 19220890000, "accountsPayable": 67000, "otherCurrentLiab": 3219000, "otherLiab": 589963000, "totalCurrentLiabilities": 36932000, "totalLiab": 648263000, "commonStock": 755519000, "retainedEarnings": 8928806000, "treasuryStock": 8888302000, "otherStockholderEquity": 8888302000, "totalStockholderEquity": 18572627000, "netTangibleAssets": 18554599000}], "maxAge": 86400}, "indexTrend": {"maxAge": 1, "symbol": "SP5", "peRatio": 19.7411, "pegRatio": 1.34172, "estimates": [{"period": "0q", "growth": 0.549}, {"period": "+1q", "growth": 0.431}, {"period": "0y", "growth": 0.305}, {"period": "+1y", "growth": 0.109}, {"period": "+5y", "growth": 0.120865}, {"period": "-5y"}]}, "defaultKeyStatistics": {"maxAge": 1, "priceHint": 2, "enterpriseValue": 10756118528, "profitMargins": 0.83889, "floatShares": 72955966, "sharesOutstanding": 170008992, "heldPercentInsiders": 0.0, "heldPercentInstitutions": 0.047119997, "beta": 1.017579, "category": null, "bookValue": 125.008, "priceToBook": 0.59036225, "fundFamily": null, "legalType": null, "lastFiscalYearEnd": "2020-03-31 05:30:00", "nextFiscalYearEnd": "2022-03-31 05:30:00", "mostRecentQuarter": "2020-12-31 05:30:00", "earningsQuarterlyGrowth": 0.529, "netIncomeToCommon": 648801024, "trailingEps": 4.289, "lastSplitFactor": null, "enterpriseToRevenue": 13.908, "enterpriseToEbitda": 41.164}, "summaryProfile": {"address1": "No. 21, Patullos Road", "city": "Chennai", "zip": "600002", "country": "India", "phone": "91 44 2852 1181", "fax": "91 44 2858 6641", "website": "http://www.sundaramholdings.in", "industry": "Specialty Business Services", "sector": "Industrials", "longBusinessSummary": "Sundaram Finance Holdings Limited engages in the business of investments, business processing, and support services in India, Australia, the United States, and the United Kingdom. The company primarily has investments in automotive business. It also offers outsourcing services to large and mid-sized firms. In addition, the company engages in shared services business comprising transaction processing, accounts payable processing, tele-calling, training, learning, and development. The company was formerly known as Sundaram Finance Investments Limited and changed its name to Sundaram Finance Holdings Limited in March 2017. Sundaram Finance Holdings Limited was incorporated in 1993 and is based in Chennai, India.", "fullTimeEmployees": 575, "companyOfficers": [], "maxAge": 86400}, "netSharePurchaseActivity": {"maxAge": 1, "period": "6m", "buyInfoCount": 0, "buyInfoShares": 0, "sellInfoCount": 0, "netInfoCount": 0, "netInfoShares": 0, "totalInsiderShares": 0}, "quoteType": {"exchange": "NSI", "quoteType": "EQUITY", "symbol": "SUNDARMHLD.NS", "underlyingSymbol": "SUNDARMHLD.NS", "shortName": "SUNDARAM FINANCE H", "longName": "Sundaram Finance Holdings Limited", "firstTradeDateEpochUtc": "2018-03-27 09:15:00", "timeZoneFullName": "Asia/Kolkata", "timeZoneShortName": "IST", "uuid": "22ae7033-f358-328b-80f5-0b51623a19ec", "gmtOffSetMilliseconds": 19800000, "maxAge": 1}, "incomeStatementHistory": {"incomeStatementHistory": [{"maxAge": 1, "endDate": "2020-03-31", "totalRevenue": 941289000, "costOfRevenue": 436539000, "grossProfit": 504750000, "researchDevelopment": {}, "sellingGeneralAdministrative": 184347000, "nonRecurring": {}, "otherOperatingExpenses": -20874000, "totalOperatingExpenses": 613316000, "operatingIncome": 327973000, "totalOtherIncomeExpenseNet": 508194000, "ebit": 327973000, "interestExpense": -2752000, "incomeBeforeTax": 836167000, "incomeTaxExpense": 54818000, "minorityInterest": {}, "netIncomeFromContinuingOps": 781349000, "discontinuedOperations": {}, "extraordinaryItems": {}, "effectOfAccountingCharges": {}, "otherItems": {}, "netIncome": 781349000, "netIncomeApplicableToCommonShares": 781349000}, {"maxAge": 1, "endDate": "2019-03-31", "totalRevenue": 994634000, "costOfRevenue": 418505000, "grossProfit": 576129000, "researchDevelopment": {}, "sellingGeneralAdministrative": 175048000, "nonRecurring": {}, "otherOperatingExpenses": -19830000, "totalOperatingExpenses": 583789000, "operatingIncome": 410845000, "totalOtherIncomeExpenseNet": 1082039000, "ebit": 410845000, "interestExpense": -2464000, "incomeBeforeTax": 1492884000, "incomeTaxExpense": 118261000, "minorityInterest": {}, "netIncomeFromContinuingOps": 1374623000, "discontinuedOperations": {}, "extraordinaryItems": {}, "effectOfAccountingCharges": {}, "otherItems": {}, "netIncome": 1374623000, "netIncomeApplicableToCommonShares": 1374623000}, {"maxAge": 1, "endDate": "2018-03-31", "totalRevenue": 683145000, "costOfRevenue": 294319000, "grossProfit": 388826000, "researchDevelopment": {}, "sellingGeneralAdministrative": 169494000, "nonRecurring": {}, "otherOperatingExpenses": -9640000, "totalOperatingExpenses": 464525000, "operatingIncome": 218620000, "totalOtherIncomeExpenseNet": 1129688000, "ebit": 218620000, "interestExpense": -1973000, "incomeBeforeTax": 1348308000, "incomeTaxExpense": 51658000, "minorityInterest": {}, "netIncomeFromContinuingOps": 1296650000, "discontinuedOperations": {}, "extraordinaryItems": {}, "effectOfAccountingCharges": {}, "otherItems": {}, "netIncome": 1296650000, "netIncomeApplicableToCommonShares": 1296650000}, {"maxAge": 1, "endDate": "2017-03-31", "totalRevenue": 36234707, "costOfRevenue": 7142508, "grossProfit": 29092199, "researchDevelopment": {}, "sellingGeneralAdministrative": 33282629, "nonRecurring": {}, "otherOperatingExpenses": -9640000, "totalOperatingExpenses": 40425137, "operatingIncome": -4190430, "totalOtherIncomeExpenseNet": 12211081, "ebit": -4190430, "interestExpense": -1973000, "incomeBeforeTax": 8020651, "incomeTaxExpense": 3213542, "minorityInterest": {}, "netIncomeFromContinuingOps": 4807109, "discontinuedOperations": {}, "extraordinaryItems": {}, "effectOfAccountingCharges": {}, "otherItems": {}, "netIncome": 4807109, "netIncomeApplicableToCommonShares": 4807109}], "maxAge": 86400}, "fundOwnership": {"ownershipList": [{"maxAge": 1, "reportDate": "2021-01-31", "organization": "DFA Emerging Markets Core Equity Portfolio", "pctHeld": 0.00059999997, "position": 91918, "value": 6466431}, {"maxAge": 1, "reportDate": "2021-01-31", "organization": "DFA Emerging Markets Small Cap Series", "pctHeld": 0.0004, "position": 54598, "value": 3840969}, {"maxAge": 1, "reportDate": "2021-01-31", "organization": "DFA Emerging Markets Series", "pctHeld": 0.0002, "position": 27690, "value": 1947991}], "maxAge": 1}, "summaryDetail": {"maxAge": 1, "priceHint": 2, "previousClose": 76.25, "open": 75.0, "dayLow": 73.55, "dayHigh": 75.95, "regularMarketPreviousClose": 76.25, "regularMarketOpen": 75.0, "regularMarketDayLow": 73.55, "regularMarketDayHigh": 75.95, "dividendRate": 1.11, "dividendYield": 0.0139, "exDividendDate": "2020-06-30 05:30:00", "payoutRatio": 0.2914, "beta": 1.017579, "trailingPE": 17.206808, "volume": 123069, "regularMarketVolume": 123069, "averageVolume": 165056, "averageVolume10days": 32751, "averageDailyVolume10Day": 32751, "bid": 0.0, "ask": 0.0, "bidSize": 0, "askSize": 0, "marketCap": 12546664448, "fiftyTwoWeekLow": 41.0, "fiftyTwoWeekHigh": 91.5, "priceToSalesTrailing12Months": 16.222715, "fiftyDayAverage": 80.69706, "twoHundredDayAverage": 68.19646, "trailingAnnualDividendRate": 1.25, "trailingAnnualDividendYield": 0.016393442, "currency": "INR", "fromCurrency": null, "lastMarket": null, "algorithm": null, "tradeable": false}, "incomeStatementHistoryQuarterly": {"incomeStatementHistory": [{"maxAge": 1, "endDate": "2020-12-31", "totalRevenue": 140926000, "costOfRevenue": 85776000, "grossProfit": 55150000, "researchDevelopment": {}, "sellingGeneralAdministrative": 25788000, "nonRecurring": {}, "otherOperatingExpenses": -13893000, "totalOperatingExpenses": 101522000, "operatingIncome": 39404000, "totalOtherIncomeExpenseNet": 244165000, "ebit": 39404000, "interestExpense": -306000, "incomeBeforeTax": 283569000, "incomeTaxExpense": 7080000, "minorityInterest": {}, "netIncomeFromContinuingOps": 276489000, "discontinuedOperations": {}, "extraordinaryItems": {}, "effectOfAccountingCharges": {}, "otherItems": {}, "netIncome": 276489000, "netIncomeApplicableToCommonShares": 276489000}, {"maxAge": 1, "endDate": "2020-09-30", "totalRevenue": 126304000, "costOfRevenue": 90522000, "grossProfit": 35782000, "researchDevelopment": {}, "sellingGeneralAdministrative": 34583000, "nonRecurring": {}, "otherOperatingExpenses": -13893000, "totalOperatingExpenses": 128740000, "operatingIncome": -2436000, "totalOtherIncomeExpenseNet": 202766000, "ebit": -2436000, "interestExpense": -404000, "incomeBeforeTax": 200330000, "incomeTaxExpense": 7404000, "minorityInterest": {}, "netIncomeFromContinuingOps": 192926000, "discontinuedOperations": {}, "extraordinaryItems": {}, "effectOfAccountingCharges": {}, "otherItems": {}, "netIncome": 192926000, "netIncomeApplicableToCommonShares": 192926000}, {"maxAge": 1, "endDate": "2020-06-30", "totalRevenue": 151141000, "costOfRevenue": 98851000, "grossProfit": 52290000, "researchDevelopment": {}, "sellingGeneralAdministrative": 35618000, "nonRecurring": {}, "otherOperatingExpenses": -13893000, "totalOperatingExpenses": 137972000, "operatingIncome": 13169000, "totalOtherIncomeExpenseNet": -109738000, "ebit": 13169000, "interestExpense": -416000, "incomeBeforeTax": -96569000, "incomeTaxExpense": 2295000, "minorityInterest": {}, "netIncomeFromContinuingOps": -98864000, "discontinuedOperations": {}, "extraordinaryItems": {}, "effectOfAccountingCharges": {}, "otherItems": {}, "netIncome": -98864000, "netIncomeApplicableToCommonShares": -98864000}, {"maxAge": 1, "endDate": "2020-03-31", "totalRevenue": 371024000, "costOfRevenue": 114028000, "grossProfit": 256996000, "researchDevelopment": {}, "sellingGeneralAdministrative": 37812000, "nonRecurring": {}, "otherOperatingExpenses": -20874000, "totalOperatingExpenses": 127161000, "operatingIncome": 243863000, "totalOtherIncomeExpenseNet": 57472000, "ebit": 243863000, "interestExpense": -9000, "incomeBeforeTax": 301335000, "incomeTaxExpense": 23088000, "minorityInterest": {}, "netIncomeFromContinuingOps": 278247000, "discontinuedOperations": {}, "extraordinaryItems": {}, "effectOfAccountingCharges": {}, "otherItems": {}, "netIncome": 278247000, "netIncomeApplicableToCommonShares": 278247000}], "maxAge": 86400}, "cashflowStatementHistoryQuarterly": {"cashflowStatements": [{"maxAge": 1, "endDate": "2020-12-31", "netIncome": 276489000, "depreciation": 2075000, "changeToNetincome": -265141000, "changeToAccountReceivables": 1726000, "changeToLiabilities": -1444000, "changeToOperatingActivities": -1010000, "totalCashFromOperatingActivities": 14471000, "capitalExpenditures": -2428000, "investments": -12927000, "otherCashflowsFromInvestingActivities": 174000, "totalCashflowsFromInvestingActivities": -14770000, "netBorrowings": -464000, "otherCashflowsFromFinancingActivities": -306000, "totalCashFromFinancingActivities": -770000, "changeInCash": -1069000}, {"maxAge": 1, "endDate": "2020-09-30", "netIncome": 192926000, "depreciation": 2075000, "changeToNetincome": -265141000, "changeToAccountReceivables": 1726000, "changeToLiabilities": 0, "changeToOperatingActivities": -1010000, "totalCashFromOperatingActivities": 14471000, "capitalExpenditures": -2428000, "investments": -12927000, "otherCashflowsFromInvestingActivities": 174000, "totalCashflowsFromInvestingActivities": -14770000, "netBorrowings": -464000, "otherCashflowsFromFinancingActivities": -306000, "totalCashFromFinancingActivities": -770000, "changeInCash": -1069000}, {"maxAge": 1, "endDate": "2020-06-30", "netIncome": -98864000, "depreciation": 2075000, "changeToNetincome": -265141000, "changeToAccountReceivables": 1726000, "changeToLiabilities": 0, "changeToOperatingActivities": -1010000, "totalCashFromOperatingActivities": 14471000, "capitalExpenditures": -2428000, "investments": -12927000, "otherCashflowsFromInvestingActivities": 174000, "totalCashflowsFromInvestingActivities": -14770000, "netBorrowings": -464000, "otherCashflowsFromFinancingActivities": -306000, "totalCashFromFinancingActivities": -770000, "changeInCash": -1069000}, {"maxAge": 1, "endDate": "2020-03-31", "netIncome": 278247000, "depreciation": 2075000, "changeToNetincome": -265141000, "changeToAccountReceivables": 1726000, "changeToLiabilities": 0, "changeToOperatingActivities": -1010000, "totalCashFromOperatingActivities": 14471000, "capitalExpenditures": -2428000, "investments": -12927000, "otherCashflowsFromInvestingActivities": 174000, "totalCashflowsFromInvestingActivities": -14770000, "netBorrowings": -464000, "otherCashflowsFromFinancingActivities": -306000, "totalCashFromFinancingActivities": -770000, "changeInCash": -1069000}], "maxAge": 86400}, "insiderHolders": {"holders": [], "maxAge": 1}, "calendarEvents": {"maxAge": 1, "earnings": {"earningsDate": []}, "exDividendDate": "2020-06-30 05:30:00"}, "upgradeDowngradeHistory": {"history": [], "maxAge": 86400}, "price": {"maxAge": 1, "regularMarketChangePercent": -0.032131106, "regularMarketChange": -2.449997, "regularMarketTime": "2021-04-30 15:29:57", "priceHint": 2, "regularMarketPrice": 73.8, "regularMarketDayHigh": 75.95, "regularMarketDayLow": 73.55, "regularMarketVolume": 123069, "averageDailyVolume10Day": 32751, "averageDailyVolume3Month": 165056, "regularMarketPreviousClose": 76.25, "regularMarketSource": "FREE_REALTIME", "regularMarketOpen": 75.0, "exchange": "NSI", "exchangeName": "NSE", "exchangeDataDelayedBy": 15, "marketState": "CLOSED", "quoteType": "EQUITY", "symbol": "SUNDARMHLD.NS", "underlyingSymbol": null, "shortName": "SUNDARAM FINANCE H", "longName": "Sundaram Finance Holdings Limited", "currency": "INR", "quoteSourceName": "Delayed Quote", "currencySymbol": "\u20b9", "fromCurrency": null, "lastMarket": null, "marketCap": 12546664448}, "balanceSheetHistory": {"balanceSheetStatements": [{"maxAge": 1, "endDate": "2020-03-31", "cash": 99860000, "netReceivables": 95000000, "otherCurrentAssets": 143158000, "totalCurrentAssets": 2277994000, "longTermInvestments": 16854338000, "propertyPlantEquipment": 53404000, "goodWill": 15608000, "intangibleAssets": 2420000, "otherAssets": 17126000, "totalAssets": 19220890000, "accountsPayable": 67000, "otherCurrentLiab": 3219000, "otherLiab": 589963000, "totalCurrentLiabilities": 36932000, "totalLiab": 648263000, "commonStock": 755519000, "retainedEarnings": 8928806000, "treasuryStock": 8888302000, "otherStockholderEquity": 8888302000, "totalStockholderEquity": 18572627000, "netTangibleAssets": 18554599000}, {"maxAge": 1, "endDate": "2019-03-31", "cash": 47555000, "netReceivables": 111732000, "otherCurrentAssets": 102495000, "totalCurrentAssets": 2112992000, "longTermInvestments": 22355848000, "propertyPlantEquipment": 20225000, "goodWill": 15608000, "intangibleAssets": 4084000, "otherAssets": 16426000, "totalAssets": 24525183000, "otherCurrentLiab": 1121000, "otherLiab": 833540000, "totalCurrentLiabilities": 35465000, "totalLiab": 869005000, "commonStock": 755519000, "retainedEarnings": 8633552000, "treasuryStock": 14267107000, "otherStockholderEquity": 14267107000, "totalStockholderEquity": 23656178000, "netTangibleAssets": 23636486000}, {"maxAge": 1, "endDate": "2018-03-31", "cash": 35928000, "netReceivables": 114915000, "otherCurrentAssets": 80535000, "totalCurrentAssets": 1899467000, "longTermInvestments": 27438285000, "propertyPlantEquipment": 23034000, "goodWill": 15608000, "intangibleAssets": 6043000, "otherAssets": 16790000, "totalAssets": 29399227000, "otherCurrentLiab": 482000, "otherLiab": 1251622000, "totalCurrentLiabilities": 31438000, "totalLiab": 1283060000, "commonStock": 755519000, "retainedEarnings": 7534963000, "treasuryStock": 19825685000, "otherStockholderEquity": 19825685000, "totalStockholderEquity": 28116167000, "netTangibleAssets": 28094516000}, {"maxAge": 1, "endDate": "2017-03-31", "cash": 739925, "shortTermInvestments": 285314235, "netReceivables": 2311109, "otherCurrentAssets": 2399276, "totalCurrentAssets": 290764545, "longTermInvestments": 30456862, "otherAssets": 27170569, "totalAssets": 348391976, "accountsPayable": 425900, "otherCurrentLiab": 1949940, "totalCurrentLiabilities": 3084849, "totalLiab": 3084849, "commonStock": 200000000, "retainedEarnings": 145307127, "totalStockholderEquity": 345307127, "netTangibleAssets": 345307127}], "maxAge": 86400}, "financialData": {"maxAge": 86400, "currentPrice": 73.8, "recommendationKey": "none", "totalCash": 778625024, "totalCashPerShare": 5.153, "ebitda": 261298000, "totalDebt": 13074000, "quickRatio": 10.167, "currentRatio": 11.422, "totalRevenue": 773401024, "debtToEquity": 0.069, "revenuePerShare": 5.114, "grossProfits": 504750000, "operatingCashflow": 364145984, "earningsGrowth": 0.525, "revenueGrowth": -0.312, "grossMargins": 0.51393, "ebitdaMargins": 0.33785, "operatingMargins": 0.33922002, "profitMargins": 0.83889, "financialCurrency": "INR"}}}