{"SUNFLAG.BO": {"recommendationTrend": {"trend": [{"period": "0m", "strongBuy": 0, "buy": 0, "hold": 0, "sell": 0, "strongSell": 0}, {"period": "-1m", "strongBuy": 0, "buy": 0, "hold": 0, "sell": 0, "strongSell": 0}, {"period": "-2m", "strongBuy": 0, "buy": 0, "hold": 0, "sell": 0, "strongSell": 0}, {"period": "-3m", "strongBuy": 0, "buy": 0, "hold": 0, "sell": 0, "strongSell": 0}], "maxAge": 86400}, "cashflowStatementHistory": {"cashflowStatements": [{"maxAge": 1, "endDate": "2020-03-31", "netIncome": 920500000, "depreciation": 462100000, "changeToNetincome": 237200000, "changeToAccountReceivables": 735200000, "changeToLiabilities": 474800000, "changeToInventory": -106000000, "changeToOperatingActivities": -548100000, "totalCashFromOperatingActivities": 2175700000, "capitalExpenditures": -1429600000, "otherCashflowsFromInvestingActivities": 104700000, "totalCashflowsFromInvestingActivities": -1324800000, "dividendsPaid": -90100000, "netBorrowings": -312800000, "otherCashflowsFromFinancingActivities": -402300000, "totalCashFromFinancingActivities": -805200000, "changeInCash": 45700000}, {"maxAge": 1, "endDate": "2019-03-31", "netIncome": 1102700000, "depreciation": 378700000, "changeToNetincome": 486100000, "changeToAccountReceivables": 129800000, "changeToLiabilities": 780200000, "changeToInventory": -1193300000, "changeToOperatingActivities": 85800000, "totalCashFromOperatingActivities": 1770000000, "capitalExpenditures": -1314500000, "investments": -24400000, "otherCashflowsFromInvestingActivities": -75100000, "totalCashflowsFromInvestingActivities": -1414000000, "dividendsPaid": -90100000, "netBorrowings": 108400000, "otherCashflowsFromFinancingActivities": -405800000, "totalCashFromFinancingActivities": -387500000, "changeInCash": -31500000}, {"maxAge": 1, "endDate": "2018-03-31", "netIncome": 1286400000, "depreciation": 341300000, "changeToNetincome": 409200000, "changeToAccountReceivables": -582800000, "changeToLiabilities": 486600000, "changeToInventory": -413900000, "changeToOperatingActivities": -351900000, "totalCashFromOperatingActivities": 1174900000, "capitalExpenditures": -982400000, "investments": -24400000, "otherCashflowsFromInvestingActivities": -75100000, "totalCashflowsFromInvestingActivities": -966600000, "dividendsPaid": -90100000, "netBorrowings": -55400000, "otherCashflowsFromFinancingActivities": -354900000, "totalCashFromFinancingActivities": -410300000, "changeInCash": -202000000}, {"maxAge": 1, "endDate": "2017-03-31", "netIncome": 652300000, "depreciation": 332000000, "changeToNetincome": 362200000, "changeToAccountReceivables": 146000000, "changeToLiabilities": -154600000, "changeToInventory": -906500000, "changeToOperatingActivities": -606500000, "totalCashFromOperatingActivities": -175100000, "capitalExpenditures": -306200000, "investments": -19000000, "otherCashflowsFromInvestingActivities": -75100000, "totalCashflowsFromInvestingActivities": -325200000, "dividendsPaid": -90100000, "netBorrowings": 954600000, "otherCashflowsFromFinancingActivities": -350600000, "totalCashFromFinancingActivities": 604000000, "changeInCash": 103700000}], "maxAge": 86400}, "institutionOwnership": {"ownershipList": [], "maxAge": 1}, "balanceSheetHistoryQuarterly": {"balanceSheetStatements": [{"maxAge": 1, "endDate": "2020-06-30", "totalStockholderEquity": 13852100000, "netTangibleAssets": 13852100000}, {"maxAge": 1, "endDate": "2020-03-31", "cash": 64100000, "shortTermInvestments": 200000, "netReceivables": 2139700000, "inventory": 5627700000, "otherCurrentAssets": 1442000000, "totalCurrentAssets": 9326300000, "longTermInvestments": 107500000, "propertyPlantEquipment": 13791200000, "otherAssets": 764000000, "totalAssets": 23989000000, "accountsPayable": 3146900000, "shortLongTermDebt": 595900000, "otherCurrentLiab": 521400000, "longTermDebt": 1235800000, "otherLiab": 2311000000, "minorityInterest": 14600000, "totalCurrentLiabilities": 5975500000, "totalLiab": 10122300000, "commonStock": 1802200000, "retainedEarnings": 7988900000, "treasuryStock": 3682500000, "capitalSurplus": 378500000, "otherStockholderEquity": 3682500000, "totalStockholderEquity": 13852100000, "netTangibleAssets": 13852100000}, {"maxAge": 1, "endDate": "2019-12-31", "totalStockholderEquity": 9653000000, "netTangibleAssets": 9653000000}, {"maxAge": 1, "endDate": "2019-09-30", "cash": 633400000, "shortTermInvestments": 31800000, "netReceivables": 2564300000, "inventory": 4960400000, "otherCurrentAssets": 544400000, "totalCurrentAssets": 8734300000, "longTermInvestments": 114700000, "propertyPlantEquipment": 7866300000, "otherAssets": 792100000, "totalAssets": 17507400000, "accountsPayable": 2328300000, "otherCurrentLiab": 1194400000, "longTermDebt": 914100000, "otherLiab": 1537500000, "minorityInterest": 14700000, "totalCurrentLiabilities": 5388100000, "totalLiab": 7839700000, "commonStock": 1802200000, "treasuryStock": 7850800000, "otherStockholderEquity": 7850800000, "totalStockholderEquity": 9653000000, "netTangibleAssets": 9653000000}], "maxAge": 86400}, "earningsHistory": {"history": [{"maxAge": 1, "epsActual": {}, "epsEstimate": {}, "epsDifference": {}, "surprisePercent": {}, "quarter": {}, "period": "-4q"}, {"maxAge": 1, "epsActual": {}, "epsEstimate": {}, "epsDifference": {}, "surprisePercent": {}, "quarter": {}, "period": "-3q"}, {"maxAge": 1, "epsActual": 2.27, "epsEstimate": 1.04, "epsDifference": 1.23, "surprisePercent": 1.1830001, "quarter": "2017-12-31", "period": "-2q"}, {"maxAge": 1, "epsActual": 2.25, "epsEstimate": 2.4, "epsDifference": -0.15, "surprisePercent": -0.062, "quarter": "2018-06-30", "period": "-1q"}], "maxAge": 86400}, "indexTrend": {"maxAge": 1, "symbol": "SP5", "peRatio": 19.7411, "pegRatio": 1.34172, "estimates": [{"period": "0q", "growth": 0.549}, {"period": "+1q", "growth": 0.431}, {"period": "0y", "growth": 0.305}, {"period": "+1y", "growth": 0.109}, {"period": "+5y", "growth": 0.120865}, {"period": "-5y"}]}, "industryTrend": {"maxAge": 1, "symbol": null, "estimates": []}, "insiderTransactions": {"transactions": [{"maxAge": 1, "shares": 10000, "value": 6299, "filerUrl": "", "transactionText": "Sale at price 0.63 per share.", "filerName": "Dhawan (Charanjiv)", "filerRelation": "UNREPORTED", "moneyText": "", "startDate": "2020-08-25", "ownership": "D"}, {"maxAge": 1, "shares": 10000, "value": 6401, "filerUrl": "", "transactionText": "Sale at price 0.64 per share.", "filerName": "Dhawan (Charanjiv)", "filerRelation": "UNREPORTED", "moneyText": "", "startDate": "2020-08-19", "ownership": "D"}, {"maxAge": 1, "shares": 1062050, "value": 649443, "filerUrl": "", "transactionText": "Acquisition at price 0.61 per share.", "filerName": "Bhardwaj (Veena Ravi Bhushan)", "filerRelation": "UNREPORTED", "moneyText": "", "startDate": "2020-08-18", "ownership": "D"}, {"maxAge": 1, "shares": 73115, "value": 36754, "filerUrl": "", "transactionText": "Sale at price 0.50 per share.", "filerName": "Dhawan (Charanjiv)", "filerRelation": "UNREPORTED", "moneyText": "", "startDate": "2020-06-30", "ownership": "D"}, {"maxAge": 1, "shares": 934574, "filerUrl": "", "transactionText": "", "filerName": "Bhardwaj (Veena Ravi Bhushan)", "filerRelation": "UNREPORTED", "moneyText": "", "startDate": "2020-03-23", "ownership": "D"}, {"maxAge": 1, "shares": 1593657, "filerUrl": "", "transactionText": "", "filerName": "Bhardwaj (Veena Ravi Bhushan)", "filerRelation": "UNREPORTED", "moneyText": "", "startDate": "2019-11-18", "ownership": "D"}, {"maxAge": 1, "shares": 5000, "filerUrl": "", "transactionText": "", "filerName": "Agarawal (Chhavi)", "filerRelation": "UNREPORTED", "moneyText": "", "startDate": "2019-06-29", "ownership": "D"}, {"maxAge": 1, "shares": 106000, "filerUrl": "", "transactionText": "", "filerName": "Supra Corporation Ltd", "filerRelation": "Promoter", "moneyText": "", "startDate": "2019-01-31", "ownership": "D"}, {"maxAge": 1, "shares": 82069, "filerUrl": "", "transactionText": "", "filerName": "Supra Corporation Ltd", "filerRelation": "Promoter", "moneyText": "", "startDate": "2019-01-29", "ownership": "D"}, {"maxAge": 1, "shares": 2500, "filerUrl": "", "transactionText": "", "filerName": "Agarawal (Chhavi)", "filerRelation": "UNREPORTED", "moneyText": "", "startDate": "2018-10-01", "ownership": "D"}, {"maxAge": 1, "shares": 2500, "filerUrl": "", "transactionText": "", "filerName": "Agarawal (Chhavi)", "filerRelation": "UNREPORTED", "moneyText": "", "startDate": "2018-07-02", "ownership": "D"}, {"maxAge": 1, "shares": 3000, "filerUrl": "", "transactionText": "", "filerName": "Agarawal (Chhavi)", "filerRelation": "UNREPORTED", "moneyText": "", "startDate": "2018-03-28", "ownership": "D"}, {"maxAge": 1, "shares": 5500, "filerUrl": "", "transactionText": "", "filerName": "Agarawal (Chhavi)", "filerRelation": "UNREPORTED", "moneyText": "", "startDate": "2017-12-29", "ownership": "D"}, {"maxAge": 1, "shares": 8600, "filerUrl": "", "transactionText": "", "filerName": "Agarawal (Chhavi)", "filerRelation": "UNREPORTED", "moneyText": "", "startDate": "2017-09-29", "ownership": "D"}, {"maxAge": 1, "shares": 700000, "filerUrl": "", "transactionText": "", "filerName": "Bhardwaj (Ravi Bhushan)", "filerRelation": "Non Executive Vice Chairman", "moneyText": "", "startDate": "2016-12-28", "ownership": "D"}, {"maxAge": 1, "shares": 7000, "filerUrl": "", "transactionText": "", "filerName": "Agarawal (Chhavi)", "filerRelation": "UNREPORTED", "moneyText": "", "startDate": "2016-09-30", "ownership": "D"}, {"maxAge": 1, "shares": 8900, "filerUrl": "", "transactionText": "", "filerName": "Muralidhar (CA R)", "filerRelation": "UNREPORTED", "moneyText": "", "startDate": "2016-09-26", "ownership": "D"}, {"maxAge": 1, "shares": 9650, "filerUrl": "", "transactionText": "", "filerName": "Gupta (Surendra Kumar)", "filerRelation": "Chief Executive Officer", "moneyText": "", "startDate": "2015-03-30", "ownership": "D"}, {"maxAge": 1, "shares": 18021945, "filerUrl": "", "transactionText": "", "filerName": "Daido Steel Co., Ltd.", "filerRelation": "Institution- Corporation", "moneyText": "", "startDate": "2014-09-11", "ownership": "D"}, {"maxAge": 1, "shares": 741704, "filerUrl": "", "transactionText": "", "filerName": "Sanghavi (Dhirendra B)", "filerRelation": "UNREPORTED", "moneyText": "", "startDate": "2014-08-19", "ownership": "D"}, {"maxAge": 1, "shares": 61274, "filerUrl": "", "transactionText": "", "filerName": "Sanghavi (Dhirendra B)", "filerRelation": "UNREPORTED", "moneyText": "", "startDate": "2014-02-17", "ownership": "D"}, {"maxAge": 1, "shares": 35992, "filerUrl": "", "transactionText": "", "filerName": "Sanghavi (Bhavini D)", "filerRelation": "UNREPORTED", "moneyText": "", "startDate": "2014-02-17", "ownership": "D"}, {"maxAge": 1, "shares": 500, "filerUrl": "", "transactionText": "", "filerName": "Sanghavi (Dhirendra B) HUF", "filerRelation": "UNREPORTED", "moneyText": "", "startDate": "2014-02-17", "ownership": "D"}, {"maxAge": 1, "shares": 21440, "filerUrl": "", "transactionText": "", "filerName": "Sanghavi (Bhupendra G)", "filerRelation": "UNREPORTED", "moneyText": "", "startDate": "2013-01-24", "ownership": "D"}, {"maxAge": 1, "shares": 400000, "filerUrl": "", "transactionText": "", "filerName": "Bhardwaj (Suhrit Ravi Bhushan)", "filerRelation": "Director", "moneyText": "", "startDate": "2011-12-29", "ownership": "D"}, {"maxAge": 1, "shares": 500000, "filerUrl": "", "transactionText": "", "filerName": "Bhardwaj (Suhrit Ravi Bhushan)", "filerRelation": "Director", "moneyText": "", "startDate": "2011-11-02", "ownership": "D"}, {"maxAge": 1, "shares": 1050000, "filerUrl": "", "transactionText": "", "filerName": "Bhardwaj (Suhrit Ravi Bhushan)", "filerRelation": "Director", "moneyText": "", "startDate": "2011-09-06", "ownership": "D"}, {"maxAge": 1, "shares": 600000, "filerUrl": "", "transactionText": "", "filerName": "Bhardwaj (Suhrit Ravi Bhushan)", "filerRelation": "Director", "moneyText": "", "startDate": "2011-06-24", "ownership": "D"}, {"maxAge": 1, "shares": 281000, "filerUrl": "", "transactionText": "", "filerName": "Supra Corporation Ltd", "filerRelation": "Institution- Corporation", "moneyText": "", "startDate": "2011-03-25", "ownership": "D"}, {"maxAge": 1, "shares": 2210000, "filerUrl": "", "transactionText": "", "filerName": "Bhardwaj (Suhrit Ravi Bhushan)", "filerRelation": "Director", "moneyText": "", "startDate": "2011-03-25", "ownership": "D"}, {"maxAge": 1, "shares": 743498, "filerUrl": "", "transactionText": "", "filerName": "Bhardwaj (Suhrit Ravi Bhushan)", "filerRelation": "Director", "moneyText": "", "startDate": "2010-08-09", "ownership": "D"}, {"maxAge": 1, "shares": 600000, "filerUrl": "", "transactionText": "", "filerName": "Bhardwaj (Suhrit Ravi Bhushan)", "filerRelation": "Director", "moneyText": "", "startDate": "2010-06-02", "ownership": "D"}, {"maxAge": 1, "shares": 1800000, "filerUrl": "", "transactionText": "", "filerName": "Bhardwaj (Suhrit Ravi Bhushan)", "filerRelation": "Director", "moneyText": "", "startDate": "2010-03-04", "ownership": "D"}, {"maxAge": 1, "shares": 3330299, "filerUrl": "", "transactionText": "", "filerName": "Bhardwaj (Suhrit Ravi Bhushan)", "filerRelation": "Director", "moneyText": "", "startDate": "2009-12-29", "ownership": "D"}, {"maxAge": 1, "shares": 700000, "filerUrl": "", "transactionText": "", "filerName": "Bhardwaj (Pranav Ravi Bhushan)", "filerRelation": "Joint Managing director", "moneyText": "", "startDate": "2009-09-29", "ownership": "D"}, {"maxAge": 1, "shares": 1983601, "filerUrl": "", "transactionText": "", "filerName": "Bhardwaj (Suhrit Ravi Bhushan)", "filerRelation": "Director", "moneyText": "", "startDate": "2009-09-15", "ownership": "D"}], "maxAge": 1}, "quoteType": {"exchange": "BSE", "quoteType": "EQUITY", "symbol": "SUNFLAG.BO", "underlyingSymbol": "SUNFLAG.BO", "shortName": "SUNFLAG IRON & STEEL CO.LTD.", "longName": "Sunflag Iron and Steel Company Limited", "firstTradeDateEpochUtc": "2000-02-10 09:15:00", "timeZoneFullName": "Asia/Kolkata", "timeZoneShortName": "IST", "uuid": "a534a1e0-3438-3b16-a40c-529de218eb83", "gmtOffSetMilliseconds": 19800000, "maxAge": 1}, "incomeStatementHistory": {"incomeStatementHistory": [{"maxAge": 1, "endDate": "2020-03-31", "totalRevenue": 17581200000, "costOfRevenue": 13931400000, "grossProfit": 3649800000, "researchDevelopment": {}, "sellingGeneralAdministrative": 973500000, "nonRecurring": {}, "otherOperatingExpenses": 950200000, "totalOperatingExpenses": 16317100000, "operatingIncome": 1264100000, "totalOtherIncomeExpenseNet": -325700000, "ebit": 1264100000, "interestExpense": -302500000, "incomeBeforeTax": 938400000, "incomeTaxExpense": 17700000, "minorityInterest": 14600000, "netIncomeFromContinuingOps": 920700000, "discontinuedOperations": {}, "extraordinaryItems": {}, "effectOfAccountingCharges": {}, "otherItems": {}, "netIncome": 920500000, "netIncomeApplicableToCommonShares": 920500000}, {"maxAge": 1, "endDate": "2019-03-31", "totalRevenue": 21860000000, "costOfRevenue": 17312300000, "grossProfit": 4547700000, "researchDevelopment": {}, "sellingGeneralAdministrative": 1020900000, "nonRecurring": {}, "otherOperatingExpenses": 1126200000, "totalOperatingExpenses": 19838700000, "operatingIncome": 2021300000, "totalOtherIncomeExpenseNet": -301300000, "ebit": 2021300000, "interestExpense": -269700000, "incomeBeforeTax": 1720000000, "incomeTaxExpense": 617000000, "minorityInterest": 14600000, "netIncomeFromContinuingOps": 1103000000, "discontinuedOperations": {}, "extraordinaryItems": {}, "effectOfAccountingCharges": {}, "otherItems": {}, "netIncome": 1102700000, "netIncomeApplicableToCommonShares": 1102700000}, {"maxAge": 1, "endDate": "2018-03-31", "totalRevenue": 20744400000, "costOfRevenue": 15479800000, "grossProfit": 5264600000, "researchDevelopment": {}, "sellingGeneralAdministrative": 1041800000, "nonRecurring": {}, "otherOperatingExpenses": 1831500000, "totalOperatingExpenses": 18694400000, "operatingIncome": 2050000000, "totalOtherIncomeExpenseNet": -208500000, "ebit": 2050000000, "interestExpense": -300200000, "incomeBeforeTax": 1841500000, "incomeTaxExpense": 554900000, "minorityInterest": 14600000, "netIncomeFromContinuingOps": 1286600000, "discontinuedOperations": {}, "extraordinaryItems": {}, "effectOfAccountingCharges": {}, "otherItems": {}, "netIncome": 1286400000, "netIncomeApplicableToCommonShares": 1286400000}, {"maxAge": 1, "endDate": "2017-03-31", "totalRevenue": 15166700000, "costOfRevenue": 11172600000, "grossProfit": 3994100000, "researchDevelopment": {}, "sellingGeneralAdministrative": 942700000, "nonRecurring": {}, "otherOperatingExpenses": 1557200000, "totalOperatingExpenses": 14004400000, "operatingIncome": 1162300000, "totalOtherIncomeExpenseNet": -312600000, "ebit": 1162300000, "interestExpense": -306600000, "incomeBeforeTax": 849700000, "incomeTaxExpense": 197500000, "minorityInterest": 14600000, "netIncomeFromContinuingOps": 652200000, "discontinuedOperations": {}, "extraordinaryItems": {}, "effectOfAccountingCharges": {}, "otherItems": {}, "netIncome": 652300000, "netIncomeApplicableToCommonShares": 652300000}], "maxAge": 86400}, "fundOwnership": {"ownershipList": [], "maxAge": 1}, "summaryDetail": {"maxAge": 1, "priceHint": 2, "previousClose": 79.1, "open": 79.2, "dayLow": 77.2, "dayHigh": 84.3, "regularMarketPreviousClose": 79.1, "regularMarketOpen": 79.2, "regularMarketDayLow": 77.2, "regularMarketDayHigh": 84.3, "trailingPE": 19.680197, "forwardPE": 6.9565215, "volume": 476251, "regularMarketVolume": 476251, "averageVolume": 96866, "averageVolume10days": 25538, "averageDailyVolume10Day": 25538, "bid": 79.2, "ask": 80.0, "bidSize": 0, "askSize": 0, "marketCap": 14417520640, "fiftyTwoWeekLow": 21.15, "fiftyTwoWeekHigh": 84.3, "fiftyDayAverage": 61.16515, "twoHundredDayAverage": 49.996323, "trailingAnnualDividendRate": 0.5, "trailingAnnualDividendYield": 0.0063211126, "currency": "INR", "fromCurrency": null, "lastMarket": null, "algorithm": null, "tradeable": false}, "sectorTrend": {"maxAge": 1, "symbol": null, "estimates": []}, "incomeStatementHistoryQuarterly": {"incomeStatementHistory": [{"maxAge": 1, "endDate": "2020-06-30", "totalRevenue": 1985000000, "costOfRevenue": 1455200000, "grossProfit": 529800000, "researchDevelopment": {}, "sellingGeneralAdministrative": 149400000, "nonRecurring": {}, "otherOperatingExpenses": 314900000, "totalOperatingExpenses": 2090000000, "operatingIncome": -105000000, "totalOtherIncomeExpenseNet": -52500000, "ebit": -105000000, "interestExpense": -64200000, "incomeBeforeTax": -157500000, "incomeTaxExpense": 0, "minorityInterest": {}, "netIncomeFromContinuingOps": -157500000, "discontinuedOperations": {}, "extraordinaryItems": {}, "effectOfAccountingCharges": {}, "otherItems": {}, "netIncome": -157500000, "netIncomeApplicableToCommonShares": -157500000}, {"maxAge": 1, "endDate": "2020-03-31", "totalRevenue": 3685200000, "costOfRevenue": 5382000000, "grossProfit": -1696800000, "researchDevelopment": {}, "sellingGeneralAdministrative": 257000000, "nonRecurring": {}, "otherOperatingExpenses": -2480300000, "totalOperatingExpenses": 3299200000, "operatingIncome": 386000000, "totalOtherIncomeExpenseNet": -101400000, "ebit": 386000000, "interestExpense": -64200000, "incomeBeforeTax": 284600000, "incomeTaxExpense": -155800000, "minorityInterest": 14600000, "netIncomeFromContinuingOps": 440400000, "discontinuedOperations": {}, "extraordinaryItems": {}, "effectOfAccountingCharges": {}, "otherItems": {}, "netIncome": 440300000, "netIncomeApplicableToCommonShares": 440300000}, {"maxAge": 1, "endDate": "2019-12-31", "totalRevenue": 4365600000, "costOfRevenue": 2551900000, "grossProfit": 1813700000, "researchDevelopment": {}, "sellingGeneralAdministrative": 232100000, "nonRecurring": {}, "otherOperatingExpenses": 1080900000, "totalOperatingExpenses": 3985400000, "operatingIncome": 380200000, "totalOtherIncomeExpenseNet": -72400000, "ebit": 380200000, "interestExpense": -113200000, "incomeBeforeTax": 307800000, "incomeTaxExpense": 75600000, "minorityInterest": 14600000, "netIncomeFromContinuingOps": 232200000, "discontinuedOperations": {}, "extraordinaryItems": {}, "effectOfAccountingCharges": {}, "otherItems": {}, "netIncome": 232100000, "netIncomeApplicableToCommonShares": 232100000}, {"maxAge": 1, "endDate": "2019-09-30", "totalRevenue": 4669300000, "costOfRevenue": 2759800000, "grossProfit": 1909500000, "researchDevelopment": {}, "sellingGeneralAdministrative": 245100000, "nonRecurring": {}, "otherOperatingExpenses": 1215500000, "totalOperatingExpenses": 4320900000, "operatingIncome": 348400000, "totalOtherIncomeExpenseNet": -71400000, "ebit": 348400000, "interestExpense": -96800000, "incomeBeforeTax": 277000000, "incomeTaxExpense": 68200000, "minorityInterest": 14700000, "netIncomeFromContinuingOps": 208800000, "discontinuedOperations": {}, "extraordinaryItems": {}, "effectOfAccountingCharges": {}, "otherItems": {}, "netIncome": 208800000, "netIncomeApplicableToCommonShares": 208800000}], "maxAge": 86400}, "cashflowStatementHistoryQuarterly": {"cashflowStatements": [{"maxAge": 1, "endDate": "2020-06-30", "netIncome": -157500000, "changeToLiabilities": 0}, {"maxAge": 1, "endDate": "2020-03-31", "netIncome": 440300000, "changeToLiabilities": 0}, {"maxAge": 1, "endDate": "2019-12-31", "netIncome": 232100000, "changeToLiabilities": 0}, {"maxAge": 1, "endDate": "2019-09-30", "netIncome": 208800000, "changeToLiabilities": 0}], "maxAge": 86400}, "insiderHolders": {"holders": [{"maxAge": 1, "name": "Agarawal (Chhavi)", "relation": "UNREPORTED", "url": "", "transactionDescription": "Sale", "latestTransDate": "2019-06-29", "positionDirect": 34755, "positionDirectDate": "2019-06-29"}, {"maxAge": 1, "name": "Bhardwaj (Ravi Bhushan)", "relation": "Non Executive Vice Chairman", "url": "", "transactionDescription": "Sale", "latestTransDate": "2016-12-28", "positionDirect": 0, "positionDirectDate": "2016-12-28"}, {"maxAge": 1, "name": "Bhardwaj (Veena Ravi Bhushan)", "relation": "UNREPORTED", "url": "", "transactionDescription": "Acquisition", "latestTransDate": "2020-08-18", "positionDirect": 3590281, "positionDirectDate": "2020-08-18"}, {"maxAge": 1, "name": "Daido Steel Co., Ltd.", "relation": "Institution- Corporation", "url": "", "transactionDescription": "Other", "latestTransDate": "2014-09-11", "positionDirect": 18021945, "positionDirectDate": "2014-09-11"}, {"maxAge": 1, "name": "Dhawan (Charanjiv)", "relation": "UNREPORTED", "url": "", "transactionDescription": "Sale", "latestTransDate": "2020-08-25", "positionDirect": 119397, "positionDirectDate": "2020-08-25"}, {"maxAge": 1, "name": "Gupta (Surendra Kumar)", "relation": "Chief Executive Officer", "url": "", "transactionDescription": "Sale", "latestTransDate": "2015-03-30", "positionDirect": 0, "positionDirectDate": "2015-03-30"}, {"maxAge": 1, "name": "Muralidhar (CA R)", "relation": "UNREPORTED", "url": "", "transactionDescription": "Sale", "latestTransDate": "2016-09-26", "positionDirect": 0, "positionDirectDate": "2016-09-26"}, {"maxAge": 1, "name": "Sanghavi (Bhavini D)", "relation": "UNREPORTED", "url": "", "transactionDescription": "Acquisition", "latestTransDate": "2014-02-17", "positionDirect": 637645, "positionDirectDate": "2014-02-17"}, {"maxAge": 1, "name": "Sanghavi (Dhirendra B)", "relation": "UNREPORTED", "url": "", "transactionDescription": "Acquisition", "latestTransDate": "2014-08-19", "positionDirect": 3187714, "positionDirectDate": "2014-08-19"}, {"maxAge": 1, "name": "Supra Corporation Ltd", "relation": "Promoter", "url": "", "transactionDescription": "Acquisition", "latestTransDate": "2019-01-31", "positionDirect": 8521425, "positionDirectDate": "2019-01-31"}], "maxAge": 1}, "earnings": {"maxAge": 86400, "earningsChart": {"quarterly": [{"date": "4Q2017", "actual": 2.27, "estimate": 1.04}, {"date": "2Q2018", "actual": 2.25, "estimate": 2.4}], "currentQuarterEstimateDate": "3Q", "currentQuarterEstimateYear": 2018, "earningsDate": ["2020-11-12 05:30:S", "2020-11-19 05:30:S"]}, "financialsChart": {"yearly": [{"date": 2017, "revenue": 15166700000, "earnings": 652300000}, {"date": 2018, "revenue": 20744400000, "earnings": 1286400000}, {"date": 2019, "revenue": 21860000000, "earnings": 1102700000}, {"date": 2020, "revenue": 17581200000, "earnings": 920500000}], "quarterly": [{"date": "3Q2019", "revenue": 4669300000, "earnings": 208800000}, {"date": "4Q2019", "revenue": 4365600000, "earnings": 232100000}, {"date": "1Q2020", "revenue": 3685200000, "earnings": 440300000}, {"date": "2Q2020", "revenue": 1985000000, "earnings": -157500000}]}, "financialCurrency": "INR"}, "calendarEvents": {"maxAge": 1, "earnings": {"earningsDate": ["2020-11-12 05:30:S", "2020-11-19 05:30:S"], "revenueAverage": 6140800000}}, "upgradeDowngradeHistory": {"history": [], "maxAge": 86400}, "price": {"maxAge": 1, "regularMarketChangePercent": 0.011378023, "regularMarketChange": 0.9000015, "regularMarketTime": "2021-04-30 15:44:25", "priceHint": 2, "regularMarketPrice": 80.0, "regularMarketDayHigh": 84.3, "regularMarketDayLow": 77.2, "regularMarketVolume": 476251, "averageDailyVolume10Day": 25538, "averageDailyVolume3Month": 96866, "regularMarketPreviousClose": 79.1, "regularMarketSource": "FREE_REALTIME", "regularMarketOpen": 79.2, "exchange": "BSE", "exchangeName": "BSE", "exchangeDataDelayedBy": 0, "marketState": "CLOSED", "quoteType": "EQUITY", "symbol": "SUNFLAG.BO", "underlyingSymbol": null, "shortName": "SUNFLAG IRON & STEEL CO.LTD.", "longName": "Sunflag Iron and Steel Company Limited", "currency": "INR", "quoteSourceName": "Delayed Quote", "currencySymbol": "\u20b9", "fromCurrency": null, "lastMarket": null, "marketCap": 14417520640}, "balanceSheetHistory": {"balanceSheetStatements": [{"maxAge": 1, "endDate": "2020-03-31", "cash": 64100000, "shortTermInvestments": 200000, "netReceivables": 2139700000, "inventory": 5627700000, "otherCurrentAssets": 1442000000, "totalCurrentAssets": 9326300000, "longTermInvestments": 107500000, "propertyPlantEquipment": 13791200000, "otherAssets": 764000000, "totalAssets": 23989000000, "accountsPayable": 3146900000, "shortLongTermDebt": 595900000, "otherCurrentLiab": 521400000, "longTermDebt": 1235800000, "otherLiab": 2311000000, "minorityInterest": 14600000, "totalCurrentLiabilities": 5975500000, "totalLiab": 10122300000, "commonStock": 1802200000, "retainedEarnings": 7988900000, "treasuryStock": 3682500000, "capitalSurplus": 378500000, "otherStockholderEquity": 3682500000, "totalStockholderEquity": 13852100000, "netTangibleAssets": 13852100000}, {"maxAge": 1, "endDate": "2019-03-31", "cash": 18400000, "shortTermInvestments": 200000, "netReceivables": 2885700000, "inventory": 5521700000, "otherCurrentAssets": 1292300000, "totalCurrentAssets": 9762300000, "longTermInvestments": 115500000, "propertyPlantEquipment": 7382900000, "otherAssets": 427400000, "totalAssets": 17688100000, "accountsPayable": 2672100000, "shortLongTermDebt": 336000000, "otherCurrentLiab": 526300000, "longTermDebt": 546800000, "otherLiab": 1286400000, "minorityInterest": 14600000, "totalCurrentLiabilities": 6438900000, "totalLiab": 8272100000, "commonStock": 1802200000, "retainedEarnings": 7182500000, "treasuryStock": 38200000, "capitalSurplus": 378500000, "otherStockholderEquity": 38200000, "totalStockholderEquity": 9401400000, "netTangibleAssets": 9401400000}, {"maxAge": 1, "endDate": "2018-03-31", "cash": 49900000, "shortTermInvestments": 38600000, "netReceivables": 3038100000, "inventory": 4328300000, "otherCurrentAssets": 1068100000, "totalCurrentAssets": 8549800000, "longTermInvestments": 91100000, "propertyPlantEquipment": 6447300000, "otherAssets": 575500000, "totalAssets": 15663700000, "accountsPayable": 1891900000, "shortLongTermDebt": 332000000, "otherCurrentLiab": 440600000, "longTermDebt": 870000000, "otherLiab": 1212400000, "minorityInterest": 14600000, "totalCurrentLiabilities": 5197600000, "totalLiab": 7280000000, "commonStock": 1802200000, "retainedEarnings": 6165700000, "treasuryStock": 22700000, "capitalSurplus": 378500000, "otherStockholderEquity": 22700000, "totalStockholderEquity": 8369100000, "netTangibleAssets": 8369100000}, {"maxAge": 1, "endDate": "2017-03-31", "cash": 42900000, "shortTermInvestments": 200000, "netReceivables": 2494900000, "inventory": 3914400000, "otherCurrentAssets": 1167400000, "totalCurrentAssets": 7652600000, "longTermInvestments": 91400000, "propertyPlantEquipment": 5811600000, "otherAssets": 252800000, "totalAssets": 13808400000, "accountsPayable": 1405300000, "shortLongTermDebt": 169700000, "otherCurrentLiab": 262800000, "longTermDebt": 477500000, "otherLiab": 1079000000, "minorityInterest": 14600000, "totalCurrentLiabilities": 5147800000, "totalLiab": 6704300000, "commonStock": 1802200000, "retainedEarnings": 4901400000, "treasuryStock": 7400000, "capitalSurplus": 378500000, "otherStockholderEquity": 7400000, "totalStockholderEquity": 7089500000, "netTangibleAssets": 7089500000}], "maxAge": 86400}, "earningsTrend": {"trend": [{"maxAge": 1, "period": "0q", "endDate": "2018-09-30", "growth": {}, "earningsEstimate": {"avg": 0.0, "low": 0.0, "high": 0.0, "yearAgoEps": {}, "numberOfAnalysts": 0, "growth": {}}, "revenueEstimate": {"avg": 6140800000, "low": 0, "high": 0, "numberOfAnalysts": 0, "yearAgoRevenue": 5349700000, "growth": 0.148}, "epsTrend": {"current": 0.0, "7daysAgo": 0.0, "30daysAgo": 0.0, "60daysAgo": 0.0, "90daysAgo": 0.0}, "epsRevisions": {"upLast7days": 0, "upLast30days": 0, "downLast30days": 0, "downLast90days": {}}}, {"maxAge": 1, "period": "+1q", "endDate": "2018-12-31", "growth": {}, "earningsEstimate": {"avg": 0.0, "low": 0.0, "high": 0.0, "yearAgoEps": {}, "numberOfAnalysts": 0, "growth": {}}, "revenueEstimate": {"avg": 0, "low": 0, "high": 0, "numberOfAnalysts": 0, "yearAgoRevenue": {}, "growth": {}}, "epsTrend": {"current": 0.0, "7daysAgo": 0.0, "30daysAgo": 0.0, "60daysAgo": 0.0, "90daysAgo": 0.0}, "epsRevisions": {"upLast7days": 0, "upLast30days": 0, "downLast30days": 0, "downLast90days": {}}}, {"maxAge": 1, "period": "0y", "endDate": "2019-03-31", "growth": {}, "earningsEstimate": {"avg": 0.0, "low": 0.0, "high": 0.0, "yearAgoEps": {}, "numberOfAnalysts": 0, "growth": {}}, "revenueEstimate": {"avg": 23634000000, "low": 23634000000, "high": 23634000000, "numberOfAnalysts": 1, "yearAgoRevenue": 20744400000, "growth": 0.139}, "epsTrend": {"current": 0.0, "7daysAgo": 9.94, "30daysAgo": 9.94, "60daysAgo": 9.94, "90daysAgo": 9.94}, "epsRevisions": {"upLast7days": 0, "upLast30days": 0, "downLast30days": 0, "downLast90days": {}}}, {"maxAge": 1, "period": "+1y", "endDate": "2020-03-31", "growth": {}, "earningsEstimate": {"avg": 0.0, "low": 0.0, "high": 0.0, "yearAgoEps": {}, "numberOfAnalysts": 0, "growth": {}}, "revenueEstimate": {"avg": 26706400000, "low": 26706400000, "high": 26706400000, "numberOfAnalysts": 1, "yearAgoRevenue": 23634000000, "growth": 0.13}, "epsTrend": {"current": 0.0, "7daysAgo": 11.5, "30daysAgo": 11.5, "60daysAgo": 11.5, "90daysAgo": 11.5}, "epsRevisions": {"upLast7days": 0, "upLast30days": 0, "downLast30days": 0, "downLast90days": {}}}, {"maxAge": 1, "period": "+5y", "endDate": null, "growth": {}, "earningsEstimate": {"avg": {}, "low": {}, "high": {}, "yearAgoEps": {}, "numberOfAnalysts": {}, "growth": {}}, "revenueEstimate": {"avg": {}, "low": {}, "high": {}, "numberOfAnalysts": {}, "yearAgoRevenue": {}, "growth": {}}, "epsTrend": {"current": {}, "7daysAgo": {}, "30daysAgo": {}, "60daysAgo": {}, "90daysAgo": {}}, "epsRevisions": {"upLast7days": {}, "upLast30days": {}, "downLast30days": {}, "downLast90days": {}}}, {"maxAge": 1, "period": "-5y", "endDate": null, "growth": {}, "earningsEstimate": {"avg": {}, "low": {}, "high": {}, "yearAgoEps": {}, "numberOfAnalysts": {}, "growth": {}}, "revenueEstimate": {"avg": {}, "low": {}, "high": {}, "numberOfAnalysts": {}, "yearAgoRevenue": {}, "growth": {}}, "epsTrend": {"current": {}, "7daysAgo": {}, "30daysAgo": {}, "60daysAgo": {}, "90daysAgo": {}}, "epsRevisions": {"upLast7days": {}, "upLast30days": {}, "downLast30days": {}, "downLast90days": {}}}], "maxAge": 1}, "financialData": {"maxAge": 86400, "currentPrice": 80.0, "targetHighPrice": 33.0, "targetLowPrice": 33.0, "targetMeanPrice": 33.0, "targetMedianPrice": 33.0, "recommendationKey": "none", "numberOfAnalystOpinions": 1, "grossProfits": 3649800000, "financialCurrency": "INR"}}}