{"SUNILAGR.BO": {"cashflowStatementHistory": {"cashflowStatements": [{"maxAge": 1, "endDate": "2020-03-31", "netIncome": 4613689, "depreciation": 14731596, "changeToNetincome": 28627270, "changeToAccountReceivables": -6700605, "changeToLiabilities": 65791179, "changeToInventory": -26477337, "changeToOperatingActivities": 10695319, "totalCashFromOperatingActivities": 91281111, "capitalExpenditures": -23555164, "investments": -99862, "otherCashflowsFromInvestingActivities": 4098603, "totalCashflowsFromInvestingActivities": -23542901, "dividendsPaid": -1501450, "netBorrowings": -35532014, "otherCashflowsFromFinancingActivities": -27901310, "totalCashFromFinancingActivities": -64934774, "changeInCash": 2803436}, {"maxAge": 1, "endDate": "2019-03-31", "netIncome": 4724092, "depreciation": 16167944, "changeToNetincome": 21749695, "changeToAccountReceivables": 1185755, "changeToLiabilities": -6390999, "changeToInventory": -2269170, "changeToOperatingActivities": -19045495, "totalCashFromOperatingActivities": 16121822, "capitalExpenditures": -53650934, "investments": 4211754, "otherCashflowsFromInvestingActivities": 28186969, "totalCashflowsFromInvestingActivities": -20068745, "dividendsPaid": -1501450, "netBorrowings": 26540109, "otherCashflowsFromFinancingActivities": -23322666, "totalCashFromFinancingActivities": 1715993, "changeInCash": -2230930}, {"maxAge": 1, "endDate": "2018-03-31", "netIncome": 6642162, "depreciation": 11232176, "changeToNetincome": 25184614, "changeToAccountReceivables": -53036379, "changeToLiabilities": 10500766, "changeToInventory": 231570, "changeToOperatingActivities": 16614383, "totalCashFromOperatingActivities": 17369292, "capitalExpenditures": -29527993, "investments": 8941774, "otherCashflowsFromInvestingActivities": 9658303, "totalCashflowsFromInvestingActivities": -9062295, "dividendsPaid": -1501450, "netBorrowings": 18226677, "otherCashflowsFromFinancingActivities": -26154298, "totalCashFromFinancingActivities": -7927621, "changeInCash": 379376}, {"maxAge": 1, "endDate": "2017-03-31", "netIncome": 8362580, "depreciation": 12896193, "changeToNetincome": 21306859, "changeToAccountReceivables": 1359967, "changeToLiabilities": -23896246, "changeToInventory": -15099022, "changeToOperatingActivities": -11431988, "totalCashFromOperatingActivities": -6501657, "capitalExpenditures": -27164245, "investments": 2553817, "otherCashflowsFromInvestingActivities": 4071272, "totalCashflowsFromInvestingActivities": -20314156, "dividendsPaid": -3321, "netBorrowings": 5060256, "otherCashflowsFromFinancingActivities": 21460304, "totalCashFromFinancingActivities": 26517239, "changeInCash": -298574}], "maxAge": 86400}, "institutionOwnership": {"maxAge": 1, "ownershipList": []}, "balanceSheetHistoryQuarterly": {"balanceSheetStatements": [{"maxAge": 1, "endDate": "2020-06-30", "totalStockholderEquity": 131765597, "netTangibleAssets": 131765597}, {"maxAge": 1, "endDate": "2020-03-31", "cash": 3399435, "netReceivables": 156417878, "inventory": 143218929, "otherCurrentAssets": 7831498, "totalCurrentAssets": 310929169, "longTermInvestments": 655885, "propertyPlantEquipment": 169835325, "otherAssets": 17575300, "totalAssets": 498995679, "accountsPayable": 113247843, "shortLongTermDebt": 14110246, "otherCurrentLiab": 4327264, "longTermDebt": 110913766, "otherLiab": 15453017, "totalCurrentLiabilities": 240863299, "totalLiab": 367230082, "commonStock": 30029000, "retainedEarnings": 79903397, "capitalSurplus": 21833200, "totalStockholderEquity": 131765597, "netTangibleAssets": 131765597}, {"maxAge": 1, "endDate": "2019-12-31", "totalStockholderEquity": 130126000, "netTangibleAssets": 130126000}, {"maxAge": 1, "endDate": "2019-09-30", "cash": 3613000, "netReceivables": 179370000, "inventory": 148843000, "otherCurrentAssets": 30577000, "totalCurrentAssets": 362403000, "longTermInvestments": 671000, "propertyPlantEquipment": 169206000, "otherAssets": 10045000, "totalAssets": 542325000, "accountsPayable": 140237000, "otherCurrentLiab": 23926000, "longTermDebt": 85529000, "otherLiab": 13821000, "totalCurrentLiabilities": 312849000, "totalLiab": 412199000, "commonStock": 30029000, "treasuryStock": 100097000, "otherStockholderEquity": 100097000, "totalStockholderEquity": 130126000, "netTangibleAssets": 130126000}], "maxAge": 86400}, "indexTrend": {"maxAge": 1, "symbol": "SP5", "peRatio": 19.7411, "pegRatio": 1.34172, "estimates": [{"period": "0q", "growth": 0.549}, {"period": "+1q", "growth": 0.431}, {"period": "0y", "growth": 0.305}, {"period": "+1y", "growth": 0.109}, {"period": "+5y", "growth": 0.120859005}, {"period": "-5y"}]}, "insiderTransactions": {"transactions": [{"maxAge": 1, "shares": 387000, "filerUrl": "", "transactionText": "", "filerName": "Kumar (Pramod S)", "filerRelation": "Promoter", "moneyText": "", "startDate": "2015-03-24", "ownership": "D"}, {"maxAge": 1, "shares": 387000, "filerUrl": "", "transactionText": "", "filerName": "Shantilal (B)", "filerRelation": "Promoter", "moneyText": "", "startDate": "2015-03-24", "ownership": "D"}], "maxAge": 1}, "quoteType": {"exchange": "BSE", "quoteType": "EQUITY", "symbol": "SUNILAGR.BO", "underlyingSymbol": "SUNILAGR.BO", "shortName": "SUNIL AGRO FOODS LTD.", "longName": "Sunil Agro Foods Limited", "firstTradeDateEpochUtc": "2002-02-14 09:15:00", "timeZoneFullName": "Asia/Kolkata", "timeZoneShortName": "IST", "uuid": "037140b5-9e1f-3318-bf34-d68b84db8dc3", "messageBoardId": null, "gmtOffSetMilliseconds": 19800000, "maxAge": 1}, "incomeStatementHistory": {"incomeStatementHistory": [{"maxAge": 1, "endDate": "2020-03-31", "totalRevenue": 1392682481, "costOfRevenue": 1301273958, "grossProfit": 91408523, "researchDevelopment": {}, "sellingGeneralAdministrative": 26355291, "nonRecurring": {}, "otherOperatingExpenses": 25573294, "totalOperatingExpenses": 1367934139, "operatingIncome": 24748342, "totalOtherIncomeExpenseNet": -16903653, "ebit": 24748342, "interestExpense": -26378823, "incomeBeforeTax": 7844689, "incomeTaxExpense": 3231000, "minorityInterest": {}, "netIncomeFromContinuingOps": 4613689, "discontinuedOperations": {}, "extraordinaryItems": {}, "effectOfAccountingCharges": {}, "otherItems": {}, "netIncome": 4613689, "netIncomeApplicableToCommonShares": 4613689}, {"maxAge": 1, "endDate": "2019-03-31", "totalRevenue": 1349386258, "costOfRevenue": 1261249002, "grossProfit": 88137256, "researchDevelopment": {}, "sellingGeneralAdministrative": 26679670, "nonRecurring": {}, "otherOperatingExpenses": 26664657, "totalOperatingExpenses": 1330761273, "operatingIncome": 18624985, "totalOtherIncomeExpenseNet": -10186184, "ebit": 18624985, "interestExpense": -22276542, "incomeBeforeTax": 8438801, "incomeTaxExpense": 3714709, "minorityInterest": {}, "netIncomeFromContinuingOps": 4724092, "discontinuedOperations": {}, "extraordinaryItems": {}, "effectOfAccountingCharges": {}, "otherItems": {}, "netIncome": 4724092, "netIncomeApplicableToCommonShares": 4724092}, {"maxAge": 1, "endDate": "2018-03-31", "totalRevenue": 1421307329, "costOfRevenue": 1326317405, "grossProfit": 94989924, "researchDevelopment": {}, "sellingGeneralAdministrative": 31549838, "nonRecurring": {}, "otherOperatingExpenses": 23453877, "totalOperatingExpenses": 1392553296, "operatingIncome": 28754033, "totalOtherIncomeExpenseNet": -19717291, "ebit": 28754033, "interestExpense": -26880760, "incomeBeforeTax": 9036742, "incomeTaxExpense": 2394580, "minorityInterest": {}, "netIncomeFromContinuingOps": 6642162, "discontinuedOperations": {}, "extraordinaryItems": {}, "effectOfAccountingCharges": {}, "otherItems": {}, "netIncome": 6642162, "netIncomeApplicableToCommonShares": 6642162}, {"maxAge": 1, "endDate": "2017-03-31", "totalRevenue": 1327003014, "costOfRevenue": 1239679608, "grossProfit": 87323406, "researchDevelopment": {}, "sellingGeneralAdministrative": 22606407, "nonRecurring": {}, "otherOperatingExpenses": 24514189, "totalOperatingExpenses": 1299696397, "operatingIncome": 27306617, "totalOtherIncomeExpenseNet": -15616476, "ebit": 27306617, "interestExpense": -23233823, "incomeBeforeTax": 11690141, "incomeTaxExpense": 3327561, "minorityInterest": {}, "netIncomeFromContinuingOps": 8362580, "discontinuedOperations": {}, "extraordinaryItems": {}, "effectOfAccountingCharges": {}, "otherItems": {}, "netIncome": 8362580, "netIncomeApplicableToCommonShares": 8362580}], "maxAge": 86400}, "fundOwnership": {"maxAge": 1, "ownershipList": []}, "summaryDetail": {"maxAge": 1, "priceHint": 2, "previousClose": 36.0, "open": 37.55, "dayLow": 35.75, "dayHigh": 37.55, "regularMarketPreviousClose": 36.0, "regularMarketOpen": 37.55, "regularMarketDayLow": 35.75, "regularMarketDayHigh": 37.55, "trailingPE": 17.167383, "volume": 815, "regularMarketVolume": 815, "averageVolume": 268, "averageVolume10days": 420, "averageDailyVolume10Day": 420, "bid": 0.0, "ask": 37.45, "bidSize": 0, "askSize": 0, "marketCap": 108104400, "fiftyTwoWeekLow": 16.95, "fiftyTwoWeekHigh": 49.6, "fiftyDayAverage": 37.932858, "twoHundredDayAverage": 39.09124, "trailingAnnualDividendRate": 0.5, "trailingAnnualDividendYield": 0.013888889, "currency": "INR", "fromCurrency": null, "toCurrency": null, "lastMarket": null, "algorithm": null, "tradeable": false}, "incomeStatementHistoryQuarterly": {"incomeStatementHistory": [{"maxAge": 1, "endDate": "2020-06-30", "totalRevenue": 397510000, "costOfRevenue": 361174000, "grossProfit": 36336000, "researchDevelopment": {}, "sellingGeneralAdministrative": 5632000, "nonRecurring": {}, "otherOperatingExpenses": 18799000, "totalOperatingExpenses": 389550000, "operatingIncome": 7960000, "totalOtherIncomeExpenseNet": -4293000, "ebit": 7960000, "interestExpense": -5068000, "incomeBeforeTax": 3667000, "incomeTaxExpense": 607000, "minorityInterest": {}, "netIncomeFromContinuingOps": 3060000, "discontinuedOperations": {}, "extraordinaryItems": {}, "effectOfAccountingCharges": {}, "otherItems": {}, "netIncome": 3060000, "netIncomeApplicableToCommonShares": 3060000}, {"maxAge": 1, "endDate": "2020-03-31", "totalRevenue": 317126481, "costOfRevenue": 340959958, "grossProfit": -23833477, "researchDevelopment": {}, "sellingGeneralAdministrative": 7761291, "nonRecurring": {}, "otherOperatingExpenses": -41780706, "totalOperatingExpenses": 310791139, "operatingIncome": 6335342, "totalOtherIncomeExpenseNet": -5547653, "ebit": 6335342, "interestExpense": -7931823, "incomeBeforeTax": 787689, "incomeTaxExpense": 280000, "minorityInterest": {}, "netIncomeFromContinuingOps": 507689, "discontinuedOperations": {}, "extraordinaryItems": {}, "effectOfAccountingCharges": {}, "otherItems": {}, "netIncome": 507689, "netIncomeApplicableToCommonShares": 507689}, {"maxAge": 1, "endDate": "2019-12-31", "totalRevenue": 357747000, "costOfRevenue": 323745000, "grossProfit": 34002000, "researchDevelopment": {}, "sellingGeneralAdministrative": 5727000, "nonRecurring": {}, "otherOperatingExpenses": 21204000, "totalOperatingExpenses": 352672000, "operatingIncome": 5075000, "totalOtherIncomeExpenseNet": -2976000, "ebit": 5075000, "interestExpense": -6370000, "incomeBeforeTax": 2099000, "incomeTaxExpense": 635000, "minorityInterest": {}, "netIncomeFromContinuingOps": 1464000, "discontinuedOperations": {}, "extraordinaryItems": {}, "effectOfAccountingCharges": {}, "otherItems": {}, "netIncome": 1464000, "netIncomeApplicableToCommonShares": 1464000}, {"maxAge": 1, "endDate": "2019-09-30", "totalRevenue": 387086000, "costOfRevenue": 344538000, "grossProfit": 42548000, "researchDevelopment": {}, "sellingGeneralAdministrative": 6368000, "nonRecurring": {}, "otherOperatingExpenses": 25050000, "totalOperatingExpenses": 380420000, "operatingIncome": 6666000, "totalOtherIncomeExpenseNet": -5506000, "ebit": 6666000, "interestExpense": -6415000, "incomeBeforeTax": 1160000, "incomeTaxExpense": -104000, "minorityInterest": {}, "netIncomeFromContinuingOps": 1264000, "discontinuedOperations": {}, "extraordinaryItems": {}, "effectOfAccountingCharges": {}, "otherItems": {}, "netIncome": 1264000, "netIncomeApplicableToCommonShares": 1264000}], "maxAge": 86400}, "cashflowStatementHistoryQuarterly": {"cashflowStatements": [{"maxAge": 1, "endDate": "2020-06-30", "netIncome": 3060000, "changeToLiabilities": 0}, {"maxAge": 1, "endDate": "2020-03-31", "netIncome": 507689, "changeToLiabilities": 0}, {"maxAge": 1, "endDate": "2019-12-31", "netIncome": 1464000, "changeToLiabilities": 0}, {"maxAge": 1, "endDate": "2019-09-30", "netIncome": 1264000, "changeToLiabilities": 0}], "maxAge": 86400}, "insiderHolders": {"holders": [{"maxAge": 1, "name": "Kumar (Pramod S)", "relation": "Promoter", "url": "", "transactionDescription": "Gift", "latestTransDate": "2015-03-24", "positionDirect": 2109776, "positionDirectDate": "2015-03-24"}, {"maxAge": 1, "name": "Shantilal (B)", "relation": "Promoter", "url": "", "transactionDescription": "Gift", "latestTransDate": "2015-03-24", "positionDirect": 600, "positionDirectDate": "2015-03-24"}], "maxAge": 1}, "calendarEvents": {"maxAge": 1, "earnings": {"earningsDate": []}}, "price": {"maxAge": 1, "regularMarketChangePercent": 0.0, "regularMarketChange": 0.0, "regularMarketTime": "2021-04-29 15:06:03", "priceHint": 2, "regularMarketPrice": 36.0, "regularMarketDayHigh": 37.55, "regularMarketDayLow": 35.75, "regularMarketVolume": 815, "averageDailyVolume10Day": 420, "averageDailyVolume3Month": 268, "regularMarketPreviousClose": 36.0, "regularMarketSource": "FREE_REALTIME", "regularMarketOpen": 37.55, "exchange": "BSE", "exchangeName": "BSE", "exchangeDataDelayedBy": 0, "marketState": "CLOSED", "quoteType": "EQUITY", "symbol": "SUNILAGR.BO", "underlyingSymbol": null, "shortName": "SUNIL AGRO FOODS LTD.", "longName": "Sunil Agro Foods Limited", "currency": "INR", "quoteSourceName": "Delayed Quote", "currencySymbol": "\u20b9", "fromCurrency": null, "toCurrency": null, "lastMarket": null, "marketCap": 108104400}, "balanceSheetHistory": {"balanceSheetStatements": [{"maxAge": 1, "endDate": "2020-03-31", "cash": 3399435, "netReceivables": 156417878, "inventory": 143218929, "otherCurrentAssets": 7831498, "totalCurrentAssets": 310929169, "longTermInvestments": 655885, "propertyPlantEquipment": 169835325, "otherAssets": 17575300, "totalAssets": 498995679, "accountsPayable": 113247843, "shortLongTermDebt": 14110246, "otherCurrentLiab": 4327264, "longTermDebt": 110913766, "otherLiab": 15453017, "totalCurrentLiabilities": 240863299, "totalLiab": 367230082, "commonStock": 30029000, "retainedEarnings": 79903397, "capitalSurplus": 21833200, "totalStockholderEquity": 131765597, "netTangibleAssets": 131765597}, {"maxAge": 1, "endDate": "2019-03-31", "cash": 595999, "netReceivables": 149501773, "inventory": 116741592, "otherCurrentAssets": 18201175, "totalCurrentAssets": 285760433, "longTermInvestments": 671350, "propertyPlantEquipment": 164818543, "otherAssets": 13460313, "totalAssets": 464710639, "accountsPayable": 47456664, "shortLongTermDebt": 5237290, "otherCurrentLiab": 5103337, "longTermDebt": 31851762, "otherLiab": 12417268, "totalCurrentLiabilities": 290998181, "totalLiab": 335267211, "commonStock": 30029000, "retainedEarnings": 77581228, "treasuryStock": 99414000, "capitalSurplus": 21833200, "otherStockholderEquity": 99414000, "totalStockholderEquity": 129443428, "netTangibleAssets": 129443428}, {"maxAge": 1, "endDate": "2018-03-31", "cash": 2826929, "netReceivables": 153972096, "inventory": 114472422, "otherCurrentAssets": 23326550, "totalCurrentAssets": 294864999, "longTermInvestments": 671350, "propertyPlantEquipment": 155852928, "otherAssets": 9904535, "totalAssets": 461293812, "accountsPayable": 53847663, "shortLongTermDebt": 11090255, "otherCurrentLiab": 28395357, "longTermDebt": 40448886, "otherLiab": 9748184, "totalCurrentLiabilities": 284392133, "totalLiab": 334589203, "commonStock": 30029000, "retainedEarnings": 74842409, "treasuryStock": -2384741, "capitalSurplus": 21833200, "otherStockholderEquity": -2384741, "totalStockholderEquity": 126704609, "netTangibleAssets": 126704609}, {"maxAge": 1, "endDate": "2017-03-31", "cash": 2447553, "netReceivables": 98997482, "inventory": 114703992, "otherCurrentAssets": 38195450, "totalCurrentAssets": 254578165, "longTermInvestments": 703306, "propertyPlantEquipment": 145348588, "otherAssets": 12231140, "totalAssets": 412861199, "accountsPayable": 43346897, "shortLongTermDebt": 43293773, "otherCurrentLiab": 13916253, "longTermDebt": 35019772, "otherLiab": 8025475, "totalCurrentLiabilities": 249543768, "totalLiab": 292589015, "commonStock": 30029000, "retainedEarnings": 70584988, "treasuryStock": -2175004, "capitalSurplus": 21833200, "otherStockholderEquity": -2175004, "totalStockholderEquity": 120272184, "netTangibleAssets": 120272184}], "maxAge": 86400}, "financialData": {"maxAge": 86400, "currentPrice": 36.0, "recommendationKey": "none", "grossProfits": 91408523, "financialCurrency": "INR"}}}