{"SUNLOC.BO": {"recommendationTrend": {"trend": [{"period": "0m", "strongBuy": 0, "buy": 0, "hold": 0, "sell": 0, "strongSell": 0}, {"period": "-1m", "strongBuy": 0, "buy": 0, "hold": 0, "sell": 0, "strongSell": 0}, {"period": "-2m", "strongBuy": 0, "buy": 0, "hold": 0, "sell": 0, "strongSell": 0}, {"period": "-3m", "strongBuy": 0, "buy": 0, "hold": 0, "sell": 0, "strongSell": 0}], "maxAge": 86400}, "cashflowStatementHistory": {"cashflowStatements": [{"maxAge": 1, "endDate": "2020-03-31", "netIncome": -49636000, "depreciation": 60756000, "changeToNetincome": 9908000, "changeToAccountReceivables": 104550000, "changeToLiabilities": -1307000, "changeToInventory": -81680000, "totalCashFromOperatingActivities": 43117000, "capitalExpenditures": -8148000, "investments": -21499000, "otherCashflowsFromInvestingActivities": 3216000, "totalCashflowsFromInvestingActivities": -25163000, "netBorrowings": -66639000, "otherCashflowsFromFinancingActivities": -65507000, "totalCashFromFinancingActivities": -15646000, "changeInCash": 2308000}, {"maxAge": 1, "endDate": "2019-03-31", "netIncome": -6916000, "depreciation": 56900000, "changeToNetincome": 61214000, "changeToAccountReceivables": 89154000, "changeToLiabilities": 11931000, "changeToInventory": -65447000, "totalCashFromOperatingActivities": 147339000, "capitalExpenditures": -55879000, "investments": 24352000, "otherCashflowsFromInvestingActivities": 2737000, "totalCashflowsFromInvestingActivities": -28037000, "netBorrowings": -50066000, "otherCashflowsFromFinancingActivities": -66280000, "totalCashFromFinancingActivities": -116346000, "changeInCash": 2956000}, {"maxAge": 1, "endDate": "2018-03-31", "netIncome": 44939000, "depreciation": 47357000, "changeToNetincome": 47559000, "changeToAccountReceivables": -116914000, "changeToLiabilities": 24846000, "changeToInventory": 6577000, "totalCashFromOperatingActivities": 54833000, "capitalExpenditures": -156144000, "investments": -1000000, "otherCashflowsFromInvestingActivities": -14666000, "totalCashflowsFromInvestingActivities": -171773000, "netBorrowings": 158974000, "otherCashflowsFromFinancingActivities": -48747000, "totalCashFromFinancingActivities": 110227000, "changeInCash": -6713000}, {"maxAge": 1, "endDate": "2017-03-31", "netIncome": 50300000, "depreciation": 42894000, "changeToNetincome": 58945000, "changeToAccountReceivables": -187118000, "changeToLiabilities": 118620000, "changeToInventory": 23819000, "totalCashFromOperatingActivities": 107909000, "capitalExpenditures": -133026000, "investments": -1000000, "otherCashflowsFromInvestingActivities": 884000, "totalCashflowsFromInvestingActivities": -128510000, "netBorrowings": 62572000, "otherCashflowsFromFinancingActivities": -40282000, "totalCashFromFinancingActivities": 22290000, "changeInCash": 1689000}], "maxAge": 86400}, "institutionOwnership": {"ownershipList": [], "maxAge": 1}, "balanceSheetHistoryQuarterly": {"balanceSheetStatements": [{"maxAge": 1, "endDate": "2020-06-30"}, {"maxAge": 1, "endDate": "2020-03-31", "cash": 13405000, "shortTermInvestments": 20006000, "netReceivables": 256227000, "inventory": 248586000, "otherCurrentAssets": 48711000, "totalCurrentAssets": 591208000, "longTermInvestments": 1082000, "propertyPlantEquipment": 697295000, "intangibleAssets": 2495000, "otherAssets": 10185000, "totalAssets": 1302265000, "accountsPayable": 225456000, "shortLongTermDebt": 49625000, "otherCurrentLiab": 19793000, "longTermDebt": 120291000, "otherLiab": 73348000, "totalCurrentLiabilities": 662643000, "totalLiab": 856282000, "commonStock": 102548000, "retainedEarnings": 314183000, "treasuryStock": 29252000, "otherStockholderEquity": 29252000, "totalStockholderEquity": 445983000, "netTangibleAssets": 443488000}, {"maxAge": 1, "endDate": "2019-12-31", "totalStockholderEquity": 450270000, "netTangibleAssets": 447469000}, {"maxAge": 1, "endDate": "2019-09-30", "cash": 87559000, "shortTermInvestments": 5110000, "netReceivables": 301925000, "inventory": 230862000, "otherCurrentAssets": 46014000, "totalCurrentAssets": 671470000, "longTermInvestments": 1070000, "propertyPlantEquipment": 682639000, "intangibleAssets": 2801000, "otherAssets": 9992000, "totalAssets": 1367972000, "accountsPayable": 242251000, "otherCurrentLiab": 105771000, "longTermDebt": 156698000, "otherLiab": 74057000, "totalCurrentLiabilities": 686947000, "totalLiab": 917702000, "commonStock": 102548000, "treasuryStock": 347722000, "otherStockholderEquity": 347722000, "totalStockholderEquity": 450270000, "netTangibleAssets": 447469000}], "maxAge": 86400}, "earningsHistory": {"history": [{"maxAge": 1, "epsActual": {}, "epsEstimate": {}, "epsDifference": {}, "surprisePercent": {}, "quarter": {}, "period": "-4q"}, {"maxAge": 1, "epsActual": {}, "epsEstimate": {}, "epsDifference": {}, "surprisePercent": {}, "quarter": {}, "period": "-3q"}, {"maxAge": 1, "epsActual": {}, "epsEstimate": {}, "epsDifference": {}, "surprisePercent": {}, "quarter": {}, "period": "-2q"}, {"maxAge": 1, "epsActual": {}, "epsEstimate": {}, "epsDifference": {}, "surprisePercent": {}, "quarter": {}, "period": "-1q"}], "maxAge": 86400}, "indexTrend": {"maxAge": 1, "symbol": "SP5", "peRatio": 19.7411, "pegRatio": 1.34172, "estimates": [{"period": "0q", "growth": 0.549}, {"period": "+1q", "growth": 0.431}, {"period": "0y", "growth": 0.305}, {"period": "+1y", "growth": 0.109}, {"period": "+5y", "growth": 0.120859005}, {"period": "-5y"}]}, "industryTrend": {"maxAge": 1, "symbol": null, "estimates": []}, "insiderTransactions": {"transactions": [{"maxAge": 1, "shares": 95700, "filerUrl": "", "transactionText": "", "filerName": "Khaitan (Anil Kumar)", "filerRelation": "Chairman of the Board", "moneyText": "", "startDate": "2014-07-12", "ownership": "D"}, {"maxAge": 1, "shares": 361350, "filerUrl": "", "transactionText": "", "filerName": "Khaitan (Anil Kumar)", "filerRelation": "Chairman of the Board", "moneyText": "", "startDate": "2014-06-23", "ownership": "D"}], "maxAge": 1}, "quoteType": {"exchange": "BSE", "quoteType": "EQUITY", "symbol": "SUNLOC.BO", "underlyingSymbol": "SUNLOC.BO", "shortName": "SUNIL HEALTHCARE LTD", "longName": "Sunil Healthcare Limited", "firstTradeDateEpochUtc": "2014-01-23 09:15:00", "timeZoneFullName": "Asia/Kolkata", "timeZoneShortName": "IST", "uuid": "5aee275f-c4da-3bb9-b231-0a7a20c47e73", "gmtOffSetMilliseconds": 19800000, "maxAge": 1}, "incomeStatementHistory": {"incomeStatementHistory": [{"maxAge": 1, "endDate": "2020-03-31", "totalRevenue": 700212000, "costOfRevenue": 307717000, "grossProfit": 392495000, "researchDevelopment": {}, "sellingGeneralAdministrative": 132955000, "nonRecurring": {}, "otherOperatingExpenses": 300230000, "totalOperatingExpenses": 802184000, "operatingIncome": -101972000, "totalOtherIncomeExpenseNet": 71976000, "ebit": -101972000, "interestExpense": -61741000, "incomeBeforeTax": -29996000, "incomeTaxExpense": -6340000, "minorityInterest": {}, "netIncomeFromContinuingOps": -23656000, "discontinuedOperations": -25980000, "extraordinaryItems": {}, "effectOfAccountingCharges": {}, "otherItems": {}, "netIncome": -49636000, "netIncomeApplicableToCommonShares": -49636000}, {"maxAge": 1, "endDate": "2019-03-31", "totalRevenue": 808800000, "costOfRevenue": 323297000, "grossProfit": 485503000, "researchDevelopment": {}, "sellingGeneralAdministrative": 125726000, "nonRecurring": {}, "otherOperatingExpenses": 245109000, "totalOperatingExpenses": 751535000, "operatingIncome": 57265000, "totalOtherIncomeExpenseNet": -65340000, "ebit": 57265000, "interestExpense": -57274000, "incomeBeforeTax": -8075000, "incomeTaxExpense": -1848000, "minorityInterest": {}, "netIncomeFromContinuingOps": -6227000, "discontinuedOperations": -689000, "extraordinaryItems": {}, "effectOfAccountingCharges": {}, "otherItems": {}, "netIncome": -6916000, "netIncomeApplicableToCommonShares": -6916000}, {"maxAge": 1, "endDate": "2018-03-31", "totalRevenue": 913349000, "costOfRevenue": 360369000, "grossProfit": 552980000, "researchDevelopment": {}, "sellingGeneralAdministrative": 125547000, "nonRecurring": {}, "otherOperatingExpenses": 288411000, "totalOperatingExpenses": 822152000, "operatingIncome": 91197000, "totalOtherIncomeExpenseNet": -28088000, "ebit": 91197000, "interestExpense": -44318000, "incomeBeforeTax": 63109000, "incomeTaxExpense": 18170000, "minorityInterest": {}, "netIncomeFromContinuingOps": 44939000, "discontinuedOperations": -689000, "extraordinaryItems": {}, "effectOfAccountingCharges": {}, "otherItems": {}, "netIncome": 44939000, "netIncomeApplicableToCommonShares": 44939000}, {"maxAge": 1, "endDate": "2017-03-31", "totalRevenue": 1084842000, "costOfRevenue": 514568000, "grossProfit": 570274000, "researchDevelopment": {}, "sellingGeneralAdministrative": 111692000, "nonRecurring": {}, "otherOperatingExpenses": 307054000, "totalOperatingExpenses": 976657000, "operatingIncome": 108185000, "totalOtherIncomeExpenseNet": -29303000, "ebit": 108185000, "interestExpense": -39756000, "incomeBeforeTax": 78882000, "incomeTaxExpense": 28582000, "minorityInterest": {}, "netIncomeFromContinuingOps": 50300000, "discontinuedOperations": -689000, "extraordinaryItems": {}, "effectOfAccountingCharges": {}, "otherItems": {}, "netIncome": 50300000, "netIncomeApplicableToCommonShares": 50300000}], "maxAge": 86400}, "fundOwnership": {"ownershipList": [], "maxAge": 1}, "summaryDetail": {"maxAge": 1, "priceHint": 2, "previousClose": 31.9, "open": 31.0, "dayLow": 30.0, "dayHigh": 31.95, "regularMarketPreviousClose": 31.9, "regularMarketOpen": 31.0, "regularMarketDayLow": 30.0, "regularMarketDayHigh": 31.95, "volume": 4513, "regularMarketVolume": 4513, "averageVolume": 765, "averageVolume10days": 788, "averageDailyVolume10Day": 788, "bid": 30.1, "ask": 31.4, "bidSize": 0, "askSize": 0, "marketCap": 322513472, "fiftyTwoWeekLow": 13.8, "fiftyTwoWeekHigh": 34.8, "fiftyDayAverage": 24.25909, "twoHundredDayAverage": 25.672426, "currency": "INR", "fromCurrency": null, "lastMarket": null, "algorithm": null, "tradeable": false}, "sectorTrend": {"maxAge": 1, "symbol": null, "estimates": []}, "incomeStatementHistoryQuarterly": {"incomeStatementHistory": [{"maxAge": 1, "endDate": "2020-06-30", "totalRevenue": 216340000, "costOfRevenue": 100118000, "grossProfit": 116222000, "researchDevelopment": {}, "sellingGeneralAdministrative": 30888000, "nonRecurring": {}, "otherOperatingExpenses": 58604000, "totalOperatingExpenses": 204775000, "operatingIncome": 11565000, "totalOtherIncomeExpenseNet": -13355000, "ebit": 11565000, "interestExpense": -14657000, "incomeBeforeTax": -1790000, "incomeTaxExpense": 207000, "minorityInterest": {}, "netIncomeFromContinuingOps": -1997000, "discontinuedOperations": {}, "extraordinaryItems": {}, "effectOfAccountingCharges": {}, "otherItems": {}, "netIncome": -1997000, "netIncomeApplicableToCommonShares": -1997000}, {"maxAge": 1, "endDate": "2020-03-31", "totalRevenue": 160802000, "costOfRevenue": 88829000, "grossProfit": 71973000, "researchDevelopment": {}, "sellingGeneralAdministrative": 37749000, "nonRecurring": {}, "otherOperatingExpenses": 25900000, "totalOperatingExpenses": 168886000, "operatingIncome": -8084000, "totalOtherIncomeExpenseNet": -4617000, "ebit": -8084000, "interestExpense": -9326000, "incomeBeforeTax": -12701000, "incomeTaxExpense": -6497000, "minorityInterest": {}, "netIncomeFromContinuingOps": -6204000, "discontinuedOperations": -26634000, "extraordinaryItems": {}, "effectOfAccountingCharges": {}, "otherItems": {}, "netIncome": -32838000, "netIncomeApplicableToCommonShares": -32838000}, {"maxAge": 1, "endDate": "2019-12-31", "totalRevenue": 190578000, "costOfRevenue": 83888000, "grossProfit": 106690000, "researchDevelopment": {}, "sellingGeneralAdministrative": 31984000, "nonRecurring": {}, "otherOperatingExpenses": 50129000, "totalOperatingExpenses": 181424000, "operatingIncome": 9154000, "totalOtherIncomeExpenseNet": -8336000, "ebit": 9154000, "interestExpense": -16759000, "incomeBeforeTax": 818000, "incomeTaxExpense": 64000, "minorityInterest": {}, "netIncomeFromContinuingOps": 754000, "discontinuedOperations": -26634000, "extraordinaryItems": {}, "effectOfAccountingCharges": {}, "otherItems": {}, "netIncome": 754000, "netIncomeApplicableToCommonShares": 754000}, {"maxAge": 1, "endDate": "2019-09-30", "totalRevenue": 167094000, "costOfRevenue": 74785000, "grossProfit": 92309000, "researchDevelopment": {}, "sellingGeneralAdministrative": 31608000, "nonRecurring": {}, "otherOperatingExpenses": 157992000, "totalOperatingExpenses": 279176000, "operatingIncome": -112082000, "totalOtherIncomeExpenseNet": 101235000, "ebit": -112082000, "interestExpense": -18142000, "incomeBeforeTax": -10847000, "incomeTaxExpense": 93000, "minorityInterest": {}, "netIncomeFromContinuingOps": -10940000, "discontinuedOperations": 763000, "extraordinaryItems": {}, "effectOfAccountingCharges": {}, "otherItems": {}, "netIncome": -10177000, "netIncomeApplicableToCommonShares": -10177000}], "maxAge": 86400}, "cashflowStatementHistoryQuarterly": {"cashflowStatements": [{"maxAge": 1, "endDate": "2020-06-30", "netIncome": -1997000, "changeToLiabilities": 0}, {"maxAge": 1, "endDate": "2020-03-31", "netIncome": -32838000, "changeToLiabilities": 0}, {"maxAge": 1, "endDate": "2019-12-31", "netIncome": 754000, "changeToLiabilities": 0}, {"maxAge": 1, "endDate": "2019-09-30", "netIncome": -10177000, "changeToLiabilities": 0}], "maxAge": 86400}, "insiderHolders": {"holders": [{"maxAge": 1, "name": "Khaitan (Anil Kumar)", "relation": "Chairman of the Board", "url": "", "transactionDescription": "Purchase", "latestTransDate": "2014-07-12", "positionDirect": 5942494, "positionDirectDate": "2014-07-12"}], "maxAge": 1}, "earnings": {"maxAge": 86400, "earningsChart": {"quarterly": [], "earningsDate": ["2020-07-25 05:30:S"]}, "financialsChart": {"yearly": [{"date": 2017, "revenue": 1084842000, "earnings": 50300000}, {"date": 2018, "revenue": 913349000, "earnings": 44939000}, {"date": 2019, "revenue": 808800000, "earnings": -6916000}, {"date": 2020, "revenue": 700212000, "earnings": -49636000}], "quarterly": [{"date": "3Q2019", "revenue": 167094000, "earnings": -10177000}, {"date": "4Q2019", "revenue": 190578000, "earnings": 754000}, {"date": "1Q2020", "revenue": 160802000, "earnings": -32838000}, {"date": "2Q2020", "revenue": 216340000, "earnings": -1997000}]}, "financialCurrency": "INR"}, "calendarEvents": {"maxAge": 1, "earnings": {"earningsDate": ["2020-07-25 05:30:S"], "revenueLow": 284090000, "revenueHigh": 284090000}}, "upgradeDowngradeHistory": {"history": [], "maxAge": 86400}, "price": {"maxAge": 1, "regularMarketChangePercent": -0.014106547, "regularMarketChange": -0.44999886, "regularMarketTime": "2021-04-30 15:02:31", "priceHint": 2, "regularMarketPrice": 31.45, "regularMarketDayHigh": 31.95, "regularMarketDayLow": 30.0, "regularMarketVolume": 4513, "averageDailyVolume10Day": 788, "averageDailyVolume3Month": 765, "regularMarketPreviousClose": 31.9, "regularMarketSource": "FREE_REALTIME", "regularMarketOpen": 31.0, "exchange": "BSE", "exchangeName": "BSE", "exchangeDataDelayedBy": 0, "marketState": "CLOSED", "quoteType": "EQUITY", "symbol": "SUNLOC.BO", "underlyingSymbol": null, "shortName": "SUNIL HEALTHCARE LTD", "longName": "Sunil Healthcare Limited", "currency": "INR", "quoteSourceName": "Delayed Quote", "currencySymbol": "\u20b9", "fromCurrency": null, "lastMarket": null, "marketCap": 322513472}, "balanceSheetHistory": {"balanceSheetStatements": [{"maxAge": 1, "endDate": "2020-03-31", "cash": 13405000, "shortTermInvestments": 20006000, "netReceivables": 256227000, "inventory": 248586000, "otherCurrentAssets": 48711000, "totalCurrentAssets": 591208000, "longTermInvestments": 1082000, "propertyPlantEquipment": 697295000, "intangibleAssets": 2495000, "otherAssets": 10185000, "totalAssets": 1302265000, "accountsPayable": 225456000, "shortLongTermDebt": 49625000, "otherCurrentLiab": 19793000, "longTermDebt": 120291000, "otherLiab": 73348000, "totalCurrentLiabilities": 662643000, "totalLiab": 856282000, "commonStock": 102548000, "retainedEarnings": 314183000, "treasuryStock": 29252000, "otherStockholderEquity": 29252000, "totalStockholderEquity": 445983000, "netTangibleAssets": 443488000}, {"maxAge": 1, "endDate": "2019-03-31", "cash": 11097000, "shortTermInvestments": 6000, "netReceivables": 417156000, "inventory": 166027000, "otherCurrentAssets": 56372000, "totalCurrentAssets": 654714000, "longTermInvestments": 1051000, "propertyPlantEquipment": 709741000, "intangibleAssets": 3226000, "otherAssets": 8562000, "totalAssets": 1377294000, "accountsPayable": 229100000, "shortLongTermDebt": 62228000, "otherCurrentLiab": 18973000, "longTermDebt": 96974000, "otherLiab": 71976000, "totalCurrentLiabilities": 740629000, "totalLiab": 909579000, "commonStock": 102548000, "retainedEarnings": 366859000, "treasuryStock": -1692000, "otherStockholderEquity": -1692000, "totalStockholderEquity": 467715000, "netTangibleAssets": 464489000}, {"maxAge": 1, "endDate": "2018-03-31", "cash": 8141000, "shortTermInvestments": 6000, "netReceivables": 503523000, "inventory": 101260000, "otherCurrentAssets": 75194000, "totalCurrentAssets": 691432000, "longTermInvestments": 1000000, "propertyPlantEquipment": 708289000, "intangibleAssets": 2796000, "otherAssets": 18506000, "totalAssets": 1422023000, "accountsPayable": 179658000, "shortLongTermDebt": 37446000, "otherCurrentLiab": 20541000, "longTermDebt": 182972000, "otherLiab": 80486000, "totalCurrentLiabilities": 684232000, "totalLiab": 947690000, "commonStock": 102548000, "retainedEarnings": 373776000, "treasuryStock": -1991000, "otherStockholderEquity": -1991000, "totalStockholderEquity": 474333000, "netTangibleAssets": 471537000}, {"maxAge": 1, "endDate": "2017-03-31", "cash": 14854000, "shortTermInvestments": 6000, "netReceivables": 400963000, "inventory": 107837000, "otherCurrentAssets": 42842000, "totalCurrentAssets": 569361000, "propertyPlantEquipment": 595126000, "intangibleAssets": 3317000, "otherAssets": 20556000, "totalAssets": 1188360000, "accountsPayable": 196743000, "shortLongTermDebt": 41790000, "otherCurrentLiab": 23519000, "longTermDebt": 127783000, "otherLiab": 66682000, "totalCurrentLiabilities": 564811000, "totalLiab": 759276000, "commonStock": 102548000, "retainedEarnings": 328837000, "treasuryStock": -2301000, "otherStockholderEquity": -2301000, "totalStockholderEquity": 429084000, "netTangibleAssets": 425767000}], "maxAge": 86400}, "earningsTrend": {"trend": [{"maxAge": 1, "period": "0q", "endDate": "2017-03-31", "growth": {}, "earningsEstimate": {"avg": 0.0, "low": 0.0, "high": 0.0, "yearAgoEps": {}, "numberOfAnalysts": 0, "growth": {}}, "revenueEstimate": {"avg": 0, "low": 284090000, "high": 284090000, "numberOfAnalysts": 1, "yearAgoRevenue": {}, "growth": {}}, "epsTrend": {"current": 0.0, "7daysAgo": 1.72, "30daysAgo": 1.72, "60daysAgo": 1.72, "90daysAgo": 1.72}, "epsRevisions": {"upLast7days": 0, "upLast30days": 0, "downLast30days": 0, "downLast90days": {}}}, {"maxAge": 1, "period": "+1q", "endDate": "2017-06-30", "growth": {}, "earningsEstimate": {"avg": 0.0, "low": 0.0, "high": 0.0, "yearAgoEps": {}, "numberOfAnalysts": 0, "growth": {}}, "revenueEstimate": {"avg": 0, "low": 0, "high": 0, "numberOfAnalysts": 0, "yearAgoRevenue": {}, "growth": {}}, "epsTrend": {"current": 0.0, "7daysAgo": 0.0, "30daysAgo": 0.0, "60daysAgo": 0.0, "90daysAgo": 0.0}, "epsRevisions": {"upLast7days": 0, "upLast30days": 0, "downLast30days": 0, "downLast90days": {}}}, {"maxAge": 1, "period": "0y", "endDate": "2017-03-31", "growth": {}, "earningsEstimate": {"avg": 0.0, "low": 0.0, "high": 0.0, "yearAgoEps": {}, "numberOfAnalysts": 0, "growth": {}}, "revenueEstimate": {"avg": 1016310000, "low": 1054630000, "high": 1054630000, "numberOfAnalysts": 1, "yearAgoRevenue": {}, "growth": {}}, "epsTrend": {"current": 0.0, "7daysAgo": 6.52, "30daysAgo": 6.52, "60daysAgo": 6.52, "90daysAgo": 6.52}, "epsRevisions": {"upLast7days": 0, "upLast30days": 0, "downLast30days": 0, "downLast90days": {}}}, {"maxAge": 1, "period": "+1y", "endDate": "2018-03-31", "growth": {}, "earningsEstimate": {"avg": 0.0, "low": 0.0, "high": 0.0, "yearAgoEps": {}, "numberOfAnalysts": 0, "growth": {}}, "revenueEstimate": {"avg": 1181180000, "low": 1181180000, "high": 1181180000, "numberOfAnalysts": 1, "yearAgoRevenue": 1016310000, "growth": 0.162}, "epsTrend": {"current": 0.0, "7daysAgo": 7.85, "30daysAgo": 7.85, "60daysAgo": 7.85, "90daysAgo": 7.85}, "epsRevisions": {"upLast7days": 0, "upLast30days": 0, "downLast30days": 0, "downLast90days": {}}}, {"maxAge": 1, "period": "+5y", "endDate": null, "growth": {}, "earningsEstimate": {"avg": {}, "low": {}, "high": {}, "yearAgoEps": {}, "numberOfAnalysts": {}, "growth": {}}, "revenueEstimate": {"avg": {}, "low": {}, "high": {}, "numberOfAnalysts": {}, "yearAgoRevenue": {}, "growth": {}}, "epsTrend": {"current": {}, "7daysAgo": {}, "30daysAgo": {}, "60daysAgo": {}, "90daysAgo": {}}, "epsRevisions": {"upLast7days": {}, "upLast30days": {}, "downLast30days": {}, "downLast90days": {}}}, {"maxAge": 1, "period": "-5y", "endDate": null, "growth": {}, "earningsEstimate": {"avg": {}, "low": {}, "high": {}, "yearAgoEps": {}, "numberOfAnalysts": {}, "growth": {}}, "revenueEstimate": {"avg": {}, "low": {}, "high": {}, "numberOfAnalysts": {}, "yearAgoRevenue": {}, "growth": {}}, "epsTrend": {"current": {}, "7daysAgo": {}, "30daysAgo": {}, "60daysAgo": {}, "90daysAgo": {}}, "epsRevisions": {"upLast7days": {}, "upLast30days": {}, "downLast30days": {}, "downLast90days": {}}}], "maxAge": 1}, "financialData": {"maxAge": 86400, "currentPrice": 31.45, "recommendationMean": 2.0, "recommendationKey": "buy", "grossProfits": 392495000, "financialCurrency": "INR"}}}