{"SUNTV.NS": {"assetProfile": {"address1": "Murasoli Maran Towers", "address2": "73, MRC Nagar Main Road MRC Nagar", "city": "Chennai", "zip": "600028", "country": "India", "phone": "91 44 4467 6767", "fax": "91 44 4067 6161", "website": "http://www.suntv.in", "industry": "Broadcasting", "sector": "Communication Services", "longBusinessSummary": "Sun TV Network Limited, together with its subsidiaries, engages in producing and broadcasting satellite television and radio software programming in the regional languages of South India. The company's flagship channel includes Sun TV. It also operates various other satellite channels, such as Surya TV, Gemini TV, and Udaya TV; SUN Bangla, an entertainment channel in Bengali; and SUNNXT, an OTT platform. The company operates television channels in Tamil, Telugu, Kannada, and Malayalam languages for viewers in India, Sri Lanka, Singapore, Malaysia, the United Kingdom, rest of Europe, the Middle East, the United States, Australia, South Africa, and Canada; and 24 frequency modulation radio stations across India. It provides entertainment in various genres of general entertainment, movies, music, news, kids, action, and life. The company is also involved in the theatrical distribution of movies; and the operation of SunRisers Hyderabad, an Indian Premier League franchise. In addition, it offers direct to home services. The company was incorporated in 1985 and is based in Chennai, India.", "fullTimeEmployees": 1352, "companyOfficers": [{"maxAge": 1, "name": "Mr. Kalanithi  Maran", "age": 55, "title": "Exec. Chairman", "yearBorn": 1965, "fiscalYear": 2020, "totalPay": 875000000, "exercisedValue": 0, "unexercisedValue": 0}, {"maxAge": 1, "name": "Mr. Rajaraman  Mahesh kumar", "age": 51, "title": "Pres, MD & Exec. Director", "yearBorn": 1969, "fiscalYear": 2020, "totalPay": 73600000, "exercisedValue": 0, "unexercisedValue": 0}, {"maxAge": 1, "name": "Mr. V. C. Unnikrishnan", "title": "Chief Financial Officer", "fiscalYear": 2020, "totalPay": 10700000, "exercisedValue": 0, "unexercisedValue": 0}, {"maxAge": 1, "name": "Mr. R.  Ravi", "age": 53, "title": "Compliance Officer & Company Sec.", "yearBorn": 1967, "fiscalYear": 2020, "totalPay": 2600000, "exercisedValue": 0, "unexercisedValue": 0}, {"maxAge": 1, "name": "Mr. K.  Vijaykumar", "age": 55, "title": "Exec. Director", "yearBorn": 1965, "fiscalYear": 2020, "totalPay": 12705400, "exercisedValue": 0, "unexercisedValue": 0}, {"maxAge": 1, "name": "Ms. Kavery Kalanithi Maran", "age": 51, "title": "Exec. Director", "yearBorn": 1969, "fiscalYear": 2020, "totalPay": 875039600, "exercisedValue": 0, "unexercisedValue": 0}, {"maxAge": 1, "name": "Ms. Kaviya Kalanithi Maran", "title": "Exec. Director", "fiscalYear": 2020, "totalPay": 12202400, "exercisedValue": 0, "unexercisedValue": 0}, {"maxAge": 1, "name": "Mr. C.  Praveen", "title": "Chief Operating Officer", "exercisedValue": 0, "unexercisedValue": 0}, {"maxAge": 1, "name": "Mr. S.  Kannan", "age": 54, "title": "Chief Technical Officer", "yearBorn": 1966, "exercisedValue": 0, "unexercisedValue": 0}, {"maxAge": 1, "name": "Mrs. P.  Laul", "age": 80, "title": "VP of Marketing", "yearBorn": 1940, "exercisedValue": 0, "unexercisedValue": 0}], "compensationAsOfEpochDate": "2020-12-31 05:30:00", "maxAge": 86400}, "recommendationTrend": {"trend": [{"period": "0m", "strongBuy": 0, "buy": 0, "hold": 0, "sell": 0, "strongSell": 0}, {"period": "-1m", "strongBuy": 5, "buy": 14, "hold": 3, "sell": 1, "strongSell": 0}, {"period": "-2m", "strongBuy": 5, "buy": 14, "hold": 3, "sell": 1, "strongSell": 0}, {"period": "-3m", "strongBuy": 5, "buy": 13, "hold": 3, "sell": 1, "strongSell": 0}], "maxAge": 86400}, "cashflowStatementHistory": {"cashflowStatements": [{"maxAge": 1, "endDate": "2020-03-31", "netIncome": 13851600000, "depreciation": 1115600000, "changeToNetincome": -1805100000, "changeToAccountReceivables": -2665900000, "changeToLiabilities": 183200000, "changeToInventory": 2400000, "changeToOperatingActivities": -12100000, "totalCashFromOperatingActivities": 16556200000, "capitalExpenditures": -304200000, "investments": 297300000, "otherCashflowsFromInvestingActivities": 2216900000, "totalCashflowsFromInvestingActivities": -4080200000, "dividendsPaid": -9852100000, "netBorrowings": -339800000, "otherCashflowsFromFinancingActivities": -2031800000, "totalCashFromFinancingActivities": -12223700000, "effectOfExchangeRate": 16700000, "changeInCash": 269000000}, {"maxAge": 1, "endDate": "2019-03-31", "netIncome": 14332700000, "depreciation": 843400000, "changeToNetincome": -2057900000, "changeToAccountReceivables": -659900000, "changeToLiabilities": 728700000, "changeToInventory": 100000, "changeToOperatingActivities": -730800000, "totalCashFromOperatingActivities": 18241000000, "capitalExpenditures": -266200000, "investments": -6608200000, "otherCashflowsFromInvestingActivities": 1021300000, "totalCashflowsFromInvestingActivities": -11131000000, "dividendsPaid": -4926100000, "netBorrowings": -339800000, "otherCashflowsFromFinancingActivities": -1029100000, "totalCashFromFinancingActivities": -5955200000, "effectOfExchangeRate": -1700000, "changeInCash": 1153100000}, {"maxAge": 1, "endDate": "2018-03-31", "netIncome": 11351200000, "depreciation": 864000000, "changeToNetincome": -1038400000, "changeToAccountReceivables": -3137600000, "changeToLiabilities": 1982500000, "changeToInventory": 6400000, "changeToOperatingActivities": 48400000, "totalCashFromOperatingActivities": 13712400000, "capitalExpenditures": -1357400000, "investments": -8558100000, "otherCashflowsFromInvestingActivities": 764700000, "totalCashflowsFromInvestingActivities": -12945500000, "dividendsPaid": -3940900000, "netBorrowings": -339800000, "otherCashflowsFromFinancingActivities": -813100000, "totalCashFromFinancingActivities": -4754000000, "effectOfExchangeRate": 4700000, "changeInCash": -3982400000}, {"maxAge": 1, "endDate": "2017-03-31", "netIncome": 10302600000, "depreciation": 627900000, "changeToNetincome": -1053100000, "changeToAccountReceivables": -162700000, "changeToLiabilities": 224900000, "changeToInventory": 2400000, "changeToOperatingActivities": -354200000, "totalCashFromOperatingActivities": 12955300000, "capitalExpenditures": -3890400000, "investments": -2821900000, "otherCashflowsFromInvestingActivities": 981000000, "totalCashflowsFromInvestingActivities": -7164500000, "dividendsPaid": -3940700000, "netBorrowings": -339800000, "otherCashflowsFromFinancingActivities": -812600000, "totalCashFromFinancingActivities": -4753300000, "effectOfExchangeRate": 200000, "changeInCash": 1037700000}], "maxAge": 86400}, "indexTrend": {"maxAge": 1, "symbol": "SP5", "peRatio": 19.7411, "pegRatio": 1.34172, "estimates": [{"period": "0q", "growth": 0.549}, {"period": "+1q", "growth": 0.431}, {"period": "0y", "growth": 0.305}, {"period": "+1y", "growth": 0.109}, {"period": "+5y", "growth": 0.120865}, {"period": "-5y"}]}, "defaultKeyStatistics": {"maxAge": 1, "priceHint": 2, "enterpriseValue": 169878306816, "forwardPE": 13.672621, "profitMargins": 0.40945, "floatShares": 84621057, "sharesOutstanding": 394084992, "heldPercentInsiders": 0.78533, "heldPercentInstitutions": 0.11118, "beta": 0.960712, "category": null, "bookValue": 160.23, "priceToBook": 3.3910627, "fundFamily": null, "legalType": null, "lastFiscalYearEnd": "2020-03-31 05:30:00", "nextFiscalYearEnd": "2022-03-31 05:30:00", "mostRecentQuarter": "2020-12-31 05:30:00", "earningsQuarterlyGrowth": 0.159, "netIncomeToCommon": 12830400512, "trailingEps": 32.541, "forwardEps": 30.3, "pegRatio": 1.2, "lastSplitFactor": "2:1", "lastSplitDate": "2007-07-23 05:30:00", "enterpriseToRevenue": 5.421, "enterpriseToEbitda": 10.923}, "industryTrend": {"maxAge": 1, "symbol": null, "estimates": []}, "quoteType": {"exchange": "NSI", "quoteType": "EQUITY", "symbol": "SUNTV.NS", "underlyingSymbol": "SUNTV.NS", "shortName": "SUN TV NETWORK LTD", "longName": "Sun TV Network Limited", "firstTradeDateEpochUtc": "2006-04-24 09:15:00", "timeZoneFullName": "Asia/Kolkata", "timeZoneShortName": "IST", "uuid": "24518c4a-8d1d-35a7-bccf-9b446547cded", "gmtOffSetMilliseconds": 19800000, "maxAge": 1}, "incomeStatementHistory": {"incomeStatementHistory": [{"maxAge": 1, "endDate": "2020-03-31", "totalRevenue": 35209300000, "costOfRevenue": 9246400000, "grossProfit": 25962900000, "researchDevelopment": {}, "sellingGeneralAdministrative": 302100000, "nonRecurring": {}, "otherOperatingExpenses": 2767800000, "totalOperatingExpenses": 19400600000, "operatingIncome": 15808700000, "totalOtherIncomeExpenseNet": 2385800000, "ebit": 15808700000, "interestExpense": -127500000, "incomeBeforeTax": 18194500000, "incomeTaxExpense": 4339600000, "minorityInterest": 47500000, "netIncomeFromContinuingOps": 13854900000, "discontinuedOperations": {}, "extraordinaryItems": {}, "effectOfAccountingCharges": {}, "otherItems": {}, "netIncome": 13851600000, "netIncomeApplicableToCommonShares": 13851600000}, {"maxAge": 1, "endDate": "2019-03-31", "totalRevenue": 37836600000, "costOfRevenue": 8920900000, "grossProfit": 28915700000, "researchDevelopment": {}, "sellingGeneralAdministrative": 423300000, "nonRecurring": {}, "otherOperatingExpenses": 2305400000, "totalOperatingExpenses": 18349900000, "operatingIncome": 19486700000, "totalOtherIncomeExpenseNet": 2360700000, "ebit": 19486700000, "interestExpense": -16500000, "incomeBeforeTax": 21847400000, "incomeTaxExpense": 7510600000, "minorityInterest": 44200000, "netIncomeFromContinuingOps": 14336800000, "discontinuedOperations": {}, "extraordinaryItems": {}, "effectOfAccountingCharges": {}, "otherItems": {}, "netIncome": 14332700000, "netIncomeApplicableToCommonShares": 14332700000}, {"maxAge": 1, "endDate": "2018-03-31", "totalRevenue": 29641100000, "costOfRevenue": 7314700000, "grossProfit": 22326400000, "researchDevelopment": {}, "sellingGeneralAdministrative": 349000000, "nonRecurring": {}, "otherOperatingExpenses": 1795100000, "totalOperatingExpenses": 14052200000, "operatingIncome": 15588900000, "totalOtherIncomeExpenseNet": 1590500000, "ebit": 15588900000, "interestExpense": -10800000, "incomeBeforeTax": 17179400000, "incomeTaxExpense": 5824200000, "minorityInterest": 40100000, "netIncomeFromContinuingOps": 11355200000, "discontinuedOperations": {}, "extraordinaryItems": {}, "effectOfAccountingCharges": {}, "otherItems": {}, "netIncome": 11351200000, "netIncomeApplicableToCommonShares": 11351200000}, {"maxAge": 1, "endDate": "2017-03-31", "totalRevenue": 26471800000, "costOfRevenue": 6187000000, "grossProfit": 20284800000, "researchDevelopment": {}, "sellingGeneralAdministrative": 438200000, "nonRecurring": {}, "otherOperatingExpenses": 1278700000, "totalOperatingExpenses": 12680400000, "operatingIncome": 13791400000, "totalOtherIncomeExpenseNet": 1717800000, "ebit": 13791400000, "interestExpense": -10300000, "incomeBeforeTax": 15509200000, "incomeTaxExpense": 5202500000, "minorityInterest": 36100000, "netIncomeFromContinuingOps": 10306700000, "discontinuedOperations": {}, "extraordinaryItems": {}, "effectOfAccountingCharges": {}, "otherItems": {}, "netIncome": 10302600000, "netIncomeApplicableToCommonShares": 10302600000}], "maxAge": 86400}, "fundOwnership": {"ownershipList": [{"maxAge": 1, "reportDate": "2021-01-31", "organization": "Vanguard International Stock Index-Total Intl Stock Indx", "pctHeld": 0.0033000002, "position": 1299719, "value": 620940752}, {"maxAge": 1, "reportDate": "2021-01-31", "organization": "Vanguard International Stock Index-Emerging Markets Stk", "pctHeld": 0.0029, "position": 1144188, "value": 546635817}, {"maxAge": 1, "reportDate": "2021-01-31", "organization": "DFA Emerging Markets Core Equity Portfolio", "pctHeld": 0.0023, "position": 903109, "value": 431460324}, {"maxAge": 1, "reportDate": "2021-02-28", "organization": "GMO Emerging Domestic Opportunities Fund", "pctHeld": 0.0013, "position": 494997, "value": 244132520}, {"maxAge": 1, "reportDate": "2021-01-31", "organization": "DFA Emerging Markets Small Cap Series", "pctHeld": 0.0011999999, "position": 471915, "value": 225457391}, {"maxAge": 1, "reportDate": "2021-01-31", "organization": "Hartford Emerging Markets Equity Fund", "pctHeld": 0.0005, "position": 211860, "value": 101216115}, {"maxAge": 1, "reportDate": "2021-01-31", "organization": "Vanguard Intl Equity Index Fds-FTSE All World ex U.S. Index Fund", "pctHeld": 0.0004, "position": 145168, "value": 69354012}, {"maxAge": 1, "reportDate": "2021-02-28", "organization": "WisdomTree Tr-WisdomTree India Earnings Fd", "pctHeld": 0.0004, "position": 140376, "value": 69233443}, {"maxAge": 1, "reportDate": "2021-02-28", "organization": "Schwab Strategic Tr-Schwab Emerging Markets Equity ETF", "pctHeld": 0.00029999999, "position": 127475, "value": 62870670}, {"maxAge": 1, "reportDate": "2020-12-31", "organization": "Victory Market Neutral Income Fund", "pctHeld": 0.00029999999, "position": 113363, "value": 54499262}], "maxAge": 1}, "summaryDetail": {"maxAge": 1, "priceHint": 2, "previousClose": 519.45, "open": 525.0, "dayLow": 520.5, "dayHigh": 549.95, "regularMarketPreviousClose": 519.45, "regularMarketOpen": 525.0, "regularMarketDayLow": 520.5, "regularMarketDayHigh": 549.95, "dividendRate": 25.0, "dividendYield": 0.0481, "exDividendDate": "2021-02-17 05:30:00", "payoutRatio": 0.6145, "fiveYearAvgDividendYield": 2.72, "beta": 0.960712, "trailingPE": 16.697395, "forwardPE": 17.932343, "volume": 13908503, "regularMarketVolume": 13908503, "averageVolume": 3031059, "averageVolume10days": 1477403, "averageDailyVolume10Day": 1477403, "bid": 0.0, "ask": 0.0, "bidSize": 0, "askSize": 0, "marketCap": 214064136192, "fiftyTwoWeekLow": 271.4, "fiftyTwoWeekHigh": 570.4, "priceToSalesTrailing12Months": 6.831362, "fiftyDayAverage": 489.44852, "twoHundredDayAverage": 473.7656, "trailingAnnualDividendRate": 17.5, "trailingAnnualDividendYield": 0.03368948, "currency": "INR", "fromCurrency": null, "lastMarket": null, "algorithm": null, "tradeable": false}, "insiderHolders": {"holders": [{"maxAge": 1, "name": "Maran (Kalanithi)", "relation": "Executive Chairman", "url": "", "transactionDescription": "Sale", "latestTransDate": "2013-05-29", "positionDirect": 295563457, "positionDirectDate": "2013-05-29"}, {"maxAge": 1, "name": "Narayanan (S L)", "relation": "UNREPORTED", "url": "", "transactionDescription": "Acquisition", "latestTransDate": "2017-09-08", "positionDirect": 10000, "positionDirectDate": "2017-09-08"}, {"maxAge": 1, "name": "Narayanan (Sharda)", "relation": "UNREPORTED", "url": "", "transactionDescription": "Acquisition", "latestTransDate": "2018-09-28", "positionDirect": 8000, "positionDirectDate": "2018-09-28"}, {"maxAge": 1, "name": "Selvam (Selvi)", "relation": "Director (Non-Executive)", "url": "", "transactionDescription": "Acquisition", "latestTransDate": "2020-03-31", "positionDirect": 7055220, "positionDirectDate": "2020-03-31"}, {"maxAge": 1, "name": "Selvam (Shanmugamsundaram)", "relation": "Director (Non-Executive)", "url": "", "transactionDescription": "Sale", "latestTransDate": "2012-02-28", "positionDirect": 6859805, "positionDirectDate": "2012-02-28"}, {"maxAge": 1, "name": "Subramanian (Shantha V)", "relation": "UNREPORTED", "url": "", "transactionDescription": "Acquisition", "latestTransDate": "2020-08-28", "positionDirect": 5000, "positionDirectDate": "2020-08-28"}, {"maxAge": 1, "name": "Venkatesh (R Ravi)", "relation": "Director (Non-Executive)", "url": "", "transactionDescription": "Acquisition", "latestTransDate": "2018-10-05", "positionDirect": 20750, "positionDirectDate": "2018-10-05"}], "maxAge": 1}, "calendarEvents": {"maxAge": 1, "earnings": {"earningsDate": [], "earningsAverage": 9.34, "earningsLow": 8.48, "earningsHigh": 10.2, "revenueAverage": 10002800000, "revenueLow": 9607130000, "revenueHigh": 10344000000}, "exDividendDate": "2021-02-17 05:30:00"}, "upgradeDowngradeHistory": {"history": [], "maxAge": 86400}, "price": {"maxAge": 1, "regularMarketChangePercent": 0.046010133, "regularMarketChange": 23.899963, "regularMarketTime": "2021-04-30 15:30:00", "priceHint": 2, "regularMarketPrice": 543.35, "regularMarketDayHigh": 549.95, "regularMarketDayLow": 520.5, "regularMarketVolume": 13908503, "averageDailyVolume10Day": 1477403, "averageDailyVolume3Month": 3031059, "regularMarketPreviousClose": 519.45, "regularMarketSource": "FREE_REALTIME", "regularMarketOpen": 525.0, "exchange": "NSI", "exchangeName": "NSE", "exchangeDataDelayedBy": 15, "marketState": "CLOSED", "quoteType": "EQUITY", "symbol": "SUNTV.NS", "underlyingSymbol": null, "shortName": "SUN TV NETWORK LTD", "longName": "Sun TV Network Limited", "currency": "INR", "quoteSourceName": "Delayed Quote", "currencySymbol": "\u20b9", "fromCurrency": null, "lastMarket": null, "marketCap": 214064136192}, "balanceSheetHistory": {"balanceSheetStatements": [{"maxAge": 1, "endDate": "2020-03-31", "cash": 4058000000, "shortTermInvestments": 2700800000, "netReceivables": 15482600000, "otherCurrentAssets": 576000000, "totalCurrentAssets": 42743700000, "longTermInvestments": 7191100000, "propertyPlantEquipment": 8109000000, "goodWill": 48000000, "intangibleAssets": 3877100000, "otherAssets": 3106700000, "deferredLongTermAssetCharges": 9900000, "totalAssets": 65075600000, "accountsPayable": 3166500000, "otherCurrentLiab": 586500000, "otherLiab": 969900000, "minorityInterest": 47500000, "totalCurrentLiabilities": 6110200000, "totalLiab": 7787000000, "commonStock": 1970400000, "retainedEarnings": 50552500000, "capitalSurplus": 4718200000, "totalStockholderEquity": 57241100000, "netTangibleAssets": 53316000000}, {"maxAge": 1, "endDate": "2019-03-31", "cash": 3789000000, "shortTermInvestments": 1863800000, "netReceivables": 12993800000, "inventory": 2400000, "otherCurrentAssets": 618600000, "totalCurrentAssets": 40447300000, "longTermInvestments": 7070400000, "propertyPlantEquipment": 6975500000, "goodWill": 48000000, "intangibleAssets": 4117800000, "otherAssets": 3318200000, "deferredLongTermAssetCharges": 10900000, "totalAssets": 61977200000, "accountsPayable": 2294000000, "otherCurrentLiab": 840500000, "otherLiab": 1176600000, "minorityInterest": 44200000, "totalCurrentLiabilities": 5491500000, "totalLiab": 6668100000, "commonStock": 1970400000, "retainedEarnings": 48576300000, "treasuryStock": 53294500000, "capitalSurplus": 4718200000, "otherStockholderEquity": 53294500000, "totalStockholderEquity": 55264900000, "netTangibleAssets": 51099100000}, {"maxAge": 1, "endDate": "2018-03-31", "cash": 2635900000, "shortTermInvestments": 851900000, "netReceivables": 11628300000, "inventory": 2500000, "otherCurrentAssets": 558400000, "totalCurrentAssets": 30995500000, "longTermInvestments": 6322000000, "propertyPlantEquipment": 7659900000, "goodWill": 48000000, "intangibleAssets": 4197600000, "otherAssets": 3516600000, "deferredLongTermAssetCharges": 7200000, "totalAssets": 52739600000, "accountsPayable": 819200000, "otherCurrentLiab": 1623800000, "otherLiab": 898500000, "minorityInterest": 40100000, "totalCurrentLiabilities": 4917100000, "totalLiab": 5815600000, "commonStock": 1970400000, "retainedEarnings": 40195300000, "capitalSurplus": 4718200000, "totalStockholderEquity": 46883900000, "netTangibleAssets": 42638300000}, {"maxAge": 1, "endDate": "2017-03-31", "cash": 6618300000, "shortTermInvestments": 1262000000, "netReceivables": 8662400000, "inventory": 8900000, "otherCurrentAssets": 493000000, "totalCurrentAssets": 22628200000, "longTermInvestments": 6558400000, "propertyPlantEquipment": 7713600000, "goodWill": 48000000, "intangibleAssets": 4373100000, "otherAssets": 2494900000, "deferredLongTermAssetCharges": 34600000, "totalAssets": 43816200000, "accountsPayable": 721600000, "otherCurrentLiab": 430200000, "otherLiab": 689200000, "minorityInterest": 36100000, "totalCurrentLiabilities": 2806300000, "totalLiab": 3495500000, "commonStock": 1970400000, "retainedEarnings": 33596000000, "capitalSurplus": 4718200000, "totalStockholderEquity": 40284600000, "netTangibleAssets": 35863500000}], "maxAge": 86400}, "earningsTrend": {"trend": [{"maxAge": 1, "period": "0q", "endDate": "2018-06-30", "growth": 0.462, "earningsEstimate": {"avg": 9.34, "low": 8.48, "high": 10.2, "yearAgoEps": 6.39, "numberOfAnalysts": 2, "growth": 0.462}, "revenueEstimate": {"avg": 10002800000, "low": 9607130000, "high": 10344000000, "numberOfAnalysts": 4, "yearAgoRevenue": 7863200000, "growth": 0.272}, "epsTrend": {"current": 9.34, "7daysAgo": 8.48, "30daysAgo": 8.48, "60daysAgo": 0.0, "90daysAgo": 0.0}, "epsRevisions": {"upLast7days": 0, "upLast30days": 0, "downLast30days": 0, "downLast90days": {}}}, {"maxAge": 1, "period": "+1q", "endDate": "2018-09-30", "growth": {}, "earningsEstimate": {"avg": 0.0, "low": 0.0, "high": 0.0, "yearAgoEps": 7.22, "numberOfAnalysts": 0, "growth": {}}, "revenueEstimate": {"avg": 0, "low": 0, "high": 0, "numberOfAnalysts": 0, "yearAgoRevenue": {}, "growth": {}}, "epsTrend": {"current": 0.0, "7daysAgo": 0.0, "30daysAgo": 0.0, "60daysAgo": 0.0, "90daysAgo": 0.0}, "epsRevisions": {"upLast7days": 0, "upLast30days": 0, "downLast30days": 0, "downLast90days": {}}}, {"maxAge": 1, "period": "0y", "endDate": "2019-03-31", "growth": 0.266, "earningsEstimate": {"avg": 35.12, "low": 31.32, "high": 37.78, "yearAgoEps": 27.74, "numberOfAnalysts": 4, "growth": 0.266}, "revenueEstimate": {"avg": 34077400000, "low": 32173900000, "high": 35644900000, "numberOfAnalysts": 4, "yearAgoRevenue": 28624500000, "growth": 0.19}, "epsTrend": {"current": 35.12, "7daysAgo": 35.12, "30daysAgo": 35.12, "60daysAgo": 37.0, "90daysAgo": 34.79}, "epsRevisions": {"upLast7days": 0, "upLast30days": 0, "downLast30days": 0, "downLast90days": {}}}, {"maxAge": 1, "period": "+1y", "endDate": "2020-03-31", "growth": 0.132, "earningsEstimate": {"avg": 39.74, "low": 34.82, "high": 42.12, "yearAgoEps": 35.12, "numberOfAnalysts": 4, "growth": 0.132}, "revenueEstimate": {"avg": 38000300000, "low": 35520000000, "high": 39315100000, "numberOfAnalysts": 4, "yearAgoRevenue": 34077400000, "growth": 0.115}, "epsTrend": {"current": 39.74, "7daysAgo": 39.74, "30daysAgo": 39.74, "60daysAgo": 42.87, "90daysAgo": 41.91}, "epsRevisions": {"upLast7days": 0, "upLast30days": 0, "downLast30days": 0, "downLast90days": {}}}, {"maxAge": 1, "period": "+5y", "endDate": null, "growth": 0.1866, "earningsEstimate": {"avg": {}, "low": {}, "high": {}, "yearAgoEps": {}, "numberOfAnalysts": {}, "growth": {}}, "revenueEstimate": {"avg": {}, "low": {}, "high": {}, "numberOfAnalysts": {}, "yearAgoRevenue": {}, "growth": {}}, "epsTrend": {"current": {}, "7daysAgo": {}, "30daysAgo": {}, "60daysAgo": {}, "90daysAgo": {}}, "epsRevisions": {"upLast7days": {}, "upLast30days": {}, "downLast30days": {}, "downLast90days": {}}}, {"maxAge": 1, "period": "-5y", "endDate": null, "growth": 0.10346, "earningsEstimate": {"avg": {}, "low": {}, "high": {}, "yearAgoEps": {}, "numberOfAnalysts": {}, "growth": {}}, "revenueEstimate": {"avg": {}, "low": {}, "high": {}, "numberOfAnalysts": {}, "yearAgoRevenue": {}, "growth": {}}, "epsTrend": {"current": {}, "7daysAgo": {}, "30daysAgo": {}, "60daysAgo": {}, "90daysAgo": {}}, "epsRevisions": {"upLast7days": {}, "upLast30days": {}, "downLast30days": {}, "downLast90days": {}}}], "maxAge": 1}, "institutionOwnership": {"ownershipList": [], "maxAge": 1}, "majorHoldersBreakdown": {"maxAge": 1, "insidersPercentHeld": 0.78533, "institutionsPercentHeld": 0.11118, "institutionsFloatPercentHeld": 0.51792, "institutionsCount": 69}, "balanceSheetHistoryQuarterly": {"balanceSheetStatements": [{"maxAge": 1, "endDate": "2020-12-31", "totalStockholderEquity": 63166500000, "netTangibleAssets": 60922700000}, {"maxAge": 1, "endDate": "2020-09-30", "cash": 7080600000, "shortTermInvestments": 27896300000, "netReceivables": 12353500000, "otherCurrentAssets": 371100000, "totalCurrentAssets": 47701500000, "longTermInvestments": 9909400000, "propertyPlantEquipment": 7993000000, "goodWill": 48000000, "intangibleAssets": 2195800000, "otherAssets": 3070300000, "deferredLongTermAssetCharges": 11000000, "totalAssets": 70918000000, "accountsPayable": 2795000000, "otherCurrentLiab": 3334600000, "otherLiab": 1577100000, "minorityInterest": 44800000, "totalCurrentLiabilities": 6129600000, "totalLiab": 7706700000, "commonStock": 1970400000, "treasuryStock": 61196100000, "otherStockholderEquity": 61196100000, "totalStockholderEquity": 63166500000, "netTangibleAssets": 60922700000}, {"maxAge": 1, "endDate": "2020-06-30", "totalStockholderEquity": 57241100000, "netTangibleAssets": 53316000000}, {"maxAge": 1, "endDate": "2020-03-31", "cash": 4058000000, "shortTermInvestments": 2700800000, "netReceivables": 15482600000, "otherCurrentAssets": 576000000, "totalCurrentAssets": 42743700000, "longTermInvestments": 7191100000, "propertyPlantEquipment": 8109000000, "goodWill": 48000000, "intangibleAssets": 3877100000, "otherAssets": 3106700000, "deferredLongTermAssetCharges": 9900000, "totalAssets": 65075600000, "accountsPayable": 3166500000, "otherCurrentLiab": 586500000, "otherLiab": 969900000, "minorityInterest": 47500000, "totalCurrentLiabilities": 6110200000, "totalLiab": 7787000000, "commonStock": 1970400000, "retainedEarnings": 50552500000, "capitalSurplus": 4718200000, "totalStockholderEquity": 57241100000, "netTangibleAssets": 53316000000}], "maxAge": 86400}, "earningsHistory": {"history": [{"maxAge": 1, "epsActual": 6.39, "epsEstimate": 6.18, "epsDifference": 0.21, "surprisePercent": 0.034, "quarter": "2017-06-30", "period": "-4q"}, {"maxAge": 1, "epsActual": 7.22, "epsEstimate": 7.19, "epsDifference": 0.03, "surprisePercent": 0.004, "quarter": "2017-09-30", "period": "-3q"}, {"maxAge": 1, "epsActual": 6.77, "epsEstimate": 6.91, "epsDifference": -0.14, "surprisePercent": -0.02, "quarter": "2017-12-31", "period": "-2q"}, {"maxAge": 1, "epsActual": 7.35, "epsEstimate": 6.93, "epsDifference": 0.42, "surprisePercent": 0.061, "quarter": "2018-03-31", "period": "-1q"}], "maxAge": 86400}, "summaryProfile": {"address1": "Murasoli Maran Towers", "address2": "73, MRC Nagar Main Road MRC Nagar", "city": "Chennai", "zip": "600028", "country": "India", "phone": "91 44 4467 6767", "fax": "91 44 4067 6161", "website": "http://www.suntv.in", "industry": "Broadcasting", "sector": "Communication Services", "longBusinessSummary": "Sun TV Network Limited, together with its subsidiaries, engages in producing and broadcasting satellite television and radio software programming in the regional languages of South India. The company's flagship channel includes Sun TV. It also operates various other satellite channels, such as Surya TV, Gemini TV, and Udaya TV; SUN Bangla, an entertainment channel in Bengali; and SUNNXT, an OTT platform. The company operates television channels in Tamil, Telugu, Kannada, and Malayalam languages for viewers in India, Sri Lanka, Singapore, Malaysia, the United Kingdom, rest of Europe, the Middle East, the United States, Australia, South Africa, and Canada; and 24 frequency modulation radio stations across India. It provides entertainment in various genres of general entertainment, movies, music, news, kids, action, and life. The company is also involved in the theatrical distribution of movies; and the operation of SunRisers Hyderabad, an Indian Premier League franchise. In addition, it offers direct to home services. The company was incorporated in 1985 and is based in Chennai, India.", "fullTimeEmployees": 1352, "companyOfficers": [], "maxAge": 86400}, "netSharePurchaseActivity": {"maxAge": 1, "period": "6m", "buyInfoCount": 0, "buyInfoShares": 0, "sellInfoCount": 0, "netInfoCount": 0, "netInfoShares": 0, "netPercentInsiderShares": 0.0, "totalInsiderShares": 309642432}, "insiderTransactions": {"transactions": [{"maxAge": 1, "shares": 2400, "value": 15370, "filerUrl": "", "transactionText": "Acquisition at price 6.40 per share.", "filerName": "Subramanian (Shantha V)", "filerRelation": "UNREPORTED", "moneyText": "", "startDate": "2020-08-28", "ownership": "D"}, {"maxAge": 1, "shares": 34500, "filerUrl": "", "transactionText": "", "filerName": "Selvam (Selvi)", "filerRelation": "Director (Non-Executive)", "moneyText": "", "startDate": "2020-03-31", "ownership": "D"}, {"maxAge": 1, "shares": 1000, "filerUrl": "", "transactionText": "", "filerName": "Subramanian (Shantha V)", "filerRelation": "UNREPORTED", "moneyText": "", "startDate": "2018-12-11", "ownership": "D"}, {"maxAge": 1, "shares": 2450, "filerUrl": "", "transactionText": "", "filerName": "Venkatesh (R Ravi)", "filerRelation": "Director (Non-Executive)", "moneyText": "", "startDate": "2018-10-05", "ownership": "D"}, {"maxAge": 1, "shares": 3100, "filerUrl": "", "transactionText": "", "filerName": "Venkatesh (R Ravi)", "filerRelation": "Director (Non-Executive)", "moneyText": "", "startDate": "2018-10-03", "ownership": "D"}, {"maxAge": 1, "shares": 2000, "filerUrl": "", "transactionText": "", "filerName": "Narayanan (Sharda)", "filerRelation": "UNREPORTED", "moneyText": "", "startDate": "2018-09-28", "ownership": "D"}, {"maxAge": 1, "shares": 7800, "filerUrl": "", "transactionText": "", "filerName": "Venkatesh (R Ravi)", "filerRelation": "Director (Non-Executive)", "moneyText": "", "startDate": "2018-09-24", "ownership": "D"}, {"maxAge": 1, "shares": 7400, "filerUrl": "", "transactionText": "", "filerName": "Venkatesh (R Ravi)", "filerRelation": "Director (Non-Executive)", "moneyText": "", "startDate": "2018-09-12", "ownership": "D"}, {"maxAge": 1, "shares": 16000, "filerUrl": "", "transactionText": "", "filerName": "Venkatesh (R Ravi)", "filerRelation": "Compliance Officer", "moneyText": "", "startDate": "2018-01-04", "ownership": "D"}, {"maxAge": 1, "shares": 1600, "filerUrl": "", "transactionText": "", "filerName": "Subramanian (Shantha V)", "filerRelation": "UNREPORTED", "moneyText": "", "startDate": "2017-09-28", "ownership": "D"}, {"maxAge": 1, "shares": 4300, "filerUrl": "", "transactionText": "", "filerName": "Narayanan (Sharda)", "filerRelation": "UNREPORTED", "moneyText": "", "startDate": "2017-09-26", "ownership": "D"}, {"maxAge": 1, "shares": 2500, "filerUrl": "", "transactionText": "", "filerName": "Narayanan (S L)", "filerRelation": "UNREPORTED", "moneyText": "", "startDate": "2017-09-08", "ownership": "D"}, {"maxAge": 1, "shares": 1500, "filerUrl": "", "transactionText": "", "filerName": "Narayanan (S L)", "filerRelation": "UNREPORTED", "moneyText": "", "startDate": "2017-06-23", "ownership": "D"}, {"maxAge": 1, "shares": 400, "filerUrl": "", "transactionText": "", "filerName": "Narayanan (S L)", "filerRelation": "UNREPORTED", "moneyText": "", "startDate": "2017-03-17", "ownership": "D"}, {"maxAge": 1, "shares": 5600, "filerUrl": "", "transactionText": "", "filerName": "Narayanan (S L)", "filerRelation": "UNREPORTED", "moneyText": "", "startDate": "2017-02-22", "ownership": "D"}, {"maxAge": 1, "shares": 11000, "filerUrl": "", "transactionText": "", "filerName": "Selvam (Selvi)", "filerRelation": "Director (Non-Executive)", "moneyText": "", "startDate": "2016-09-16", "ownership": "D"}, {"maxAge": 1, "shares": 85000, "filerUrl": "", "transactionText": "", "filerName": "Selvam (Selvi)", "filerRelation": "Director (Non-Executive)", "moneyText": "", "startDate": "2016-08-04", "ownership": "D"}, {"maxAge": 1, "shares": 10000, "filerUrl": "", "transactionText": "", "filerName": "Narayanan (S L)", "filerRelation": "UNREPORTED", "moneyText": "", "startDate": "2016-01-08", "ownership": "D"}, {"maxAge": 1, "shares": 2000, "filerUrl": "", "transactionText": "", "filerName": "Narayanan (S L)", "filerRelation": "UNREPORTED", "moneyText": "", "startDate": "2015-06-24", "ownership": "D"}, {"maxAge": 1, "shares": 4000, "filerUrl": "", "transactionText": "", "filerName": "Narayanan (S L)", "filerRelation": "UNREPORTED", "moneyText": "", "startDate": "2015-06-15", "ownership": "D"}, {"maxAge": 1, "shares": 4000, "filerUrl": "", "transactionText": "", "filerName": "Narayanan (S L)", "filerRelation": "UNREPORTED", "moneyText": "", "startDate": "2015-06-10", "ownership": "D"}, {"maxAge": 1, "shares": 7881700, "filerUrl": "", "transactionText": "", "filerName": "Maran (Kalanithi)", "filerRelation": "Executive Chairman", "moneyText": "", "startDate": "2013-05-29", "ownership": "D"}, {"maxAge": 1, "shares": 299771, "filerUrl": "", "transactionText": "", "filerName": "Selvam (Shanmugamsundaram)", "filerRelation": "Director (Non-Executive)", "moneyText": "", "startDate": "2012-02-28", "ownership": "D"}], "maxAge": 1}, "sectorTrend": {"maxAge": 1, "symbol": null, "estimates": []}, "incomeStatementHistoryQuarterly": {"incomeStatementHistory": [{"maxAge": 1, "endDate": "2020-12-31", "totalRevenue": 9941400000, "costOfRevenue": 2429400000, "grossProfit": 7512000000, "researchDevelopment": {}, "sellingGeneralAdministrative": {}, "nonRecurring": {}, "otherOperatingExpenses": 1431300000, "totalOperatingExpenses": 4602200000, "operatingIncome": 5339200000, "totalOtherIncomeExpenseNet": 621000000, "ebit": 5339200000, "interestExpense": -26900000, "incomeBeforeTax": 5960200000, "incomeTaxExpense": 1506100000, "minorityInterest": {}, "netIncomeFromContinuingOps": 4454100000, "discontinuedOperations": {}, "extraordinaryItems": {}, "effectOfAccountingCharges": {}, "otherItems": {}, "netIncome": 4455400000, "netIncomeApplicableToCommonShares": 4455400000}, {"maxAge": 1, "endDate": "2020-09-30", "totalRevenue": 7686900000, "costOfRevenue": 1921100000, "grossProfit": 5765800000, "researchDevelopment": {}, "sellingGeneralAdministrative": {}, "nonRecurring": {}, "otherOperatingExpenses": 744900000, "totalOperatingExpenses": 3633800000, "operatingIncome": 4053100000, "totalOtherIncomeExpenseNet": 442300000, "ebit": 4053100000, "interestExpense": -27800000, "incomeBeforeTax": 4495400000, "incomeTaxExpense": 1145200000, "minorityInterest": 44800000, "netIncomeFromContinuingOps": 3350200000, "discontinuedOperations": {}, "extraordinaryItems": {}, "effectOfAccountingCharges": {}, "otherItems": {}, "netIncome": 3350900000, "netIncomeApplicableToCommonShares": 3350900000}, {"maxAge": 1, "endDate": "2020-06-30", "totalRevenue": 6115100000, "costOfRevenue": 1508800000, "grossProfit": 4606300000, "researchDevelopment": {}, "sellingGeneralAdministrative": {}, "nonRecurring": {}, "otherOperatingExpenses": 515200000, "totalOperatingExpenses": 3533300000, "operatingIncome": 2581800000, "totalOtherIncomeExpenseNet": 942000000, "ebit": 2581800000, "interestExpense": -29900000, "incomeBeforeTax": 3523800000, "incomeTaxExpense": 951700000, "minorityInterest": 44800000, "netIncomeFromContinuingOps": 2572100000, "discontinuedOperations": {}, "extraordinaryItems": {}, "effectOfAccountingCharges": {}, "otherItems": {}, "netIncome": 2574100000, "netIncomeApplicableToCommonShares": 2574100000}, {"maxAge": 1, "endDate": "2020-03-31", "totalRevenue": 7592100000, "costOfRevenue": 2068800000, "grossProfit": 5523300000, "researchDevelopment": {}, "sellingGeneralAdministrative": 302100000, "nonRecurring": {}, "otherOperatingExpenses": 27900000, "totalOperatingExpenses": 4858800000, "operatingIncome": 2733300000, "totalOtherIncomeExpenseNet": 479700000, "ebit": 2733300000, "interestExpense": -31100000, "incomeBeforeTax": 3213000000, "incomeTaxExpense": 761100000, "minorityInterest": 47500000, "netIncomeFromContinuingOps": 2451900000, "discontinuedOperations": {}, "extraordinaryItems": {}, "effectOfAccountingCharges": {}, "otherItems": {}, "netIncome": 2452000000, "netIncomeApplicableToCommonShares": 2452000000}], "maxAge": 86400}, "cashflowStatementHistoryQuarterly": {"cashflowStatements": [{"maxAge": 1, "endDate": "2020-12-31", "netIncome": 4455400000, "changeToLiabilities": 0}, {"maxAge": 1, "endDate": "2020-09-30", "netIncome": 3350900000, "changeToLiabilities": 0}, {"maxAge": 1, "endDate": "2020-06-30", "netIncome": 2574100000, "changeToLiabilities": 0}, {"maxAge": 1, "endDate": "2020-03-31", "netIncome": 2452000000, "changeToLiabilities": 0}], "maxAge": 86400}, "earnings": {"maxAge": 86400, "earningsChart": {"quarterly": [{"date": "2Q2017", "actual": 6.39, "estimate": 6.18}, {"date": "3Q2017", "actual": 7.22, "estimate": 7.19}, {"date": "4Q2017", "actual": 6.77, "estimate": 6.91}, {"date": "1Q2018", "actual": 7.35, "estimate": 6.93}], "currentQuarterEstimate": 9.34, "currentQuarterEstimateDate": "2Q", "currentQuarterEstimateYear": 2018, "earningsDate": []}, "financialsChart": {"yearly": [{"date": 2017, "revenue": 26471800000, "earnings": 10302600000}, {"date": 2018, "revenue": 29641100000, "earnings": 11351200000}, {"date": 2019, "revenue": 37836600000, "earnings": 14332700000}, {"date": 2020, "revenue": 35209300000, "earnings": 13851600000}], "quarterly": [{"date": "1Q2020", "revenue": 7592100000, "earnings": 2452000000}, {"date": "2Q2020", "revenue": 6115100000, "earnings": 2574100000}, {"date": "3Q2020", "revenue": 7686900000, "earnings": 3350900000}, {"date": "4Q2020", "revenue": 9941400000, "earnings": 4455400000}]}, "financialCurrency": "INR"}, "financialData": {"maxAge": 86400, "currentPrice": 543.35, "targetHighPrice": 1402.0, "targetLowPrice": 870.0, "targetMeanPrice": 1095.04, "targetMedianPrice": 1124.0, "recommendationMean": 2.0, "recommendationKey": "buy", "numberOfAnalystOpinions": 25, "totalCash": 34976899072, "totalCashPerShare": 88.71, "ebitda": 15551699968, "totalDebt": 0, "totalRevenue": 31335499776, "revenuePerShare": 79.475, "grossProfits": 25962900000, "earningsGrowth": 0.158, "revenueGrowth": 0.173, "grossMargins": 0.74698997, "ebitdaMargins": 0.4963, "operatingMargins": 0.46980998, "profitMargins": 0.40945, "financialCurrency": "INR"}}}