{"SUNTV.BO": {"recommendationTrend": {"trend": [{"period": "0m", "strongBuy": 0, "buy": 0, "hold": 0, "sell": 0, "strongSell": 0}, {"period": "-1m", "strongBuy": 0, "buy": 0, "hold": 0, "sell": 0, "strongSell": 0}, {"period": "-2m", "strongBuy": 0, "buy": 0, "hold": 0, "sell": 0, "strongSell": 0}, {"period": "-3m", "strongBuy": 0, "buy": 0, "hold": 0, "sell": 0, "strongSell": 0}], "maxAge": 86400}, "cashflowStatementHistory": {"cashflowStatements": [{"maxAge": 1, "endDate": "2020-03-31", "netIncome": 13851600000, "depreciation": 1115600000, "changeToNetincome": -1805100000, "changeToAccountReceivables": -2665900000, "changeToLiabilities": 183200000, "changeToInventory": 2400000, "changeToOperatingActivities": -12100000, "totalCashFromOperatingActivities": 16556200000, "capitalExpenditures": -304200000, "investments": 297300000, "otherCashflowsFromInvestingActivities": 2216900000, "totalCashflowsFromInvestingActivities": -4080200000, "dividendsPaid": -9852100000, "netBorrowings": -339800000, "otherCashflowsFromFinancingActivities": -2031800000, "totalCashFromFinancingActivities": -12223700000, "effectOfExchangeRate": 16700000, "changeInCash": 269000000}, {"maxAge": 1, "endDate": "2019-03-31", "netIncome": 14332700000, "depreciation": 843400000, "changeToNetincome": -2057900000, "changeToAccountReceivables": -659900000, "changeToLiabilities": 728700000, "changeToInventory": 100000, "changeToOperatingActivities": -730800000, "totalCashFromOperatingActivities": 18241000000, "capitalExpenditures": -266200000, "investments": -6608200000, "otherCashflowsFromInvestingActivities": 1021300000, "totalCashflowsFromInvestingActivities": -11131000000, "dividendsPaid": -4926100000, "netBorrowings": -339800000, "otherCashflowsFromFinancingActivities": -1029100000, "totalCashFromFinancingActivities": -5955200000, "effectOfExchangeRate": -1700000, "changeInCash": 1153100000}, {"maxAge": 1, "endDate": "2018-03-31", "netIncome": 11351200000, "depreciation": 864000000, "changeToNetincome": -1038400000, "changeToAccountReceivables": -3137600000, "changeToLiabilities": 1982500000, "changeToInventory": 6400000, "changeToOperatingActivities": 48400000, "totalCashFromOperatingActivities": 13712400000, "capitalExpenditures": -1357400000, "investments": -8558100000, "otherCashflowsFromInvestingActivities": 764700000, "totalCashflowsFromInvestingActivities": -12945500000, "dividendsPaid": -3940900000, "netBorrowings": -339800000, "otherCashflowsFromFinancingActivities": -813100000, "totalCashFromFinancingActivities": -4754000000, "effectOfExchangeRate": 4700000, "changeInCash": -3982400000}, {"maxAge": 1, "endDate": "2017-03-31", "netIncome": 10302600000, "depreciation": 627900000, "changeToNetincome": -1053100000, "changeToAccountReceivables": -162700000, "changeToLiabilities": 224900000, "changeToInventory": 2400000, "changeToOperatingActivities": -354200000, "totalCashFromOperatingActivities": 12955300000, "capitalExpenditures": -3890400000, "investments": -2821900000, "otherCashflowsFromInvestingActivities": 981000000, "totalCashflowsFromInvestingActivities": -7164500000, "dividendsPaid": -3940700000, "netBorrowings": -339800000, "otherCashflowsFromFinancingActivities": -812600000, "totalCashFromFinancingActivities": -4753300000, "effectOfExchangeRate": 200000, "changeInCash": 1037700000}], "maxAge": 86400}, "institutionOwnership": {"ownershipList": [], "maxAge": 1}, "balanceSheetHistoryQuarterly": {"balanceSheetStatements": [{"maxAge": 1, "endDate": "2020-06-30", "totalStockholderEquity": 57241100000, "netTangibleAssets": 53316000000}, {"maxAge": 1, "endDate": "2020-03-31", "cash": 4058000000, "shortTermInvestments": 2700800000, "netReceivables": 15482600000, "otherCurrentAssets": 576000000, "totalCurrentAssets": 42743700000, "longTermInvestments": 7191100000, "propertyPlantEquipment": 8109000000, "goodWill": 48000000, "intangibleAssets": 3877100000, "otherAssets": 3106700000, "deferredLongTermAssetCharges": 9900000, "totalAssets": 65075600000, "accountsPayable": 3166500000, "otherCurrentLiab": 586500000, "otherLiab": 969900000, "minorityInterest": 47500000, "totalCurrentLiabilities": 6110200000, "totalLiab": 7787000000, "commonStock": 1970400000, "retainedEarnings": 50552500000, "capitalSurplus": 4718200000, "totalStockholderEquity": 57241100000, "netTangibleAssets": 53316000000}, {"maxAge": 1, "endDate": "2019-12-31", "totalStockholderEquity": 61625100000, "netTangibleAssets": 57530500000}, {"maxAge": 1, "endDate": "2019-09-30", "cash": 4667800000, "shortTermInvestments": 28251700000, "netReceivables": 13754800000, "inventory": 2400000, "otherCurrentAssets": 496900000, "totalCurrentAssets": 47173600000, "longTermInvestments": 7160600000, "propertyPlantEquipment": 7863900000, "goodWill": 48000000, "intangibleAssets": 4046600000, "otherAssets": 3850400000, "deferredLongTermAssetCharges": 5100000, "totalAssets": 70143100000, "accountsPayable": 3365500000, "otherCurrentLiab": 3138900000, "otherLiab": 1967900000, "minorityInterest": 45700000, "totalCurrentLiabilities": 6504400000, "totalLiab": 8472300000, "commonStock": 1970400000, "treasuryStock": 59654700000, "otherStockholderEquity": 59654700000, "totalStockholderEquity": 61625100000, "netTangibleAssets": 57530500000}], "maxAge": 86400}, "earningsHistory": {"history": [{"maxAge": 1, "epsActual": 6.77, "epsEstimate": 6.91, "epsDifference": -0.14, "surprisePercent": -0.02, "quarter": "2017-12-31", "period": "-4q"}, {"maxAge": 1, "epsActual": 7.35, "epsEstimate": 6.93, "epsDifference": 0.42, "surprisePercent": 0.061, "quarter": "2018-03-31", "period": "-3q"}, {"maxAge": 1, "epsActual": 10.38, "epsEstimate": 9.5, "epsDifference": 0.88, "surprisePercent": 0.093, "quarter": "2018-06-30", "period": "-2q"}, {"maxAge": 1, "epsActual": 8.91, "epsEstimate": 8.85, "epsDifference": 0.06, "surprisePercent": 0.0069999998, "quarter": "2018-09-30", "period": "-1q"}], "maxAge": 86400}, "indexTrend": {"maxAge": 1, "symbol": "SP5", "peRatio": 19.7411, "pegRatio": 1.34172, "estimates": [{"period": "0q", "growth": 0.549}, {"period": "+1q", "growth": 0.431}, {"period": "0y", "growth": 0.305}, {"period": "+1y", "growth": 0.109}, {"period": "+5y", "growth": 0.120865}, {"period": "-5y"}]}, "industryTrend": {"maxAge": 1, "symbol": null, "estimates": []}, "insiderTransactions": {"transactions": [{"maxAge": 1, "shares": 2400, "value": 15370, "filerUrl": "", "transactionText": "Acquisition at price 6.40 per share.", "filerName": "Subramanian (Shantha V)", "filerRelation": "UNREPORTED", "moneyText": "", "startDate": "2020-08-28", "ownership": "D"}, {"maxAge": 1, "shares": 34500, "filerUrl": "", "transactionText": "", "filerName": "Selvam (Selvi)", "filerRelation": "Director (Non-Executive)", "moneyText": "", "startDate": "2020-03-31", "ownership": "D"}, {"maxAge": 1, "shares": 1000, "filerUrl": "", "transactionText": "", "filerName": "Subramanian (Shantha V)", "filerRelation": "UNREPORTED", "moneyText": "", "startDate": "2018-12-11", "ownership": "D"}, {"maxAge": 1, "shares": 2450, "filerUrl": "", "transactionText": "", "filerName": "Venkatesh (R Ravi)", "filerRelation": "Director (Non-Executive)", "moneyText": "", "startDate": "2018-10-05", "ownership": "D"}, {"maxAge": 1, "shares": 3100, "filerUrl": "", "transactionText": "", "filerName": "Venkatesh (R Ravi)", "filerRelation": "Director (Non-Executive)", "moneyText": "", "startDate": "2018-10-03", "ownership": "D"}, {"maxAge": 1, "shares": 2000, "filerUrl": "", "transactionText": "", "filerName": "Narayanan (Sharda)", "filerRelation": "UNREPORTED", "moneyText": "", "startDate": "2018-09-28", "ownership": "D"}, {"maxAge": 1, "shares": 7800, "filerUrl": "", "transactionText": "", "filerName": "Venkatesh (R Ravi)", "filerRelation": "Director (Non-Executive)", "moneyText": "", "startDate": "2018-09-24", "ownership": "D"}, {"maxAge": 1, "shares": 7400, "filerUrl": "", "transactionText": "", "filerName": "Venkatesh (R Ravi)", "filerRelation": "Director (Non-Executive)", "moneyText": "", "startDate": "2018-09-12", "ownership": "D"}, {"maxAge": 1, "shares": 16000, "filerUrl": "", "transactionText": "", "filerName": "Venkatesh (R Ravi)", "filerRelation": "Compliance Officer", "moneyText": "", "startDate": "2018-01-04", "ownership": "D"}, {"maxAge": 1, "shares": 1600, "filerUrl": "", "transactionText": "", "filerName": "Subramanian (Shantha V)", "filerRelation": "UNREPORTED", "moneyText": "", "startDate": "2017-09-28", "ownership": "D"}, {"maxAge": 1, "shares": 4300, "filerUrl": "", "transactionText": "", "filerName": "Narayanan (Sharda)", "filerRelation": "UNREPORTED", "moneyText": "", "startDate": "2017-09-26", "ownership": "D"}, {"maxAge": 1, "shares": 2500, "filerUrl": "", "transactionText": "", "filerName": "Narayanan (S L)", "filerRelation": "UNREPORTED", "moneyText": "", "startDate": "2017-09-08", "ownership": "D"}, {"maxAge": 1, "shares": 1500, "filerUrl": "", "transactionText": "", "filerName": "Narayanan (S L)", "filerRelation": "UNREPORTED", "moneyText": "", "startDate": "2017-06-23", "ownership": "D"}, {"maxAge": 1, "shares": 400, "filerUrl": "", "transactionText": "", "filerName": "Narayanan (S L)", "filerRelation": "UNREPORTED", "moneyText": "", "startDate": "2017-03-17", "ownership": "D"}, {"maxAge": 1, "shares": 5600, "filerUrl": "", "transactionText": "", "filerName": "Narayanan (S L)", "filerRelation": "UNREPORTED", "moneyText": "", "startDate": "2017-02-22", "ownership": "D"}, {"maxAge": 1, "shares": 11000, "filerUrl": "", "transactionText": "", "filerName": "Selvam (Selvi)", "filerRelation": "Director (Non-Executive)", "moneyText": "", "startDate": "2016-09-16", "ownership": "D"}, {"maxAge": 1, "shares": 85000, "filerUrl": "", "transactionText": "", "filerName": "Selvam (Selvi)", "filerRelation": "Director (Non-Executive)", "moneyText": "", "startDate": "2016-08-04", "ownership": "D"}, {"maxAge": 1, "shares": 10000, "filerUrl": "", "transactionText": "", "filerName": "Narayanan (S L)", "filerRelation": "UNREPORTED", "moneyText": "", "startDate": "2016-01-08", "ownership": "D"}, {"maxAge": 1, "shares": 2000, "filerUrl": "", "transactionText": "", "filerName": "Narayanan (S L)", "filerRelation": "UNREPORTED", "moneyText": "", "startDate": "2015-06-24", "ownership": "D"}, {"maxAge": 1, "shares": 4000, "filerUrl": "", "transactionText": "", "filerName": "Narayanan (S L)", "filerRelation": "UNREPORTED", "moneyText": "", "startDate": "2015-06-15", "ownership": "D"}, {"maxAge": 1, "shares": 4000, "filerUrl": "", "transactionText": "", "filerName": "Narayanan (S L)", "filerRelation": "UNREPORTED", "moneyText": "", "startDate": "2015-06-10", "ownership": "D"}, {"maxAge": 1, "shares": 7881700, "filerUrl": "", "transactionText": "", "filerName": "Maran (Kalanithi)", "filerRelation": "Executive Chairman", "moneyText": "", "startDate": "2013-05-29", "ownership": "D"}, {"maxAge": 1, "shares": 299771, "filerUrl": "", "transactionText": "", "filerName": "Selvam (Shanmugamsundaram)", "filerRelation": "Director (Non-Executive)", "moneyText": "", "startDate": "2012-02-28", "ownership": "D"}], "maxAge": 1}, "quoteType": {"exchange": "BSE", "quoteType": "EQUITY", "symbol": "SUNTV.BO", "underlyingSymbol": "SUNTV.BO", "shortName": "SUN TV NETWORK LTD.", "longName": "Sun TV Network Limited", "firstTradeDateEpochUtc": "2006-04-24 09:15:00", "timeZoneFullName": "Asia/Kolkata", "timeZoneShortName": "IST", "uuid": "7f8c5e05-0e1f-34d3-9937-fd19735f203a", "gmtOffSetMilliseconds": 19800000, "maxAge": 1}, "incomeStatementHistory": {"incomeStatementHistory": [{"maxAge": 1, "endDate": "2020-03-31", "totalRevenue": 35209300000, "costOfRevenue": 9246400000, "grossProfit": 25962900000, "researchDevelopment": {}, "sellingGeneralAdministrative": 302100000, "nonRecurring": {}, "otherOperatingExpenses": 2767800000, "totalOperatingExpenses": 19400600000, "operatingIncome": 15808700000, "totalOtherIncomeExpenseNet": 2385800000, "ebit": 15808700000, "interestExpense": -127500000, "incomeBeforeTax": 18194500000, "incomeTaxExpense": 4339600000, "minorityInterest": 47500000, "netIncomeFromContinuingOps": 13854900000, "discontinuedOperations": {}, "extraordinaryItems": {}, "effectOfAccountingCharges": {}, "otherItems": {}, "netIncome": 13851600000, "netIncomeApplicableToCommonShares": 13851600000}, {"maxAge": 1, "endDate": "2019-03-31", "totalRevenue": 37836600000, "costOfRevenue": 8920900000, "grossProfit": 28915700000, "researchDevelopment": {}, "sellingGeneralAdministrative": 423300000, "nonRecurring": {}, "otherOperatingExpenses": 2305400000, "totalOperatingExpenses": 18349900000, "operatingIncome": 19486700000, "totalOtherIncomeExpenseNet": 2360700000, "ebit": 19486700000, "interestExpense": -16500000, "incomeBeforeTax": 21847400000, "incomeTaxExpense": 7510600000, "minorityInterest": 44200000, "netIncomeFromContinuingOps": 14336800000, "discontinuedOperations": {}, "extraordinaryItems": {}, "effectOfAccountingCharges": {}, "otherItems": {}, "netIncome": 14332700000, "netIncomeApplicableToCommonShares": 14332700000}, {"maxAge": 1, "endDate": "2018-03-31", "totalRevenue": 29641100000, "costOfRevenue": 7314700000, "grossProfit": 22326400000, "researchDevelopment": {}, "sellingGeneralAdministrative": 349000000, "nonRecurring": {}, "otherOperatingExpenses": 1795100000, "totalOperatingExpenses": 14052200000, "operatingIncome": 15588900000, "totalOtherIncomeExpenseNet": 1590500000, "ebit": 15588900000, "interestExpense": -10800000, "incomeBeforeTax": 17179400000, "incomeTaxExpense": 5824200000, "minorityInterest": 40100000, "netIncomeFromContinuingOps": 11355200000, "discontinuedOperations": {}, "extraordinaryItems": {}, "effectOfAccountingCharges": {}, "otherItems": {}, "netIncome": 11351200000, "netIncomeApplicableToCommonShares": 11351200000}, {"maxAge": 1, "endDate": "2017-03-31", "totalRevenue": 26471800000, "costOfRevenue": 6187000000, "grossProfit": 20284800000, "researchDevelopment": {}, "sellingGeneralAdministrative": 438200000, "nonRecurring": {}, "otherOperatingExpenses": 1278700000, "totalOperatingExpenses": 12680400000, "operatingIncome": 13791400000, "totalOtherIncomeExpenseNet": 1717800000, "ebit": 13791400000, "interestExpense": -10300000, "incomeBeforeTax": 15509200000, "incomeTaxExpense": 5202500000, "minorityInterest": 36100000, "netIncomeFromContinuingOps": 10306700000, "discontinuedOperations": {}, "extraordinaryItems": {}, "effectOfAccountingCharges": {}, "otherItems": {}, "netIncome": 10302600000, "netIncomeApplicableToCommonShares": 10302600000}], "maxAge": 86400}, "fundOwnership": {"ownershipList": [], "maxAge": 1}, "summaryDetail": {"maxAge": 1, "priceHint": 2, "previousClose": 519.3, "open": 525.0, "dayLow": 520.9, "dayHigh": 549.95, "regularMarketPreviousClose": 519.3, "regularMarketOpen": 525.0, "regularMarketDayLow": 520.9, "regularMarketDayHigh": 549.95, "trailingPE": 17.064636, "forwardPE": 17.948845, "volume": 412365, "regularMarketVolume": 412365, "averageVolume": 193648, "averageVolume10days": 150216, "averageDailyVolume10Day": 150216, "bid": 543.85, "ask": 545.0, "bidSize": 0, "askSize": 0, "marketCap": 214323118080, "fiftyTwoWeekLow": 259.8, "fiftyTwoWeekHigh": 550.1, "fiftyDayAverage": 499.30908, "twoHundredDayAverage": 454.14264, "trailingAnnualDividendRate": 22.5, "trailingAnnualDividendYield": 0.04332756, "currency": "INR", "fromCurrency": null, "lastMarket": null, "algorithm": null, "tradeable": false}, "sectorTrend": {"maxAge": 1, "symbol": null, "estimates": []}, "incomeStatementHistoryQuarterly": {"incomeStatementHistory": [{"maxAge": 1, "endDate": "2020-06-30", "totalRevenue": 6115100000, "costOfRevenue": 1508800000, "grossProfit": 4606300000, "researchDevelopment": {}, "sellingGeneralAdministrative": {}, "nonRecurring": {}, "otherOperatingExpenses": 515200000, "totalOperatingExpenses": 3533300000, "operatingIncome": 2581800000, "totalOtherIncomeExpenseNet": 942000000, "ebit": 2581800000, "interestExpense": -29900000, "incomeBeforeTax": 3523800000, "incomeTaxExpense": 951700000, "minorityInterest": {}, "netIncomeFromContinuingOps": 2572100000, "discontinuedOperations": {}, "extraordinaryItems": {}, "effectOfAccountingCharges": {}, "otherItems": {}, "netIncome": 2574100000, "netIncomeApplicableToCommonShares": 2574100000}, {"maxAge": 1, "endDate": "2020-03-31", "totalRevenue": 7592100000, "costOfRevenue": 2068800000, "grossProfit": 5523300000, "researchDevelopment": {}, "sellingGeneralAdministrative": 302100000, "nonRecurring": {}, "otherOperatingExpenses": 27900000, "totalOperatingExpenses": 4858800000, "operatingIncome": 2733300000, "totalOtherIncomeExpenseNet": 479700000, "ebit": 2733300000, "interestExpense": -31100000, "incomeBeforeTax": 3213000000, "incomeTaxExpense": 761100000, "minorityInterest": 47500000, "netIncomeFromContinuingOps": 2451900000, "discontinuedOperations": {}, "extraordinaryItems": {}, "effectOfAccountingCharges": {}, "otherItems": {}, "netIncome": 2452000000, "netIncomeApplicableToCommonShares": 2452000000}, {"maxAge": 1, "endDate": "2019-12-31", "totalRevenue": 8478100000, "costOfRevenue": 1964200000, "grossProfit": 6513900000, "researchDevelopment": {}, "sellingGeneralAdministrative": 302100000, "nonRecurring": {}, "otherOperatingExpenses": 561200000, "totalOperatingExpenses": 4012500000, "operatingIncome": 4465600000, "totalOtherIncomeExpenseNet": 642200000, "ebit": 4465600000, "interestExpense": -31000000, "incomeBeforeTax": 5107800000, "incomeTaxExpense": 1260900000, "minorityInterest": 47500000, "netIncomeFromContinuingOps": 3846900000, "discontinuedOperations": {}, "extraordinaryItems": {}, "effectOfAccountingCharges": {}, "otherItems": {}, "netIncome": 3845000000, "netIncomeApplicableToCommonShares": 3845000000}, {"maxAge": 1, "endDate": "2019-09-30", "totalRevenue": 8255100000, "costOfRevenue": 2676500000, "grossProfit": 5578600000, "researchDevelopment": {}, "sellingGeneralAdministrative": 302100000, "nonRecurring": {}, "otherOperatingExpenses": 786300000, "totalOperatingExpenses": 4962500000, "operatingIncome": 3292600000, "totalOtherIncomeExpenseNet": 710900000, "ebit": 3292600000, "interestExpense": -32900000, "incomeBeforeTax": 4003500000, "incomeTaxExpense": 315600000, "minorityInterest": 45700000, "netIncomeFromContinuingOps": 3687900000, "discontinuedOperations": {}, "extraordinaryItems": {}, "effectOfAccountingCharges": {}, "otherItems": {}, "netIncome": 3687300000, "netIncomeApplicableToCommonShares": 3687300000}], "maxAge": 86400}, "cashflowStatementHistoryQuarterly": {"cashflowStatements": [{"maxAge": 1, "endDate": "2020-06-30", "netIncome": 2574100000, "changeToLiabilities": 0}, {"maxAge": 1, "endDate": "2020-03-31", "netIncome": 2452000000, "changeToLiabilities": 0}, {"maxAge": 1, "endDate": "2019-12-31", "netIncome": 3845000000, "changeToLiabilities": 0}, {"maxAge": 1, "endDate": "2019-09-30", "netIncome": 3687300000, "changeToLiabilities": 0}], "maxAge": 86400}, "insiderHolders": {"holders": [{"maxAge": 1, "name": "Maran (Kalanithi)", "relation": "Executive Chairman", "url": "", "transactionDescription": "Sale", "latestTransDate": "2013-05-29", "positionDirect": 295563457, "positionDirectDate": "2013-05-29"}, {"maxAge": 1, "name": "Narayanan (S L)", "relation": "UNREPORTED", "url": "", "transactionDescription": "Acquisition", "latestTransDate": "2017-09-08", "positionDirect": 10000, "positionDirectDate": "2017-09-08"}, {"maxAge": 1, "name": "Narayanan (Sharda)", "relation": "UNREPORTED", "url": "", "transactionDescription": "Acquisition", "latestTransDate": "2018-09-28", "positionDirect": 8000, "positionDirectDate": "2018-09-28"}, {"maxAge": 1, "name": "Selvam (Selvi)", "relation": "Director (Non-Executive)", "url": "", "transactionDescription": "Acquisition", "latestTransDate": "2020-03-31", "positionDirect": 7055220, "positionDirectDate": "2020-03-31"}, {"maxAge": 1, "name": "Selvam (Shanmugamsundaram)", "relation": "Director (Non-Executive)", "url": "", "transactionDescription": "Sale", "latestTransDate": "2012-02-28", "positionDirect": 6859805, "positionDirectDate": "2012-02-28"}, {"maxAge": 1, "name": "Subramanian (Shantha V)", "relation": "UNREPORTED", "url": "", "transactionDescription": "Acquisition", "latestTransDate": "2020-08-28", "positionDirect": 5000, "positionDirectDate": "2020-08-28"}, {"maxAge": 1, "name": "Venkatesh (R Ravi)", "relation": "Director (Non-Executive)", "url": "", "transactionDescription": "Acquisition", "latestTransDate": "2018-10-05", "positionDirect": 20750, "positionDirectDate": "2018-10-05"}], "maxAge": 1}, "earnings": {"maxAge": 86400, "earningsChart": {"quarterly": [{"date": "4Q2017", "actual": 6.77, "estimate": 6.91}, {"date": "1Q2018", "actual": 7.35, "estimate": 6.93}, {"date": "2Q2018", "actual": 10.38, "estimate": 9.5}, {"date": "3Q2018", "actual": 8.91, "estimate": 8.85}], "currentQuarterEstimateDate": "4Q", "currentQuarterEstimateYear": 2018, "earningsDate": ["2020-08-14 05:30:S"]}, "financialsChart": {"yearly": [{"date": 2017, "revenue": 26471800000, "earnings": 10302600000}, {"date": 2018, "revenue": 29641100000, "earnings": 11351200000}, {"date": 2019, "revenue": 37836600000, "earnings": 14332700000}, {"date": 2020, "revenue": 35209300000, "earnings": 13851600000}], "quarterly": [{"date": "3Q2019", "revenue": 8255100000, "earnings": 3687300000}, {"date": "4Q2019", "revenue": 8478100000, "earnings": 3845000000}, {"date": "1Q2020", "revenue": 7592100000, "earnings": 2452000000}, {"date": "2Q2020", "revenue": 6115100000, "earnings": 2574100000}]}, "financialCurrency": "INR"}, "calendarEvents": {"maxAge": 1, "earnings": {"earningsDate": ["2020-08-14 05:30:S"], "revenueAverage": 7933140000, "revenueLow": 7870280000, "revenueHigh": 7996000000}}, "upgradeDowngradeHistory": {"history": [], "maxAge": 86400}, "price": {"maxAge": 1, "regularMarketChangePercent": 0.047275156, "regularMarketChange": 24.549988, "regularMarketTime": "2021-04-30 15:55:44", "priceHint": 2, "regularMarketPrice": 543.85, "regularMarketDayHigh": 549.95, "regularMarketDayLow": 520.9, "regularMarketVolume": 412365, "averageDailyVolume10Day": 150216, "averageDailyVolume3Month": 193648, "regularMarketPreviousClose": 519.3, "regularMarketSource": "FREE_REALTIME", "regularMarketOpen": 525.0, "exchange": "BSE", "exchangeName": "BSE", "exchangeDataDelayedBy": 0, "marketState": "CLOSED", "quoteType": "EQUITY", "symbol": "SUNTV.BO", "underlyingSymbol": null, "shortName": "SUN TV NETWORK LTD.", "longName": "Sun TV Network Limited", "currency": "INR", "quoteSourceName": "Delayed Quote", "currencySymbol": "\u20b9", "fromCurrency": null, "lastMarket": null, "marketCap": 214323118080}, "balanceSheetHistory": {"balanceSheetStatements": [{"maxAge": 1, "endDate": "2020-03-31", "cash": 4058000000, "shortTermInvestments": 2700800000, "netReceivables": 15482600000, "otherCurrentAssets": 576000000, "totalCurrentAssets": 42743700000, "longTermInvestments": 7191100000, "propertyPlantEquipment": 8109000000, "goodWill": 48000000, "intangibleAssets": 3877100000, "otherAssets": 3106700000, "deferredLongTermAssetCharges": 9900000, "totalAssets": 65075600000, "accountsPayable": 3166500000, "otherCurrentLiab": 586500000, "otherLiab": 969900000, "minorityInterest": 47500000, "totalCurrentLiabilities": 6110200000, "totalLiab": 7787000000, "commonStock": 1970400000, "retainedEarnings": 50552500000, "capitalSurplus": 4718200000, "totalStockholderEquity": 57241100000, "netTangibleAssets": 53316000000}, {"maxAge": 1, "endDate": "2019-03-31", "cash": 3789000000, "shortTermInvestments": 1863800000, "netReceivables": 12993800000, "inventory": 2400000, "otherCurrentAssets": 618600000, "totalCurrentAssets": 40447300000, "longTermInvestments": 7070400000, "propertyPlantEquipment": 6975500000, "goodWill": 48000000, "intangibleAssets": 4117800000, "otherAssets": 3318200000, "deferredLongTermAssetCharges": 10900000, "totalAssets": 61977200000, "accountsPayable": 2294000000, "otherCurrentLiab": 840500000, "otherLiab": 1176600000, "minorityInterest": 44200000, "totalCurrentLiabilities": 5491500000, "totalLiab": 6668100000, "commonStock": 1970400000, "retainedEarnings": 48576300000, "treasuryStock": 53294500000, "capitalSurplus": 4718200000, "otherStockholderEquity": 53294500000, "totalStockholderEquity": 55264900000, "netTangibleAssets": 51099100000}, {"maxAge": 1, "endDate": "2018-03-31", "cash": 2635900000, "shortTermInvestments": 851900000, "netReceivables": 11628300000, "inventory": 2500000, "otherCurrentAssets": 558400000, "totalCurrentAssets": 30995500000, "longTermInvestments": 6322000000, "propertyPlantEquipment": 7659900000, "goodWill": 48000000, "intangibleAssets": 4197600000, "otherAssets": 3516600000, "deferredLongTermAssetCharges": 7200000, "totalAssets": 52739600000, "accountsPayable": 819200000, "otherCurrentLiab": 1623800000, "otherLiab": 898500000, "minorityInterest": 40100000, "totalCurrentLiabilities": 4917100000, "totalLiab": 5815600000, "commonStock": 1970400000, "retainedEarnings": 40195300000, "capitalSurplus": 4718200000, "totalStockholderEquity": 46883900000, "netTangibleAssets": 42638300000}, {"maxAge": 1, "endDate": "2017-03-31", "cash": 6618300000, "shortTermInvestments": 1262000000, "netReceivables": 8662400000, "inventory": 8900000, "otherCurrentAssets": 493000000, "totalCurrentAssets": 22628200000, "longTermInvestments": 6558400000, "propertyPlantEquipment": 7713600000, "goodWill": 48000000, "intangibleAssets": 4373100000, "otherAssets": 2494900000, "deferredLongTermAssetCharges": 34600000, "totalAssets": 43816200000, "accountsPayable": 721600000, "otherCurrentLiab": 430200000, "otherLiab": 689200000, "minorityInterest": 36100000, "totalCurrentLiabilities": 2806300000, "totalLiab": 3495500000, "commonStock": 1970400000, "retainedEarnings": 33596000000, "capitalSurplus": 4718200000, "totalStockholderEquity": 40284600000, "netTangibleAssets": 35863500000}], "maxAge": 86400}, "earningsTrend": {"trend": [{"maxAge": 1, "period": "0q", "endDate": "2018-12-31", "growth": {}, "earningsEstimate": {"avg": 0.0, "low": 0.0, "high": 0.0, "yearAgoEps": 6.77, "numberOfAnalysts": 0, "growth": {}}, "revenueEstimate": {"avg": 7933140000, "low": 7870280000, "high": 7996000000, "numberOfAnalysts": 2, "yearAgoRevenue": 6832800000, "growth": 0.161}, "epsTrend": {"current": 0.0, "7daysAgo": 8.65, "30daysAgo": 8.65, "60daysAgo": 8.65, "90daysAgo": 8.65}, "epsRevisions": {"upLast7days": 0, "upLast30days": 0, "downLast30days": 0, "downLast90days": {}}}, {"maxAge": 1, "period": "+1q", "endDate": "2019-03-31", "growth": {}, "earningsEstimate": {"avg": 0.0, "low": 0.0, "high": 0.0, "yearAgoEps": 7.35, "numberOfAnalysts": 0, "growth": {}}, "revenueEstimate": {"avg": 8238000000, "low": 8238000000, "high": 8238000000, "numberOfAnalysts": 1, "yearAgoRevenue": 7169500000, "growth": 0.14899999}, "epsTrend": {"current": 0.0, "7daysAgo": 0.0, "30daysAgo": 0.0, "60daysAgo": 0.0, "90daysAgo": 0.0}, "epsRevisions": {"upLast7days": 0, "upLast30days": 0, "downLast30days": 0, "downLast90days": {}}}, {"maxAge": 1, "period": "0y", "endDate": "2019-03-31", "growth": {}, "earningsEstimate": {"avg": 0.0, "low": 0.0, "high": 0.0, "yearAgoEps": {}, "numberOfAnalysts": 0, "growth": {}}, "revenueEstimate": {"avg": 35657500000, "low": 34349400000, "high": 37778900000, "numberOfAnalysts": 4, "yearAgoRevenue": 28624500000, "growth": 0.246}, "epsTrend": {"current": 0.0, "7daysAgo": 35.92, "30daysAgo": 35.92, "60daysAgo": 35.92, "90daysAgo": 35.92}, "epsRevisions": {"upLast7days": 0, "upLast30days": 1, "downLast30days": 0, "downLast90days": {}}}, {"maxAge": 1, "period": "+1y", "endDate": "2020-03-31", "growth": {}, "earningsEstimate": {"avg": 0.0, "low": 0.0, "high": 0.0, "yearAgoEps": {}, "numberOfAnalysts": 0, "growth": {}}, "revenueEstimate": {"avg": 40262700000, "low": 39536000000, "high": 41736800000, "numberOfAnalysts": 4, "yearAgoRevenue": 35657500000, "growth": 0.129}, "epsTrend": {"current": 0.0, "7daysAgo": 40.93, "30daysAgo": 40.93, "60daysAgo": 40.93, "90daysAgo": 40.93}, "epsRevisions": {"upLast7days": 0, "upLast30days": 1, "downLast30days": 0, "downLast90days": {}}}, {"maxAge": 1, "period": "+5y", "endDate": null, "growth": 0.16219999, "earningsEstimate": {"avg": {}, "low": {}, "high": {}, "yearAgoEps": {}, "numberOfAnalysts": {}, "growth": {}}, "revenueEstimate": {"avg": {}, "low": {}, "high": {}, "numberOfAnalysts": {}, "yearAgoRevenue": {}, "growth": {}}, "epsTrend": {"current": {}, "7daysAgo": {}, "30daysAgo": {}, "60daysAgo": {}, "90daysAgo": {}}, "epsRevisions": {"upLast7days": {}, "upLast30days": {}, "downLast30days": {}, "downLast90days": {}}}, {"maxAge": 1, "period": "-5y", "endDate": null, "growth": {}, "earningsEstimate": {"avg": {}, "low": {}, "high": {}, "yearAgoEps": {}, "numberOfAnalysts": {}, "growth": {}}, "revenueEstimate": {"avg": {}, "low": {}, "high": {}, "numberOfAnalysts": {}, "yearAgoRevenue": {}, "growth": {}}, "epsTrend": {"current": {}, "7daysAgo": {}, "30daysAgo": {}, "60daysAgo": {}, "90daysAgo": {}}, "epsRevisions": {"upLast7days": {}, "upLast30days": {}, "downLast30days": {}, "downLast90days": {}}}], "maxAge": 1}, "financialData": {"maxAge": 86400, "currentPrice": 543.85, "targetHighPrice": 1402.0, "targetLowPrice": 589.0, "targetMeanPrice": 858.48, "targetMedianPrice": 835.0, "recommendationKey": "none", "numberOfAnalystOpinions": 23, "grossProfits": 25962900000, "financialCurrency": "INR"}}}