{"SUPERHOUSE.BO": {"recommendationTrend": {"trend": [{"period": "0m", "strongBuy": 0, "buy": 0, "hold": 0, "sell": 0, "strongSell": 0}, {"period": "-1m", "strongBuy": 0, "buy": 0, "hold": 0, "sell": 0, "strongSell": 0}, {"period": "-2m", "strongBuy": 0, "buy": 0, "hold": 0, "sell": 0, "strongSell": 0}, {"period": "-3m", "strongBuy": 0, "buy": 0, "hold": 0, "sell": 0, "strongSell": 0}], "maxAge": 86400}, "cashflowStatementHistory": {"cashflowStatements": [{"maxAge": 1, "endDate": "2020-03-31", "netIncome": 262442000, "depreciation": 146638000, "changeToNetincome": 92385000, "changeToAccountReceivables": 129768000, "changeToLiabilities": -274571000, "changeToInventory": 43988000, "changeToOperatingActivities": 154664000, "totalCashFromOperatingActivities": 556432000, "capitalExpenditures": -119294000, "investments": -500000, "otherCashflowsFromInvestingActivities": 6242000, "totalCashflowsFromInvestingActivities": -97634000, "dividendsPaid": -11025000, "netBorrowings": -289520000, "otherCashflowsFromFinancingActivities": -171605000, "totalCashFromFinancingActivities": -472150000, "changeInCash": -13352000}, {"maxAge": 1, "endDate": "2019-03-31", "netIncome": 209026000, "depreciation": 152701000, "changeToNetincome": 167875000, "changeToAccountReceivables": 51710000, "changeToLiabilities": -89533000, "changeToInventory": 33174000, "changeToOperatingActivities": -111770000, "totalCashFromOperatingActivities": 414288000, "capitalExpenditures": -124491000, "investments": -8364000, "otherCashflowsFromInvestingActivities": 32575000, "totalCashflowsFromInvestingActivities": -89133000, "dividendsPaid": -11025000, "netBorrowings": -101477000, "otherCashflowsFromFinancingActivities": -195821000, "totalCashFromFinancingActivities": -308323000, "changeInCash": 16832000}, {"maxAge": 1, "endDate": "2018-03-31", "netIncome": 176315000, "depreciation": 155624000, "changeToNetincome": 137776000, "changeToAccountReceivables": -484000000, "changeToLiabilities": 354846000, "changeToInventory": -7837000, "changeToOperatingActivities": -123825000, "totalCashFromOperatingActivities": 208899000, "capitalExpenditures": -114109000, "investments": -3000000, "otherCashflowsFromInvestingActivities": -1443000, "totalCashflowsFromInvestingActivities": -58829000, "dividendsPaid": -11025000, "netBorrowings": -13937000, "otherCashflowsFromFinancingActivities": -200616000, "totalCashFromFinancingActivities": -225578000, "changeInCash": -75508000}, {"maxAge": 1, "endDate": "2017-03-31", "netIncome": 83721000, "depreciation": 153991000, "changeToNetincome": 160426000, "changeToAccountReceivables": 263578000, "changeToLiabilities": -100896000, "changeToInventory": 105498000, "changeToOperatingActivities": -70246000, "totalCashFromOperatingActivities": 597367000, "capitalExpenditures": -197007000, "investments": -3375000, "otherCashflowsFromInvestingActivities": -44173000, "totalCashflowsFromInvestingActivities": -217626000, "dividendsPaid": -16538000, "netBorrowings": -104720000, "otherCashflowsFromFinancingActivities": -203826000, "totalCashFromFinancingActivities": -325084000, "changeInCash": 54657000}], "maxAge": 86400}, "institutionOwnership": {"ownershipList": [], "maxAge": 1}, "balanceSheetHistoryQuarterly": {"balanceSheetStatements": [{"maxAge": 1, "endDate": "2020-06-30", "totalStockholderEquity": 3532567000, "netTangibleAssets": 3471944000}, {"maxAge": 1, "endDate": "2020-03-31", "cash": 115313000, "netReceivables": 1590833000, "inventory": 1977236000, "otherCurrentAssets": 538391000, "totalCurrentAssets": 4231977000, "longTermInvestments": 248630000, "propertyPlantEquipment": 2099295000, "goodWill": 58485000, "intangibleAssets": 2138000, "otherAssets": 205989000, "deferredLongTermAssetCharges": 52701000, "totalAssets": 6846514000, "accountsPayable": 985517000, "shortLongTermDebt": 264758000, "otherCurrentLiab": 265037000, "longTermDebt": 202270000, "otherLiab": 156409000, "totalCurrentLiabilities": 2955268000, "totalLiab": 3313947000, "commonStock": 110250000, "retainedEarnings": 3082916000, "treasuryStock": 160680000, "capitalSurplus": 178721000, "otherStockholderEquity": 160680000, "totalStockholderEquity": 3532567000, "netTangibleAssets": 3471944000}, {"maxAge": 1, "endDate": "2019-12-31", "totalStockholderEquity": 3390488000, "netTangibleAssets": 3329617000}, {"maxAge": 1, "endDate": "2019-09-30", "cash": 478352000, "shortTermInvestments": 401712000, "netReceivables": 1581591000, "inventory": 1965604000, "otherCurrentAssets": 204874000, "totalCurrentAssets": 4632133000, "longTermInvestments": 240571000, "propertyPlantEquipment": 2125934000, "goodWill": 58485000, "intangibleAssets": 2386000, "otherAssets": 181301000, "deferredLongTermAssetCharges": 55385000, "totalAssets": 7240810000, "accountsPayable": 1295231000, "otherCurrentLiab": 569623000, "longTermDebt": 292803000, "otherLiab": 193094000, "totalCurrentLiabilities": 3364425000, "totalLiab": 3850322000, "commonStock": 110250000, "treasuryStock": 3280238000, "otherStockholderEquity": 3280238000, "totalStockholderEquity": 3390488000, "netTangibleAssets": 3329617000}], "maxAge": 86400}, "earningsHistory": {"history": [{"maxAge": 1, "epsActual": {}, "epsEstimate": {}, "epsDifference": {}, "surprisePercent": {}, "quarter": {}, "period": "-4q"}, {"maxAge": 1, "epsActual": {}, "epsEstimate": {}, "epsDifference": {}, "surprisePercent": {}, "quarter": {}, "period": "-3q"}, {"maxAge": 1, "epsActual": {}, "epsEstimate": {}, "epsDifference": {}, "surprisePercent": {}, "quarter": {}, "period": "-2q"}, {"maxAge": 1, "epsActual": 5.32, "epsEstimate": 3.38, "epsDifference": 1.94, "surprisePercent": 0.574, "quarter": "2018-03-31", "period": "-1q"}], "maxAge": 86400}, "indexTrend": {"maxAge": 1, "symbol": "SP5", "peRatio": 19.7411, "pegRatio": 1.34172, "estimates": [{"period": "0q", "growth": 0.549}, {"period": "+1q", "growth": 0.431}, {"period": "0y", "growth": 0.305}, {"period": "+1y", "growth": 0.109}, {"period": "+5y", "growth": 0.120865}, {"period": "-5y"}]}, "industryTrend": {"maxAge": 1, "symbol": null, "estimates": []}, "insiderTransactions": {"transactions": [{"maxAge": 1, "shares": 2000, "filerUrl": "", "transactionText": "", "filerName": "Mukhtar (Shahina)", "filerRelation": "Wholetime Director", "moneyText": "", "startDate": "2013-11-11", "ownership": "D"}, {"maxAge": 1, "shares": 2000, "filerUrl": "", "transactionText": "", "filerName": "Amin (Mukhtarul)", "filerRelation": "Executive Chairman", "moneyText": "", "startDate": "2013-11-11", "ownership": "D"}, {"maxAge": 1, "shares": 1981, "filerUrl": "", "transactionText": "", "filerName": "Amin (Mukhtarul)", "filerRelation": "Executive Chairman", "moneyText": "", "startDate": "2013-08-20", "ownership": "D"}, {"maxAge": 1, "shares": 1901, "filerUrl": "", "transactionText": "", "filerName": "Mukhtar (Shahina)", "filerRelation": "Wholetime Director", "moneyText": "", "startDate": "2013-08-19", "ownership": "D"}, {"maxAge": 1, "shares": 5500, "filerUrl": "", "transactionText": "", "filerName": "Mukhtar (Shahina)", "filerRelation": "Wholetime Director", "moneyText": "", "startDate": "2013-05-11", "ownership": "D"}, {"maxAge": 1, "shares": 7400, "filerUrl": "", "transactionText": "", "filerName": "Amin (Mukhtarul)", "filerRelation": "Executive Chairman", "moneyText": "", "startDate": "2013-05-10", "ownership": "D"}, {"maxAge": 1, "shares": 7000, "filerUrl": "", "transactionText": "", "filerName": "Amin (Mukhtarul)", "filerRelation": "Executive Chairman", "moneyText": "", "startDate": "2013-04-22", "ownership": "D"}, {"maxAge": 1, "shares": 7000, "filerUrl": "", "transactionText": "", "filerName": "Mukhtar (Shahina)", "filerRelation": "Wholetime Director", "moneyText": "", "startDate": "2013-04-22", "ownership": "D"}, {"maxAge": 1, "shares": 6400, "filerUrl": "", "transactionText": "", "filerName": "Steven Construction, Ltd.", "filerRelation": "Promoter", "moneyText": "", "startDate": "2013-04-11", "ownership": "D"}, {"maxAge": 1, "shares": 6000, "filerUrl": "", "transactionText": "", "filerName": "Steven Construction, Ltd.", "filerRelation": "Promoter", "moneyText": "", "startDate": "2012-09-21", "ownership": "D"}, {"maxAge": 1, "shares": 3000, "filerUrl": "", "transactionText": "", "filerName": "Amin (Zafarul)", "filerRelation": "Joint Managing director", "moneyText": "", "startDate": "2012-09-21", "ownership": "D"}, {"maxAge": 1, "shares": 3000, "filerUrl": "", "transactionText": "", "filerName": "Amin (Zafarul)", "filerRelation": "Joint Managing director", "moneyText": "", "startDate": "2012-09-20", "ownership": "D"}, {"maxAge": 1, "shares": 2000, "filerUrl": "", "transactionText": "", "filerName": "Steven Construction, Ltd.", "filerRelation": "Promoter", "moneyText": "", "startDate": "2012-09-18", "ownership": "D"}, {"maxAge": 1, "shares": 2000, "filerUrl": "", "transactionText": "", "filerName": "Mukhtar (Shahina)", "filerRelation": "Wholetime Director", "moneyText": "", "startDate": "2012-09-18", "ownership": "D"}, {"maxAge": 1, "shares": 3000, "filerUrl": "", "transactionText": "", "filerName": "Mukhtar (Shahina)", "filerRelation": "Wholetime Director", "moneyText": "", "startDate": "2012-09-17", "ownership": "D"}, {"maxAge": 1, "shares": 3000, "filerUrl": "", "transactionText": "", "filerName": "Steven Construction, Ltd.", "filerRelation": "Promoter", "moneyText": "", "startDate": "2012-09-17", "ownership": "D"}, {"maxAge": 1, "shares": 3000, "filerUrl": "", "transactionText": "", "filerName": "Mukhtar (Shahina)", "filerRelation": "Wholetime Director", "moneyText": "", "startDate": "2012-09-14", "ownership": "D"}, {"maxAge": 1, "shares": 3000, "filerUrl": "", "transactionText": "", "filerName": "Steven Construction, Ltd.", "filerRelation": "Promoter", "moneyText": "", "startDate": "2012-09-14", "ownership": "D"}, {"maxAge": 1, "shares": 3000, "filerUrl": "", "transactionText": "", "filerName": "Steven Construction, Ltd.", "filerRelation": "Promoter", "moneyText": "", "startDate": "2012-09-13", "ownership": "D"}], "maxAge": 1}, "quoteType": {"exchange": "BSE", "quoteType": "EQUITY", "symbol": "SUPERHOUSE.BO", "underlyingSymbol": "SUPERHOUSE.BO", "shortName": "SUPERHOUSE LTD.", "longName": "Superhouse Limited", "firstTradeDateEpochUtc": "2000-09-28 09:15:00", "timeZoneFullName": "Asia/Kolkata", "timeZoneShortName": "IST", "uuid": "73cb63c8-cb7a-342d-af88-98d06edcba63", "gmtOffSetMilliseconds": 19800000, "maxAge": 1}, "incomeStatementHistory": {"incomeStatementHistory": [{"maxAge": 1, "endDate": "2020-03-31", "totalRevenue": 6102393000, "costOfRevenue": 3514067000, "grossProfit": 2588326000, "researchDevelopment": {}, "sellingGeneralAdministrative": 590829000, "nonRecurring": {}, "otherOperatingExpenses": 1499575000, "totalOperatingExpenses": 5752227000, "operatingIncome": 350166000, "totalOtherIncomeExpenseNet": -82401000, "ebit": 350166000, "interestExpense": -139201000, "incomeBeforeTax": 267765000, "incomeTaxExpense": 5323000, "minorityInterest": {}, "netIncomeFromContinuingOps": 262442000, "discontinuedOperations": {}, "extraordinaryItems": {}, "effectOfAccountingCharges": {}, "otherItems": {}, "netIncome": 262442000, "netIncomeApplicableToCommonShares": 262442000}, {"maxAge": 1, "endDate": "2019-03-31", "totalRevenue": 6952581000, "costOfRevenue": 4220737000, "grossProfit": 2731844000, "researchDevelopment": {}, "sellingGeneralAdministrative": 594440000, "nonRecurring": {}, "otherOperatingExpenses": 1540331000, "totalOperatingExpenses": 6509314000, "operatingIncome": 443267000, "totalOtherIncomeExpenseNet": -126266000, "ebit": 443267000, "interestExpense": -151358000, "incomeBeforeTax": 317001000, "incomeTaxExpense": 107975000, "minorityInterest": {}, "netIncomeFromContinuingOps": 209026000, "discontinuedOperations": {}, "extraordinaryItems": {}, "effectOfAccountingCharges": {}, "otherItems": {}, "netIncome": 209026000, "netIncomeApplicableToCommonShares": 209026000}, {"maxAge": 1, "endDate": "2018-03-31", "totalRevenue": 6535177000, "costOfRevenue": 3951653000, "grossProfit": 2583524000, "researchDevelopment": {}, "sellingGeneralAdministrative": 582600000, "nonRecurring": {}, "otherOperatingExpenses": 1490049000, "totalOperatingExpenses": 6179926000, "operatingIncome": 355251000, "totalOtherIncomeExpenseNet": -106659000, "ebit": 355251000, "interestExpense": -161811000, "incomeBeforeTax": 248592000, "incomeTaxExpense": 72277000, "minorityInterest": {}, "netIncomeFromContinuingOps": 176315000, "discontinuedOperations": {}, "extraordinaryItems": {}, "effectOfAccountingCharges": {}, "otherItems": {}, "netIncome": 176315000, "netIncomeApplicableToCommonShares": 176315000}, {"maxAge": 1, "endDate": "2017-03-31", "totalRevenue": 6631283000, "costOfRevenue": 4079626000, "grossProfit": 2551657000, "researchDevelopment": {}, "sellingGeneralAdministrative": 575107000, "nonRecurring": {}, "otherOperatingExpenses": 1524491000, "totalOperatingExpenses": 6334510000, "operatingIncome": 296773000, "totalOtherIncomeExpenseNet": -139806000, "ebit": 296773000, "interestExpense": -164899000, "incomeBeforeTax": 156967000, "incomeTaxExpense": 73246000, "minorityInterest": {}, "netIncomeFromContinuingOps": 83721000, "discontinuedOperations": {}, "extraordinaryItems": {}, "effectOfAccountingCharges": {}, "otherItems": {}, "netIncome": 83721000, "netIncomeApplicableToCommonShares": 83721000}], "maxAge": 86400}, "fundOwnership": {"ownershipList": [], "maxAge": 1}, "summaryDetail": {"maxAge": 1, "priceHint": 2, "previousClose": 117.0, "open": 112.25, "dayLow": 112.25, "dayHigh": 125.0, "regularMarketPreviousClose": 117.0, "regularMarketOpen": 112.25, "regularMarketDayLow": 112.25, "regularMarketDayHigh": 125.0, "trailingPE": 6.5411887, "volume": 3524, "regularMarketVolume": 3524, "averageVolume": 10944, "averageVolume10days": 3255, "averageDailyVolume10Day": 3255, "bid": 116.05, "ask": 120.9, "bidSize": 0, "askSize": 0, "marketCap": 1281656192, "fiftyTwoWeekLow": 52.55, "fiftyTwoWeekHigh": 148.45, "fiftyDayAverage": 123.642426, "twoHundredDayAverage": 101.02831, "trailingAnnualDividendRate": 0.8, "trailingAnnualDividendYield": 0.006837607, "currency": "INR", "fromCurrency": null, "lastMarket": null, "algorithm": null, "tradeable": false}, "sectorTrend": {"maxAge": 1, "symbol": null, "estimates": []}, "incomeStatementHistoryQuarterly": {"incomeStatementHistory": [{"maxAge": 1, "endDate": "2020-06-30", "totalRevenue": 696932000, "costOfRevenue": 422724000, "grossProfit": 274208000, "researchDevelopment": {}, "sellingGeneralAdministrative": 82841000, "nonRecurring": {}, "otherOperatingExpenses": 144458000, "totalOperatingExpenses": 689415000, "operatingIncome": 7517000, "totalOtherIncomeExpenseNet": -11692000, "ebit": 7517000, "interestExpense": -32342000, "incomeBeforeTax": -4175000, "incomeTaxExpense": 535000, "minorityInterest": {}, "netIncomeFromContinuingOps": -4710000, "discontinuedOperations": {}, "extraordinaryItems": {}, "effectOfAccountingCharges": {}, "otherItems": {}, "netIncome": -4710000, "netIncomeApplicableToCommonShares": -4710000}, {"maxAge": 1, "endDate": "2020-03-31", "totalRevenue": 1087780000, "costOfRevenue": 488174000, "grossProfit": 599606000, "researchDevelopment": {}, "sellingGeneralAdministrative": 160871000, "nonRecurring": {}, "otherOperatingExpenses": 417621000, "totalOperatingExpenses": 1100950000, "operatingIncome": -13170000, "totalOtherIncomeExpenseNet": 34198000, "ebit": -13170000, "interestExpense": -1168000, "incomeBeforeTax": 21028000, "incomeTaxExpense": -8344000, "minorityInterest": {}, "netIncomeFromContinuingOps": 29372000, "discontinuedOperations": {}, "extraordinaryItems": {}, "effectOfAccountingCharges": {}, "otherItems": {}, "netIncome": 29372000, "netIncomeApplicableToCommonShares": 29372000}, {"maxAge": 1, "endDate": "2019-12-31", "totalRevenue": 1723710000, "costOfRevenue": 998537000, "grossProfit": 725173000, "researchDevelopment": {}, "sellingGeneralAdministrative": 139470000, "nonRecurring": {}, "otherOperatingExpenses": 407186000, "totalOperatingExpenses": 1583419000, "operatingIncome": 140291000, "totalOtherIncomeExpenseNet": -39652000, "ebit": 140291000, "interestExpense": -45615000, "incomeBeforeTax": 100639000, "incomeTaxExpense": 5667000, "minorityInterest": {}, "netIncomeFromContinuingOps": 94972000, "discontinuedOperations": {}, "extraordinaryItems": {}, "effectOfAccountingCharges": {}, "otherItems": {}, "netIncome": 94972000, "netIncomeApplicableToCommonShares": 94972000}, {"maxAge": 1, "endDate": "2019-09-30", "totalRevenue": 1684731000, "costOfRevenue": 1015695000, "grossProfit": 669036000, "researchDevelopment": {}, "sellingGeneralAdministrative": 151106000, "nonRecurring": {}, "otherOperatingExpenses": 371062000, "totalOperatingExpenses": 1574624000, "operatingIncome": 110107000, "totalOtherIncomeExpenseNet": -37363000, "ebit": 110107000, "interestExpense": -46713000, "incomeBeforeTax": 72744000, "incomeTaxExpense": -3281000, "minorityInterest": {}, "netIncomeFromContinuingOps": 76025000, "discontinuedOperations": {}, "extraordinaryItems": {}, "effectOfAccountingCharges": {}, "otherItems": {}, "netIncome": 76025000, "netIncomeApplicableToCommonShares": 76025000}], "maxAge": 86400}, "cashflowStatementHistoryQuarterly": {"cashflowStatements": [{"maxAge": 1, "endDate": "2020-06-30", "netIncome": -4710000, "changeToLiabilities": 0}, {"maxAge": 1, "endDate": "2020-03-31", "netIncome": 29372000, "changeToLiabilities": 0}, {"maxAge": 1, "endDate": "2019-12-31", "netIncome": 94972000, "changeToLiabilities": 0}, {"maxAge": 1, "endDate": "2019-09-30", "netIncome": 76025000, "changeToLiabilities": 0}], "maxAge": 86400}, "insiderHolders": {"holders": [{"maxAge": 1, "name": "Amin (Mukhtarul)", "relation": "Executive Chairman", "url": "", "transactionDescription": "Acquisition", "latestTransDate": "2013-11-11", "positionDirect": 1324487, "positionDirectDate": "2013-11-11"}, {"maxAge": 1, "name": "Amin (Zafarul)", "relation": "Joint Managing director", "url": "", "transactionDescription": "Acquisition", "latestTransDate": "2012-09-21", "positionDirect": 181988, "positionDirectDate": "2012-09-21"}, {"maxAge": 1, "name": "Mukhtar (Shahina)", "relation": "Wholetime Director", "url": "", "transactionDescription": "Acquisition", "latestTransDate": "2013-11-11", "positionDirect": 505560, "positionDirectDate": "2013-11-11"}, {"maxAge": 1, "name": "Steven Construction, Ltd.", "relation": "Promoter", "url": "", "transactionDescription": "Acquisition", "latestTransDate": "2013-04-11", "positionDirect": 1315119, "positionDirectDate": "2013-04-11"}], "maxAge": 1}, "earnings": {"maxAge": 86400, "earningsChart": {"quarterly": [{"date": "1Q2018", "actual": 5.32, "estimate": 3.38}], "currentQuarterEstimateDate": "2Q", "currentQuarterEstimateYear": 2018, "earningsDate": []}, "financialsChart": {"yearly": [{"date": 2017, "revenue": 6631283000, "earnings": 83721000}, {"date": 2018, "revenue": 6535177000, "earnings": 176315000}, {"date": 2019, "revenue": 6952581000, "earnings": 209026000}, {"date": 2020, "revenue": 6102393000, "earnings": 262442000}], "quarterly": [{"date": "3Q2019", "revenue": 1684731000, "earnings": 76025000}, {"date": "4Q2019", "revenue": 1723710000, "earnings": 94972000}, {"date": "1Q2020", "revenue": 1087780000, "earnings": 29372000}, {"date": "2Q2020", "revenue": 696932000, "earnings": -4710000}]}, "financialCurrency": "INR"}, "calendarEvents": {"maxAge": 1, "earnings": {"earningsDate": []}}, "upgradeDowngradeHistory": {"history": [], "maxAge": 86400}, "price": {"maxAge": 1, "regularMarketChangePercent": -0.0064102565, "regularMarketChange": -0.75, "regularMarketTime": "2021-04-30 15:26:48", "priceHint": 2, "regularMarketPrice": 116.25, "regularMarketDayHigh": 125.0, "regularMarketDayLow": 112.25, "regularMarketVolume": 3524, "averageDailyVolume10Day": 3255, "averageDailyVolume3Month": 10944, "regularMarketPreviousClose": 117.0, "regularMarketSource": "FREE_REALTIME", "regularMarketOpen": 112.25, "exchange": "BSE", "exchangeName": "BSE", "exchangeDataDelayedBy": 0, "marketState": "CLOSED", "quoteType": "EQUITY", "symbol": "SUPERHOUSE.BO", "underlyingSymbol": null, "shortName": "SUPERHOUSE LTD.", "longName": "Superhouse Limited", "currency": "INR", "quoteSourceName": "Delayed Quote", "currencySymbol": "\u20b9", "fromCurrency": null, "lastMarket": null, "marketCap": 1281656192}, "balanceSheetHistory": {"balanceSheetStatements": [{"maxAge": 1, "endDate": "2020-03-31", "cash": 115313000, "netReceivables": 1590833000, "inventory": 1977236000, "otherCurrentAssets": 538391000, "totalCurrentAssets": 4231977000, "longTermInvestments": 248630000, "propertyPlantEquipment": 2099295000, "goodWill": 58485000, "intangibleAssets": 2138000, "otherAssets": 205989000, "deferredLongTermAssetCharges": 52701000, "totalAssets": 6846514000, "accountsPayable": 985517000, "shortLongTermDebt": 264758000, "otherCurrentLiab": 265037000, "longTermDebt": 202270000, "otherLiab": 156409000, "totalCurrentLiabilities": 2955268000, "totalLiab": 3313947000, "commonStock": 110250000, "retainedEarnings": 3082916000, "treasuryStock": 160680000, "capitalSurplus": 178721000, "otherStockholderEquity": 160680000, "totalStockholderEquity": 3532567000, "netTangibleAssets": 3471944000}, {"maxAge": 1, "endDate": "2019-03-31", "cash": 128665000, "netReceivables": 1739046000, "inventory": 2021224000, "otherCurrentAssets": 609520000, "totalCurrentAssets": 4511682000, "longTermInvestments": 191602000, "propertyPlantEquipment": 2167053000, "goodWill": 58485000, "intangibleAssets": 2516000, "otherAssets": 184550000, "deferredLongTermAssetCharges": 50747000, "totalAssets": 7115888000, "accountsPayable": 1260088000, "shortLongTermDebt": 198235000, "otherCurrentLiab": 280411000, "longTermDebt": 366003000, "otherLiab": 215071000, "totalCurrentLiabilities": 3303715000, "totalLiab": 3884789000, "commonStock": 110250000, "retainedEarnings": 2781405000, "treasuryStock": 160723000, "capitalSurplus": 178721000, "otherStockholderEquity": 160723000, "totalStockholderEquity": 3231099000, "netTangibleAssets": 3170098000}, {"maxAge": 1, "endDate": "2018-03-31", "cash": 111833000, "netReceivables": 1723273000, "inventory": 2054398000, "otherCurrentAssets": 583478000, "totalCurrentAssets": 4485618000, "longTermInvestments": 155784000, "propertyPlantEquipment": 2213142000, "goodWill": 58485000, "intangibleAssets": 3042000, "otherAssets": 183391000, "deferredLongTermAssetCharges": 52697000, "totalAssets": 7099462000, "accountsPayable": 1349621000, "shortLongTermDebt": 225444000, "otherCurrentLiab": 291790000, "longTermDebt": 423680000, "otherLiab": 209297000, "totalCurrentLiabilities": 3459001000, "totalLiab": 4091978000, "commonStock": 110250000, "retainedEarnings": 2556667000, "treasuryStock": 161846000, "capitalSurplus": 178721000, "otherStockholderEquity": 161846000, "totalStockholderEquity": 3007484000, "netTangibleAssets": 2945957000}, {"maxAge": 1, "endDate": "2017-03-31", "cash": 187341000, "netReceivables": 1227272000, "inventory": 2046561000, "otherCurrentAssets": 457533000, "totalCurrentAssets": 3929891000, "longTermInvestments": 121084000, "propertyPlantEquipment": 2248784000, "goodWill": 58485000, "intangibleAssets": 3361000, "otherAssets": 242531000, "deferredLongTermAssetCharges": 45257000, "totalAssets": 6604136000, "accountsPayable": 994775000, "shortLongTermDebt": 187344000, "otherCurrentLiab": 337866000, "longTermDebt": 412635000, "otherLiab": 195226000, "totalCurrentLiabilities": 3161684000, "totalLiab": 3769545000, "commonStock": 110250000, "retainedEarnings": 2399254000, "treasuryStock": 146366000, "capitalSurplus": 178721000, "otherStockholderEquity": 146366000, "totalStockholderEquity": 2834591000, "netTangibleAssets": 2772745000}], "maxAge": 86400}, "earningsTrend": {"trend": [{"maxAge": 1, "period": "0q", "endDate": "2018-06-30", "growth": {}, "earningsEstimate": {"avg": 0.0, "low": 0.0, "high": 0.0, "yearAgoEps": {}, "numberOfAnalysts": 0, "growth": {}}, "revenueEstimate": {"avg": 0, "low": 0, "high": 0, "numberOfAnalysts": 0, "yearAgoRevenue": {}, "growth": {}}, "epsTrend": {"current": 0.0, "7daysAgo": 0.0, "30daysAgo": 0.0, "60daysAgo": 0.0, "90daysAgo": 0.0}, "epsRevisions": {"upLast7days": 0, "upLast30days": 0, "downLast30days": 0, "downLast90days": {}}}, {"maxAge": 1, "period": "+1q", "endDate": "2018-09-30", "growth": {}, "earningsEstimate": {"avg": 0.0, "low": 0.0, "high": 0.0, "yearAgoEps": {}, "numberOfAnalysts": 0, "growth": {}}, "revenueEstimate": {"avg": 0, "low": 0, "high": 0, "numberOfAnalysts": 0, "yearAgoRevenue": {}, "growth": {}}, "epsTrend": {"current": 0.0, "7daysAgo": 0.0, "30daysAgo": 0.0, "60daysAgo": 0.0, "90daysAgo": 0.0}, "epsRevisions": {"upLast7days": 0, "upLast30days": 0, "downLast30days": 0, "downLast90days": {}}}, {"maxAge": 1, "period": "0y", "endDate": "2019-03-31", "growth": {}, "earningsEstimate": {"avg": 0.0, "low": 0.0, "high": 0.0, "yearAgoEps": {}, "numberOfAnalysts": 0, "growth": {}}, "revenueEstimate": {"avg": 6213990000, "low": 6213990000, "high": 6213990000, "numberOfAnalysts": 1, "yearAgoRevenue": 5636990000, "growth": 0.102}, "epsTrend": {"current": 0.0, "7daysAgo": 12.99, "30daysAgo": 12.99, "60daysAgo": 12.99, "90daysAgo": 12.99}, "epsRevisions": {"upLast7days": 0, "upLast30days": 0, "downLast30days": 0, "downLast90days": {}}}, {"maxAge": 1, "period": "+1y", "endDate": "2020-03-31", "growth": {}, "earningsEstimate": {"avg": 0.0, "low": 0.0, "high": 0.0, "yearAgoEps": {}, "numberOfAnalysts": 0, "growth": {}}, "revenueEstimate": {"avg": 0, "low": 0, "high": 0, "numberOfAnalysts": 0, "yearAgoRevenue": 6213990000, "growth": {}}, "epsTrend": {"current": 0.0, "7daysAgo": 0.0, "30daysAgo": 0.0, "60daysAgo": 0.0, "90daysAgo": 0.0}, "epsRevisions": {"upLast7days": 0, "upLast30days": 0, "downLast30days": 0, "downLast90days": {}}}, {"maxAge": 1, "period": "+5y", "endDate": null, "growth": {}, "earningsEstimate": {"avg": {}, "low": {}, "high": {}, "yearAgoEps": {}, "numberOfAnalysts": {}, "growth": {}}, "revenueEstimate": {"avg": {}, "low": {}, "high": {}, "numberOfAnalysts": {}, "yearAgoRevenue": {}, "growth": {}}, "epsTrend": {"current": {}, "7daysAgo": {}, "30daysAgo": {}, "60daysAgo": {}, "90daysAgo": {}}, "epsRevisions": {"upLast7days": {}, "upLast30days": {}, "downLast30days": {}, "downLast90days": {}}}, {"maxAge": 1, "period": "-5y", "endDate": null, "growth": {}, "earningsEstimate": {"avg": {}, "low": {}, "high": {}, "yearAgoEps": {}, "numberOfAnalysts": {}, "growth": {}}, "revenueEstimate": {"avg": {}, "low": {}, "high": {}, "numberOfAnalysts": {}, "yearAgoRevenue": {}, "growth": {}}, "epsTrend": {"current": {}, "7daysAgo": {}, "30daysAgo": {}, "60daysAgo": {}, "90daysAgo": {}}, "epsRevisions": {"upLast7days": {}, "upLast30days": {}, "downLast30days": {}, "downLast90days": {}}}], "maxAge": 1}, "financialData": {"maxAge": 86400, "currentPrice": 116.25, "targetHighPrice": 269.0, "targetLowPrice": 269.0, "targetMeanPrice": 269.0, "targetMedianPrice": 269.0, "recommendationKey": "none", "numberOfAnalystOpinions": 1, "grossProfits": 2588326000, "financialCurrency": "INR"}}}