{"SUPERTEX.BO": {"cashflowStatementHistory": {"cashflowStatements": [{"maxAge": 1, "endDate": "2020-03-31", "netIncome": 9900000, "depreciation": 6428000, "changeToNetincome": 27713000, "changeToAccountReceivables": -130000000, "changeToLiabilities": 100460000, "changeToInventory": 8869000, "totalCashFromOperatingActivities": 23370000, "capitalExpenditures": -31411000, "otherCashflowsFromInvestingActivities": 8470000, "totalCashflowsFromInvestingActivities": -22941000, "netBorrowings": 25649000, "otherCashflowsFromFinancingActivities": -27207000, "totalCashFromFinancingActivities": -1558000, "changeInCash": -1129000}, {"maxAge": 1, "endDate": "2019-03-31", "netIncome": -1203000, "depreciation": 5632000, "changeToNetincome": 32681000, "changeToAccountReceivables": 65046000, "changeToLiabilities": -109329000, "changeToInventory": 16941000, "totalCashFromOperatingActivities": 9768000, "capitalExpenditures": -20703000, "investments": 1413000, "otherCashflowsFromInvestingActivities": 8470000, "totalCashflowsFromInvestingActivities": -19290000, "netBorrowings": 32372000, "otherCashflowsFromFinancingActivities": -21009000, "totalCashFromFinancingActivities": 11363000, "changeInCash": 1842000}, {"maxAge": 1, "endDate": "2018-03-31", "netIncome": 6176000, "depreciation": 5417000, "changeToNetincome": 25989000, "changeToAccountReceivables": -37621000, "changeToLiabilities": 25092000, "changeToInventory": -29934000, "totalCashFromOperatingActivities": -4881000, "capitalExpenditures": -1027000, "investments": 1413000, "otherCashflowsFromInvestingActivities": 8470000, "totalCashflowsFromInvestingActivities": -1027000, "netBorrowings": 20859000, "otherCashflowsFromFinancingActivities": -22166000, "totalCashFromFinancingActivities": -1307000, "changeInCash": -7216000}, {"maxAge": 1, "endDate": "2017-03-31", "netIncome": 5390000, "depreciation": 4935000, "changeToNetincome": 17760000, "changeToAccountReceivables": 6315000, "changeToLiabilities": 40401000, "changeToInventory": -17756000, "totalCashFromOperatingActivities": 57045000, "capitalExpenditures": -20130000, "investments": 1413000, "otherCashflowsFromInvestingActivities": 1050000, "totalCashflowsFromInvestingActivities": -19080000, "netBorrowings": -15488000, "otherCashflowsFromFinancingActivities": -19913000, "totalCashFromFinancingActivities": -35401000, "changeInCash": 2564000}], "maxAge": 86400}, "institutionOwnership": {"ownershipList": [], "maxAge": 1}, "balanceSheetHistoryQuarterly": {"balanceSheetStatements": [{"maxAge": 1, "endDate": "2020-06-30", "totalStockholderEquity": 291900000, "netTangibleAssets": 291700000}, {"maxAge": 1, "endDate": "2020-03-31", "cash": 4800000, "netReceivables": 583300000, "inventory": 64600000, "totalCurrentAssets": 652700000, "propertyPlantEquipment": 124800000, "intangibleAssets": 200000, "otherAssets": 34300000, "deferredLongTermAssetCharges": 25500000, "totalAssets": 812000000, "accountsPayable": 243000000, "otherCurrentLiab": 43200000, "longTermDebt": 64900000, "otherLiab": 5100000, "totalCurrentLiabilities": 450100000, "totalLiab": 520100000, "commonStock": 113400000, "treasuryStock": 178500000, "otherStockholderEquity": 178500000, "totalStockholderEquity": 291900000, "netTangibleAssets": 291700000}, {"maxAge": 1, "endDate": "2019-12-31", "totalStockholderEquity": 285100000, "netTangibleAssets": 284900000}, {"maxAge": 1, "endDate": "2019-09-30", "cash": 3600000, "netReceivables": 457200000, "inventory": 80700000, "totalCurrentAssets": 541500000, "propertyPlantEquipment": 121500000, "intangibleAssets": 200000, "otherAssets": 33900000, "deferredLongTermAssetCharges": 26800000, "totalAssets": 697100000, "accountsPayable": 153900000, "otherCurrentLiab": 19700000, "longTermDebt": 67600000, "otherLiab": 5200000, "totalCurrentLiabilities": 339200000, "totalLiab": 412000000, "commonStock": 113400000, "treasuryStock": 171700000, "otherStockholderEquity": 171700000, "totalStockholderEquity": 285100000, "netTangibleAssets": 284900000}], "maxAge": 86400}, "indexTrend": {"maxAge": 1, "symbol": "SP5", "peRatio": 19.7411, "pegRatio": 1.34172, "estimates": [{"period": "0q", "growth": 0.549}, {"period": "+1q", "growth": 0.431}, {"period": "0y", "growth": 0.305}, {"period": "+1y", "growth": 0.109}, {"period": "+5y", "growth": 0.120859005}, {"period": "-5y"}]}, "insiderTransactions": {"transactions": [{"maxAge": 1, "shares": 67031, "filerUrl": "", "transactionText": "", "filerName": "Super Infincon Pvt Ltd", "filerRelation": "Promoter", "moneyText": "", "startDate": "2013-01-15", "ownership": "D"}, {"maxAge": 1, "shares": 50000, "filerUrl": "", "transactionText": "", "filerName": "Mishra (Sanjay Kumar) HUF", "filerRelation": "UNREPORTED", "moneyText": "", "startDate": "2012-12-07", "ownership": "D"}, {"maxAge": 1, "shares": 5100, "filerUrl": "", "transactionText": "", "filerName": "Mishra (Sanjay Kumar) HUF", "filerRelation": "UNREPORTED", "moneyText": "", "startDate": "2012-10-11", "ownership": "D"}, {"maxAge": 1, "shares": 568773, "filerUrl": "", "transactionText": "", "filerName": "Gandhi (Amrit Laxmichand)", "filerRelation": "UNREPORTED", "moneyText": "", "startDate": "2012-05-25", "ownership": "D"}, {"maxAge": 1, "shares": 21257154, "filerUrl": "", "transactionText": "", "filerName": "Super Infincon Pvt Ltd", "filerRelation": "Promoter", "moneyText": "", "startDate": "2011-12-07", "ownership": "D"}, {"maxAge": 1, "shares": 1118006, "filerUrl": "", "transactionText": "", "filerName": "Super Infincon Pvt Ltd", "filerRelation": "Institution- Corporation", "moneyText": "", "startDate": "2010-06-21", "ownership": "D"}, {"maxAge": 1, "shares": 599832, "filerUrl": "", "transactionText": "", "filerName": "Parameshwar Exports Pvt Ltd", "filerRelation": "Institution- Corporation", "moneyText": "", "startDate": "2010-06-17", "ownership": "D"}, {"maxAge": 1, "shares": 528863, "filerUrl": "", "transactionText": "", "filerName": "Mishra (Shyam Sundar)", "filerRelation": "Director", "moneyText": "", "startDate": "2010-05-07", "ownership": "D"}, {"maxAge": 1, "shares": 1208575, "filerUrl": "", "transactionText": "", "filerName": "Mishra (Shyam Sundar)", "filerRelation": "Director", "moneyText": "", "startDate": "2010-05-04", "ownership": "D"}, {"maxAge": 1, "shares": 2140115, "filerUrl": "", "transactionText": "", "filerName": "Mishra (Sanjay Kumar)", "filerRelation": "Director", "moneyText": "", "startDate": "2010-04-27", "ownership": "D"}, {"maxAge": 1, "shares": 1370312, "filerUrl": "", "transactionText": "", "filerName": "Super Infincon Pvt Ltd", "filerRelation": "Institution- Corporation", "moneyText": "", "startDate": "2010-04-23", "ownership": "D"}, {"maxAge": 1, "shares": 3547237, "filerUrl": "", "transactionText": "", "filerName": "Super Infincon Pvt Ltd", "filerRelation": "Institution- Corporation", "moneyText": "", "startDate": "2010-04-03", "ownership": "D"}, {"maxAge": 1, "shares": 231213, "filerUrl": "", "transactionText": "", "filerName": "Parameshwar Exports Pvt Ltd", "filerRelation": "Institution- Corporation", "moneyText": "", "startDate": "2009-12-31", "ownership": "D"}, {"maxAge": 1, "shares": 322790, "filerUrl": "", "transactionText": "", "filerName": "Super Infincon Pvt Ltd", "filerRelation": "Institution- Corporation", "moneyText": "", "startDate": "2009-12-22", "ownership": "D"}, {"maxAge": 1, "shares": 348294, "filerUrl": "", "transactionText": "", "filerName": "Super Infincon Pvt Ltd", "filerRelation": "Institution- Corporation", "moneyText": "", "startDate": "2009-12-11", "ownership": "D"}, {"maxAge": 1, "shares": 2099796, "filerUrl": "", "transactionText": "", "filerName": "Super Infincon Pvt Ltd", "filerRelation": "Institution- Corporation", "moneyText": "", "startDate": "2009-11-30", "ownership": "D"}, {"maxAge": 1, "shares": 650000, "filerUrl": "", "transactionText": "", "filerName": "Super Infincon Pvt Ltd", "filerRelation": "Institution- Corporation", "moneyText": "", "startDate": "2009-10-12", "ownership": "D"}], "maxAge": 1}, "quoteType": {"exchange": "BSE", "quoteType": "EQUITY", "symbol": "SUPERTEX.BO", "underlyingSymbol": "SUPERTEX.BO", "shortName": "SUPERTEX INDUSTRIES LTD.", "longName": "Supertex Industries Limited", "firstTradeDateEpochUtc": "2002-07-01 09:15:00", "timeZoneFullName": "Asia/Kolkata", "timeZoneShortName": "IST", "uuid": "16bfa320-0c74-36b1-b481-d91b2075a850", "gmtOffSetMilliseconds": 19800000, "maxAge": 1}, "incomeStatementHistory": {"incomeStatementHistory": [{"maxAge": 1, "endDate": "2020-03-31", "totalRevenue": 1262100000, "costOfRevenue": 1105100000, "grossProfit": 157000000, "researchDevelopment": {}, "sellingGeneralAdministrative": 28600000, "nonRecurring": {}, "otherOperatingExpenses": 84700000, "totalOperatingExpenses": 1224800000, "operatingIncome": 37300000, "totalOtherIncomeExpenseNet": -26800000, "ebit": 37300000, "interestExpense": -27200000, "incomeBeforeTax": 10500000, "incomeTaxExpense": 600000, "minorityInterest": {}, "netIncomeFromContinuingOps": 9900000, "discontinuedOperations": {}, "extraordinaryItems": {}, "effectOfAccountingCharges": {}, "otherItems": {}, "netIncome": 9900000, "netIncomeApplicableToCommonShares": 9900000}, {"maxAge": 1, "endDate": "2019-03-31", "totalRevenue": 961778000, "costOfRevenue": 834870000, "grossProfit": 126908000, "researchDevelopment": {}, "sellingGeneralAdministrative": 22934000, "nonRecurring": {}, "otherOperatingExpenses": 68404000, "totalOperatingExpenses": 931840000, "operatingIncome": 29938000, "totalOtherIncomeExpenseNet": -19333000, "ebit": 29938000, "interestExpense": -17294000, "incomeBeforeTax": 10605000, "incomeTaxExpense": 11808000, "minorityInterest": {}, "netIncomeFromContinuingOps": -1203000, "discontinuedOperations": {}, "extraordinaryItems": {}, "effectOfAccountingCharges": {}, "otherItems": {}, "netIncome": -1203000, "netIncomeApplicableToCommonShares": -1203000}, {"maxAge": 1, "endDate": "2018-03-31", "totalRevenue": 1139448000, "costOfRevenue": 1007471000, "grossProfit": 131977000, "researchDevelopment": {}, "sellingGeneralAdministrative": 26744000, "nonRecurring": {}, "otherOperatingExpenses": 69921000, "totalOperatingExpenses": 1109553000, "operatingIncome": 29895000, "totalOtherIncomeExpenseNet": -19682000, "ebit": 29895000, "interestExpense": -20575000, "incomeBeforeTax": 10213000, "incomeTaxExpense": 4037000, "minorityInterest": {}, "netIncomeFromContinuingOps": 6176000, "discontinuedOperations": {}, "extraordinaryItems": {}, "effectOfAccountingCharges": {}, "otherItems": {}, "netIncome": 6176000, "netIncomeApplicableToCommonShares": 6176000}, {"maxAge": 1, "endDate": "2017-03-31", "totalRevenue": 944713000, "costOfRevenue": 822426000, "grossProfit": 122287000, "researchDevelopment": {}, "sellingGeneralAdministrative": 26424000, "nonRecurring": {}, "otherOperatingExpenses": 75481000, "totalOperatingExpenses": 929266000, "operatingIncome": 15447000, "totalOtherIncomeExpenseNet": -11161000, "ebit": 15447000, "interestExpense": -17955000, "incomeBeforeTax": 4286000, "incomeTaxExpense": -1104000, "minorityInterest": {}, "netIncomeFromContinuingOps": 5390000, "discontinuedOperations": {}, "extraordinaryItems": {}, "effectOfAccountingCharges": {}, "otherItems": {}, "netIncome": 5390000, "netIncomeApplicableToCommonShares": 5390000}], "maxAge": 86400}, "fundOwnership": {"ownershipList": [], "maxAge": 1}, "summaryDetail": {"maxAge": 1, "priceHint": 2, "previousClose": 5.38, "open": 5.36, "dayLow": 5.36, "dayHigh": 5.36, "regularMarketPreviousClose": 5.38, "regularMarketOpen": 5.36, "regularMarketDayLow": 5.36, "regularMarketDayHigh": 5.36, "volume": 600, "regularMarketVolume": 600, "averageVolume": 2094, "averageVolume10days": 4448, "averageDailyVolume10Day": 4448, "bid": 5.01, "ask": 5.36, "bidSize": 0, "askSize": 0, "marketCap": 60789368, "fiftyTwoWeekLow": 1.42, "fiftyTwoWeekHigh": 5.36, "fiftyDayAverage": 2.3969696, "twoHundredDayAverage": 2.1379411, "currency": "INR", "fromCurrency": null, "lastMarket": null, "algorithm": null, "tradeable": false}, "incomeStatementHistoryQuarterly": {"incomeStatementHistory": [{"maxAge": 1, "endDate": "2020-06-30", "totalRevenue": 18700000, "costOfRevenue": 10200000, "grossProfit": 8500000, "researchDevelopment": {}, "sellingGeneralAdministrative": 4800000, "nonRecurring": {}, "otherOperatingExpenses": 7800000, "totalOperatingExpenses": 24800000, "operatingIncome": -6100000, "totalOtherIncomeExpenseNet": -4000000, "ebit": -6100000, "interestExpense": -4000000, "incomeBeforeTax": -10100000, "incomeTaxExpense": 100000, "minorityInterest": {}, "netIncomeFromContinuingOps": -10200000, "discontinuedOperations": {}, "extraordinaryItems": {}, "effectOfAccountingCharges": {}, "otherItems": {}, "netIncome": -10200000, "netIncomeApplicableToCommonShares": -10200000}, {"maxAge": 1, "endDate": "2020-03-31", "totalRevenue": 357400000, "costOfRevenue": 305300000, "grossProfit": 52100000, "researchDevelopment": {}, "sellingGeneralAdministrative": 9600000, "nonRecurring": {}, "otherOperatingExpenses": 25300000, "totalOperatingExpenses": 341400000, "operatingIncome": 16000000, "totalOtherIncomeExpenseNet": -9400000, "ebit": 16000000, "interestExpense": -9500000, "incomeBeforeTax": 6600000, "incomeTaxExpense": -400000, "minorityInterest": {}, "netIncomeFromContinuingOps": 7000000, "discontinuedOperations": {}, "extraordinaryItems": {}, "effectOfAccountingCharges": {}, "otherItems": {}, "netIncome": 7000000, "netIncomeApplicableToCommonShares": 7000000}, {"maxAge": 1, "endDate": "2019-12-31", "totalRevenue": 375100000, "costOfRevenue": 339500000, "grossProfit": 35600000, "researchDevelopment": {}, "sellingGeneralAdministrative": 5700000, "nonRecurring": {}, "otherOperatingExpenses": 20300000, "totalOperatingExpenses": 367400000, "operatingIncome": 7700000, "totalOtherIncomeExpenseNet": -6300000, "ebit": 7700000, "interestExpense": -6400000, "incomeBeforeTax": 1400000, "incomeTaxExpense": 1300000, "minorityInterest": {}, "netIncomeFromContinuingOps": 100000, "discontinuedOperations": {}, "extraordinaryItems": {}, "effectOfAccountingCharges": {}, "otherItems": {}, "netIncome": 100000, "netIncomeApplicableToCommonShares": 100000}, {"maxAge": 1, "endDate": "2019-09-30", "totalRevenue": 342100000, "costOfRevenue": 303500000, "grossProfit": 38600000, "researchDevelopment": {}, "sellingGeneralAdministrative": 7400000, "nonRecurring": {}, "otherOperatingExpenses": 22100000, "totalOperatingExpenses": 334600000, "operatingIncome": 7500000, "totalOtherIncomeExpenseNet": -5500000, "ebit": 7500000, "interestExpense": -5500000, "incomeBeforeTax": 2000000, "incomeTaxExpense": 600000, "minorityInterest": {}, "netIncomeFromContinuingOps": 1400000, "discontinuedOperations": {}, "extraordinaryItems": {}, "effectOfAccountingCharges": {}, "otherItems": {}, "netIncome": 1400000, "netIncomeApplicableToCommonShares": 1400000}], "maxAge": 86400}, "cashflowStatementHistoryQuarterly": {"cashflowStatements": [{"maxAge": 1, "endDate": "2020-06-30", "netIncome": -10200000, "changeToLiabilities": 0}, {"maxAge": 1, "endDate": "2020-03-31", "netIncome": 7000000, "changeToLiabilities": 0}, {"maxAge": 1, "endDate": "2019-12-31", "netIncome": 100000, "changeToLiabilities": 0}, {"maxAge": 1, "endDate": "2019-09-30", "netIncome": 1400000, "changeToLiabilities": 0}], "maxAge": 86400}, "insiderHolders": {"holders": [{"maxAge": 1, "name": "Gandhi (Amrit Laxmichand)", "relation": "UNREPORTED", "url": "", "transactionDescription": "Acquisition", "latestTransDate": "2012-05-25", "positionDirect": 981999, "positionDirectDate": "2012-05-25"}, {"maxAge": 1, "name": "Mishra (Sanjay Kumar)", "relation": "Director", "url": "", "transactionDescription": "Sale", "latestTransDate": "2010-04-27", "positionDirect": 143905, "positionDirectDate": "2010-04-27"}, {"maxAge": 1, "name": "Mishra (Sanjay Kumar) HUF", "relation": "UNREPORTED", "url": "", "transactionDescription": "Acquisition", "latestTransDate": "2012-12-07", "positionDirect": 55100, "positionDirectDate": "2012-12-07"}, {"maxAge": 1, "name": "Mishra (Shyam Sundar)", "relation": "Director", "url": "", "transactionDescription": "Sale", "latestTransDate": "2010-05-07", "positionDirect": 3605552, "positionDirectDate": "2010-05-07"}, {"maxAge": 1, "name": "Parameshwar Exports Pvt Ltd", "relation": "Institution- Corporation", "url": "", "transactionDescription": "Sale", "latestTransDate": "2010-06-17", "positionDirect": 6411119, "positionDirectDate": "2010-06-17"}, {"maxAge": 1, "name": "Super Infincon Pvt Ltd", "relation": "Promoter", "url": "", "transactionDescription": "Sale", "latestTransDate": "2013-01-15", "positionDirect": 553974, "positionDirectDate": "2013-01-15"}], "maxAge": 1}, "calendarEvents": {"maxAge": 1, "earnings": {"earningsDate": []}}, "upgradeDowngradeHistory": {"history": [], "maxAge": 86400}, "price": {"maxAge": 1, "regularMarketChangePercent": -0.0037174686, "regularMarketChange": -0.01999998, "regularMarketTime": "2021-04-30 15:23:18", "priceHint": 2, "regularMarketPrice": 5.36, "regularMarketDayHigh": 5.36, "regularMarketDayLow": 5.36, "regularMarketVolume": 600, "averageDailyVolume10Day": 4448, "averageDailyVolume3Month": 2094, "regularMarketPreviousClose": 5.38, "regularMarketSource": "FREE_REALTIME", "regularMarketOpen": 5.36, "exchange": "BSE", "exchangeName": "BSE", "exchangeDataDelayedBy": 0, "marketState": "CLOSED", "quoteType": "EQUITY", "symbol": "SUPERTEX.BO", "underlyingSymbol": null, "shortName": "SUPERTEX INDUSTRIES LTD.", "longName": "Supertex Industries Limited", "currency": "INR", "quoteSourceName": "Delayed Quote", "currencySymbol": "\u20b9", "fromCurrency": null, "lastMarket": null, "marketCap": 60789368}, "balanceSheetHistory": {"balanceSheetStatements": [{"maxAge": 1, "endDate": "2020-03-31", "cash": 4800000, "netReceivables": 583300000, "inventory": 64600000, "totalCurrentAssets": 652700000, "propertyPlantEquipment": 124800000, "intangibleAssets": 200000, "otherAssets": 34300000, "deferredLongTermAssetCharges": 25500000, "totalAssets": 812000000, "accountsPayable": 243000000, "otherCurrentLiab": 43200000, "longTermDebt": 64900000, "otherLiab": 5100000, "totalCurrentLiabilities": 450100000, "totalLiab": 520100000, "commonStock": 113400000, "treasuryStock": 178500000, "otherStockholderEquity": 178500000, "totalStockholderEquity": 291900000, "netTangibleAssets": 291700000}, {"maxAge": 1, "endDate": "2019-03-31", "cash": 5941000, "netReceivables": 453320000, "inventory": 73442000, "totalCurrentAssets": 532703000, "propertyPlantEquipment": 108239000, "intangibleAssets": 213000, "otherAssets": 35194000, "deferredLongTermAssetCharges": 26495000, "totalAssets": 676349000, "accountsPayable": 163361000, "otherCurrentLiab": 22873000, "longTermDebt": 59487000, "otherLiab": 4800000, "totalCurrentLiabilities": 329542000, "totalLiab": 393829000, "commonStock": 113413000, "retainedEarnings": -11044000, "treasuryStock": 145285000, "capitalSurplus": 34866000, "otherStockholderEquity": 145285000, "totalStockholderEquity": 282520000, "netTangibleAssets": 282307000}, {"maxAge": 1, "endDate": "2018-03-31", "cash": 4099000, "netReceivables": 518366000, "inventory": 90383000, "totalCurrentAssets": 612848000, "longTermInvestments": 1413000, "propertyPlantEquipment": 93170000, "intangibleAssets": 213000, "otherAssets": 48398000, "deferredLongTermAssetCharges": 38303000, "totalAssets": 756042000, "accountsPayable": 264612000, "otherCurrentLiab": 29599000, "longTermDebt": 4605000, "otherLiab": 4083000, "totalCurrentLiabilities": 463371000, "totalLiab": 472182000, "commonStock": 113413000, "retainedEarnings": -9704000, "treasuryStock": 145285000, "capitalSurplus": 34866000, "otherStockholderEquity": 145285000, "totalStockholderEquity": 283860000, "netTangibleAssets": 283647000}, {"maxAge": 1, "endDate": "2017-03-31", "cash": 11315000, "netReceivables": 480746000, "inventory": 60449000, "totalCurrentAssets": 552510000, "longTermInvestments": 1332000, "propertyPlantEquipment": 97560000, "intangibleAssets": 213000, "otherAssets": 52784000, "deferredLongTermAssetCharges": 42341000, "totalAssets": 704399000, "accountsPayable": 226769000, "otherCurrentLiab": 42817000, "longTermDebt": 2965000, "otherLiab": 3510000, "totalCurrentLiabilities": 419520000, "totalLiab": 426579000, "commonStock": 113413000, "retainedEarnings": -15744000, "treasuryStock": 145285000, "capitalSurplus": 34866000, "otherStockholderEquity": 145285000, "totalStockholderEquity": 277820000, "netTangibleAssets": 277607000}], "maxAge": 86400}, "financialData": {"maxAge": 86400, "currentPrice": 5.36, "recommendationKey": "none", "grossProfits": 157000000, "financialCurrency": "INR"}}}