{"SUPER.BO": {"recommendationTrend": {"trend": [{"period": "0m", "strongBuy": 0, "buy": 0, "hold": 0, "sell": 0, "strongSell": 0}, {"period": "-1m", "strongBuy": 0, "buy": 0, "hold": 0, "sell": 0, "strongSell": 0}, {"period": "-2m", "strongBuy": 0, "buy": 0, "hold": 0, "sell": 0, "strongSell": 0}, {"period": "-3m", "strongBuy": 0, "buy": 0, "hold": 0, "sell": 0, "strongSell": 0}], "maxAge": 86400}, "cashflowStatementHistory": {"cashflowStatements": [{"maxAge": 1, "endDate": "2020-03-31", "netIncome": 64395000, "depreciation": 193585000, "changeToNetincome": 48708000, "changeToAccountReceivables": -94418000, "changeToLiabilities": -6376000, "changeToInventory": 99130000, "changeToOperatingActivities": -64441000, "totalCashFromOperatingActivities": 240583000, "capitalExpenditures": -188367000, "investments": 7973000, "otherCashflowsFromInvestingActivities": 9492000, "totalCashflowsFromInvestingActivities": -145980000, "dividendsPaid": -7546000, "netBorrowings": -2056000, "otherCashflowsFromFinancingActivities": -84170000, "totalCashFromFinancingActivities": -93772000, "changeInCash": 831000}, {"maxAge": 1, "endDate": "2019-03-31", "netIncome": 59491000, "depreciation": 176740000, "changeToNetincome": 23543000, "changeToAccountReceivables": -56560000, "changeToLiabilities": 55548000, "changeToInventory": -150046000, "changeToOperatingActivities": 131057000, "totalCashFromOperatingActivities": 240162000, "capitalExpenditures": -228228000, "investments": 18146000, "otherCashflowsFromInvestingActivities": 14032000, "totalCashflowsFromInvestingActivities": -174357000, "dividendsPaid": -6069000, "netBorrowings": -2056000, "otherCashflowsFromFinancingActivities": -71803000, "totalCashFromFinancingActivities": -77872000, "changeInCash": -12067000}, {"maxAge": 1, "endDate": "2018-03-31", "netIncome": 142098000, "depreciation": 171371000, "changeToNetincome": 3804000, "changeToAccountReceivables": -123402000, "changeToLiabilities": 17131000, "changeToInventory": 14600000, "changeToOperatingActivities": 92171000, "totalCashFromOperatingActivities": 318157000, "capitalExpenditures": -163805000, "investments": -90541000, "otherCashflowsFromInvestingActivities": 14963000, "totalCashflowsFromInvestingActivities": -239149000, "dividendsPaid": -6116000, "netBorrowings": -2056000, "otherCashflowsFromFinancingActivities": -62715000, "totalCashFromFinancingActivities": -68831000, "changeInCash": 10177000}, {"maxAge": 1, "endDate": "2017-03-31", "netIncome": 145718000, "depreciation": 165481000, "changeToNetincome": 52907000, "changeToAccountReceivables": 26318000, "changeToLiabilities": -7204000, "changeToInventory": -60052000, "changeToOperatingActivities": 40541000, "totalCashFromOperatingActivities": 364054000, "capitalExpenditures": -195438000, "investments": -149493000, "otherCashflowsFromInvestingActivities": 12817000, "totalCashflowsFromInvestingActivities": -316223000, "dividendsPaid": -7679000, "netBorrowings": -2056000, "otherCashflowsFromFinancingActivities": -54788000, "totalCashFromFinancingActivities": -62467000, "changeInCash": -14636000}], "maxAge": 86400}, "institutionOwnership": {"maxAge": 1, "ownershipList": []}, "balanceSheetHistoryQuarterly": {"balanceSheetStatements": [{"maxAge": 1, "endDate": "2020-06-30", "totalStockholderEquity": 1880506000, "netTangibleAssets": 1880480000}, {"maxAge": 1, "endDate": "2020-03-31", "cash": 5273000, "netReceivables": 720079000, "inventory": 479132000, "otherCurrentAssets": 47845000, "totalCurrentAssets": 1256628000, "longTermInvestments": 528790000, "propertyPlantEquipment": 1210449000, "intangibleAssets": 26000, "otherAssets": 82550000, "totalAssets": 3078443000, "accountsPayable": 140636000, "otherCurrentLiab": 13773000, "otherLiab": 90180000, "totalCurrentLiabilities": 1104892000, "totalLiab": 1197937000, "commonStock": 30715000, "retainedEarnings": 1471559000, "treasuryStock": 306372000, "capitalSurplus": 71860000, "otherStockholderEquity": 306372000, "totalStockholderEquity": 1880506000, "netTangibleAssets": 1880480000}, {"maxAge": 1, "endDate": "2019-12-31", "totalStockholderEquity": 2199361000, "netTangibleAssets": 2199347000}, {"maxAge": 1, "endDate": "2019-09-30", "cash": 54581000, "shortTermInvestments": 44659000, "netReceivables": 592389000, "inventory": 354314000, "otherCurrentAssets": 113203000, "totalCurrentAssets": 1159146000, "longTermInvestments": 842428000, "propertyPlantEquipment": 1219290000, "intangibleAssets": 14000, "otherAssets": 108608000, "totalAssets": 3329486000, "accountsPayable": 99554000, "otherCurrentLiab": 140430000, "otherLiab": 88687000, "totalCurrentLiabilities": 1041438000, "totalLiab": 1130125000, "commonStock": 30715000, "treasuryStock": 2168646000, "otherStockholderEquity": 2168646000, "totalStockholderEquity": 2199361000, "netTangibleAssets": 2199347000}], "maxAge": 86400}, "earningsHistory": {"history": [{"maxAge": 1, "epsActual": 5.74, "epsEstimate": 15.53, "epsDifference": -9.79, "surprisePercent": -0.63, "quarter": "2016-12-31", "period": "-4q"}, {"maxAge": 1, "epsActual": 7.2, "epsEstimate": 13.86, "epsDifference": -6.66, "surprisePercent": -0.48099998, "quarter": "2017-03-31", "period": "-3q"}, {"maxAge": 1, "epsActual": 23.43, "epsEstimate": 27.59, "epsDifference": -4.16, "surprisePercent": -0.15100001, "quarter": "2017-09-30", "period": "-2q"}, {"maxAge": 1, "epsActual": 2.86, "epsEstimate": 15.23, "epsDifference": -12.37, "surprisePercent": -0.812, "quarter": "2017-12-31", "period": "-1q"}], "maxAge": 86400}, "indexTrend": {"maxAge": 1, "symbol": "SP5", "peRatio": 19.7411, "pegRatio": 1.34172, "estimates": [{"period": "0q", "growth": 0.549}, {"period": "+1q", "growth": 0.431}, {"period": "0y", "growth": 0.305}, {"period": "+1y", "growth": 0.109}, {"period": "+5y", "growth": 0.120859005}, {"period": "-5y"}]}, "industryTrend": {"maxAge": 1, "symbol": null, "estimates": []}, "insiderTransactions": {"transactions": [{"maxAge": 1, "shares": 12400, "value": 35747, "filerUrl": "", "transactionText": "Sale at price 2.88 per share.", "filerName": "Veluswamy (Sathpurushan)", "filerRelation": "UNREPORTED", "moneyText": "", "startDate": "2020-07-24", "ownership": "D"}, {"maxAge": 1, "shares": 12400, "filerUrl": "", "transactionText": "Other at price 0.00 per share.", "filerName": "Veluswamy (Sathpurushan)", "filerRelation": "UNREPORTED", "moneyText": "", "startDate": "2020-07-11", "ownership": "D"}, {"maxAge": 1, "shares": 0, "filerUrl": "", "transactionText": "", "filerName": "Adi Lakxmi Family trust", "filerRelation": "Institution- Corporation", "moneyText": "", "startDate": "2019-06-21", "ownership": "I"}, {"maxAge": 1, "shares": 0, "filerUrl": "", "transactionText": "", "filerName": "Jayavarthanavelu (Sanjay)", "filerRelation": "Non Executive Chairman", "moneyText": "", "startDate": "2019-06-21", "ownership": "I"}, {"maxAge": 1, "shares": 25500, "filerUrl": "", "transactionText": "", "filerName": "Jayavarthanavelu (Shivali)", "filerRelation": "UNREPORTED", "moneyText": "", "startDate": "2019-03-06", "ownership": "D"}, {"maxAge": 1, "shares": 25500, "filerUrl": "", "transactionText": "", "filerName": "Thayarammal (D)", "filerRelation": "Promoter", "moneyText": "", "startDate": "2019-03-06", "ownership": "D"}], "maxAge": 1}, "quoteType": {"exchange": "BSE", "quoteType": "EQUITY", "symbol": "SUPER.BO", "underlyingSymbol": "SUPER.BO", "shortName": "SUPER SALES INDIA LTD.", "longName": "Super Sales India Limited", "firstTradeDateEpochUtc": "2002-01-02 09:15:00", "timeZoneFullName": "Asia/Kolkata", "timeZoneShortName": "IST", "uuid": "7d7d23e8-8723-36fb-a435-a32d6a59c11a", "messageBoardId": null, "gmtOffSetMilliseconds": 19800000, "maxAge": 1}, "incomeStatementHistory": {"incomeStatementHistory": [{"maxAge": 1, "endDate": "2020-03-31", "totalRevenue": 2837972000, "costOfRevenue": 1785741000, "grossProfit": 1052231000, "researchDevelopment": {}, "sellingGeneralAdministrative": 351131000, "nonRecurring": {}, "otherOperatingExpenses": 422346000, "totalOperatingExpenses": 2753017000, "operatingIncome": 84955000, "totalOtherIncomeExpenseNet": -19612000, "ebit": 84955000, "interestExpense": -78283000, "incomeBeforeTax": 65343000, "incomeTaxExpense": 948000, "minorityInterest": {}, "netIncomeFromContinuingOps": 64395000, "discontinuedOperations": {}, "extraordinaryItems": {}, "effectOfAccountingCharges": {}, "otherItems": {}, "netIncome": 64395000, "netIncomeApplicableToCommonShares": 64395000}, {"maxAge": 1, "endDate": "2019-03-31", "totalRevenue": 2955055000, "costOfRevenue": 1889096000, "grossProfit": 1065959000, "researchDevelopment": {}, "sellingGeneralAdministrative": 395157000, "nonRecurring": {}, "otherOperatingExpenses": 422395000, "totalOperatingExpenses": 2883777000, "operatingIncome": 71278000, "totalOtherIncomeExpenseNet": -13386000, "ebit": 71278000, "interestExpense": -66467000, "incomeBeforeTax": 57892000, "incomeTaxExpense": -1599000, "minorityInterest": {}, "netIncomeFromContinuingOps": 59491000, "discontinuedOperations": {}, "extraordinaryItems": {}, "effectOfAccountingCharges": {}, "otherItems": {}, "netIncome": 59491000, "netIncomeApplicableToCommonShares": 59491000}, {"maxAge": 1, "endDate": "2018-03-31", "totalRevenue": 2543020000, "costOfRevenue": 1458071000, "grossProfit": 1084949000, "researchDevelopment": {}, "sellingGeneralAdministrative": 333732000, "nonRecurring": {}, "otherOperatingExpenses": 377424000, "totalOperatingExpenses": 2340982000, "operatingIncome": 202038000, "totalOtherIncomeExpenseNet": -36792000, "ebit": 202038000, "interestExpense": -55780000, "incomeBeforeTax": 165246000, "incomeTaxExpense": 23148000, "minorityInterest": {}, "netIncomeFromContinuingOps": 142098000, "discontinuedOperations": {}, "extraordinaryItems": {}, "effectOfAccountingCharges": {}, "otherItems": {}, "netIncome": 142098000, "netIncomeApplicableToCommonShares": 142098000}, {"maxAge": 1, "endDate": "2017-03-31", "totalRevenue": 2328633000, "costOfRevenue": 1287840000, "grossProfit": 1040793000, "researchDevelopment": {}, "sellingGeneralAdministrative": 306308000, "nonRecurring": {}, "otherOperatingExpenses": 351329000, "totalOperatingExpenses": 2111303000, "operatingIncome": 217330000, "totalOtherIncomeExpenseNet": -14550000, "ebit": 217330000, "interestExpense": -49512000, "incomeBeforeTax": 202780000, "incomeTaxExpense": 57062000, "minorityInterest": {}, "netIncomeFromContinuingOps": 145718000, "discontinuedOperations": {}, "extraordinaryItems": {}, "effectOfAccountingCharges": {}, "otherItems": {}, "netIncome": 145718000, "netIncomeApplicableToCommonShares": 145718000}], "maxAge": 86400}, "fundOwnership": {"maxAge": 1, "ownershipList": []}, "summaryDetail": {"maxAge": 1, "priceHint": 2, "previousClose": 596.95, "open": 600.0, "dayLow": 600.0, "dayHigh": 605.0, "regularMarketPreviousClose": 596.95, "regularMarketOpen": 600.0, "regularMarketDayLow": 600.0, "regularMarketDayHigh": 605.0, "trailingPE": 11000.0, "forwardPE": 8.80128, "volume": 354, "regularMarketVolume": 354, "averageVolume": 2582, "averageVolume10days": 709, "averageDailyVolume10Day": 709, "bid": 605.0, "ask": 612.5, "bidSize": 0, "askSize": 0, "marketCap": 1858257536, "fiftyTwoWeekLow": 180.9, "fiftyTwoWeekHigh": 605.0, "fiftyDayAverage": 401.13144, "twoHundredDayAverage": 302.02957, "trailingAnnualDividendRate": 2.5, "trailingAnnualDividendYield": 0.0041879555, "currency": "INR", "fromCurrency": null, "toCurrency": null, "lastMarket": null, "algorithm": null, "tradeable": false}, "sectorTrend": {"maxAge": 1, "symbol": null, "estimates": []}, "incomeStatementHistoryQuarterly": {"incomeStatementHistory": [{"maxAge": 1, "endDate": "2020-06-30", "totalRevenue": 296386000, "costOfRevenue": 171531000, "grossProfit": 124855000, "researchDevelopment": {}, "sellingGeneralAdministrative": 61893000, "nonRecurring": {}, "otherOperatingExpenses": 55434000, "totalOperatingExpenses": 328749000, "operatingIncome": -32363000, "totalOtherIncomeExpenseNet": -17599000, "ebit": -32363000, "interestExpense": -20835000, "incomeBeforeTax": -49962000, "incomeTaxExpense": -607000, "minorityInterest": {}, "netIncomeFromContinuingOps": -49355000, "discontinuedOperations": {}, "extraordinaryItems": {}, "effectOfAccountingCharges": {}, "otherItems": {}, "netIncome": -49355000, "netIncomeApplicableToCommonShares": -49355000}, {"maxAge": 1, "endDate": "2020-03-31", "totalRevenue": 637628000, "costOfRevenue": 449036000, "grossProfit": 188592000, "researchDevelopment": {}, "sellingGeneralAdministrative": 81337000, "nonRecurring": {}, "otherOperatingExpenses": 56591000, "totalOperatingExpenses": 637640000, "operatingIncome": -12000, "totalOtherIncomeExpenseNet": -3330000, "ebit": -12000, "interestExpense": -16052000, "incomeBeforeTax": -3342000, "incomeTaxExpense": -4993000, "minorityInterest": {}, "netIncomeFromContinuingOps": 1651000, "discontinuedOperations": {}, "extraordinaryItems": {}, "effectOfAccountingCharges": {}, "otherItems": {}, "netIncome": 1651000, "netIncomeApplicableToCommonShares": 1651000}, {"maxAge": 1, "endDate": "2019-12-31", "totalRevenue": 657698000, "costOfRevenue": 372883000, "grossProfit": 284815000, "researchDevelopment": {}, "sellingGeneralAdministrative": 85468000, "nonRecurring": {}, "otherOperatingExpenses": 140417000, "totalOperatingExpenses": 649012000, "operatingIncome": 8686000, "totalOtherIncomeExpenseNet": -13173000, "ebit": 8686000, "interestExpense": -21516000, "incomeBeforeTax": -4487000, "incomeTaxExpense": 1163000, "minorityInterest": {}, "netIncomeFromContinuingOps": -5650000, "discontinuedOperations": {}, "extraordinaryItems": {}, "effectOfAccountingCharges": {}, "otherItems": {}, "netIncome": -5650000, "netIncomeApplicableToCommonShares": -5650000}, {"maxAge": 1, "endDate": "2019-09-30", "totalRevenue": 738528000, "costOfRevenue": 441396000, "grossProfit": 297132000, "researchDevelopment": {}, "sellingGeneralAdministrative": 91191000, "nonRecurring": {}, "otherOperatingExpenses": 102517000, "totalOperatingExpenses": 682711000, "operatingIncome": 55817000, "totalOtherIncomeExpenseNet": 7000, "ebit": 55817000, "interestExpense": -19770000, "incomeBeforeTax": 55824000, "incomeTaxExpense": 2301000, "minorityInterest": {}, "netIncomeFromContinuingOps": 53523000, "discontinuedOperations": {}, "extraordinaryItems": {}, "effectOfAccountingCharges": {}, "otherItems": {}, "netIncome": 53523000, "netIncomeApplicableToCommonShares": 53523000}], "maxAge": 86400}, "cashflowStatementHistoryQuarterly": {"cashflowStatements": [{"maxAge": 1, "endDate": "2020-06-30", "netIncome": -49355000, "changeToLiabilities": 0}, {"maxAge": 1, "endDate": "2020-03-31", "netIncome": 1651000, "changeToLiabilities": 0}, {"maxAge": 1, "endDate": "2019-12-31", "netIncome": -5650000, "changeToLiabilities": 0}, {"maxAge": 1, "endDate": "2019-09-30", "netIncome": 53523000, "changeToLiabilities": 0}], "maxAge": 86400}, "insiderHolders": {"holders": [{"maxAge": 1, "name": "Adi Lakxmi Family trust", "relation": "Institution- Corporation", "url": "", "transactionDescription": "Other", "latestTransDate": "2019-06-21", "positionIndirect": 0, "positionIndirectDate": 1561075200}, {"maxAge": 1, "name": "Jayavarthanavelu (Sanjay)", "relation": "Non Executive Chairman", "url": "", "transactionDescription": "Other", "latestTransDate": "2019-06-21", "positionIndirect": 216288, "positionIndirectDate": 1561075200}, {"maxAge": 1, "name": "Jayavarthanavelu (Shivali)", "relation": "UNREPORTED", "url": "", "transactionDescription": "Gift", "latestTransDate": "2019-03-06", "positionDirect": 25500, "positionDirectDate": "2019-03-06"}, {"maxAge": 1, "name": "Thayarammal (D)", "relation": "Promoter", "url": "", "transactionDescription": "Gift", "latestTransDate": "2019-03-06", "positionDirect": 0, "positionDirectDate": "2019-03-06"}, {"maxAge": 1, "name": "Veluswamy (Sathpurushan)", "relation": "UNREPORTED", "url": "", "transactionDescription": "Sale", "latestTransDate": "2020-07-24", "positionDirect": 0, "positionDirectDate": "2020-07-24"}], "maxAge": 1}, "earnings": {"maxAge": 86400, "earningsChart": {"quarterly": [{"date": "4Q2016", "actual": 5.74, "estimate": 15.53}, {"date": "1Q2017", "actual": 7.2, "estimate": 13.86}, {"date": "3Q2017", "actual": 23.43, "estimate": 27.59}, {"date": "4Q2017", "actual": 2.86, "estimate": 15.23}], "currentQuarterEstimateDate": "1Q", "currentQuarterEstimateYear": 2018, "earningsDate": ["2020-07-30 05:30:S"]}, "financialsChart": {"yearly": [{"date": 2017, "revenue": 2328633000, "earnings": 145718000}, {"date": 2018, "revenue": 2543020000, "earnings": 142098000}, {"date": 2019, "revenue": 2955055000, "earnings": 59491000}, {"date": 2020, "revenue": 2837972000, "earnings": 64395000}], "quarterly": [{"date": "3Q2019", "revenue": 738528000, "earnings": 53523000}, {"date": "4Q2019", "revenue": 657698000, "earnings": -5650000}, {"date": "1Q2020", "revenue": 637628000, "earnings": 1651000}, {"date": "2Q2020", "revenue": 296386000, "earnings": -49355000}]}, "financialCurrency": "INR"}, "calendarEvents": {"maxAge": 1, "earnings": {"earningsDate": ["2020-07-30 05:30:S"], "revenueAverage": 700932000}}, "price": {"maxAge": 1, "regularMarketChangePercent": 0.013485196, "regularMarketChange": 8.049988, "regularMarketTime": "2021-04-30 14:47:31", "priceHint": 2, "regularMarketPrice": 605.0, "regularMarketDayHigh": 605.0, "regularMarketDayLow": 600.0, "regularMarketVolume": 354, "averageDailyVolume10Day": 709, "averageDailyVolume3Month": 2582, "regularMarketPreviousClose": 596.95, "regularMarketSource": "FREE_REALTIME", "regularMarketOpen": 600.0, "exchange": "BSE", "exchangeName": "BSE", "exchangeDataDelayedBy": 0, "marketState": "CLOSED", "quoteType": "EQUITY", "symbol": "SUPER.BO", "underlyingSymbol": null, "shortName": "SUPER SALES INDIA LTD.", "longName": "Super Sales India Limited", "currency": "INR", "quoteSourceName": "Delayed Quote", "currencySymbol": "\u20b9", "fromCurrency": null, "toCurrency": null, "lastMarket": null, "marketCap": 1858257536}, "balanceSheetHistory": {"balanceSheetStatements": [{"maxAge": 1, "endDate": "2020-03-31", "cash": 5273000, "netReceivables": 720079000, "inventory": 479132000, "otherCurrentAssets": 47845000, "totalCurrentAssets": 1256628000, "longTermInvestments": 528790000, "propertyPlantEquipment": 1210449000, "intangibleAssets": 26000, "otherAssets": 82550000, "totalAssets": 3078443000, "accountsPayable": 140636000, "otherCurrentLiab": 13773000, "otherLiab": 90180000, "totalCurrentLiabilities": 1104892000, "totalLiab": 1197937000, "commonStock": 30715000, "retainedEarnings": 1471559000, "treasuryStock": 306372000, "capitalSurplus": 71860000, "otherStockholderEquity": 306372000, "totalStockholderEquity": 1880506000, "netTangibleAssets": 1880480000}, {"maxAge": 1, "endDate": "2019-03-31", "cash": 4442000, "netReceivables": 571676000, "inventory": 578262000, "otherCurrentAssets": 65382000, "totalCurrentAssets": 1225972000, "longTermInvestments": 1399414000, "propertyPlantEquipment": 1210678000, "intangibleAssets": 26000, "otherAssets": 83545000, "totalAssets": 3919635000, "accountsPayable": 147012000, "otherCurrentLiab": 34219000, "otherLiab": 103803000, "totalCurrentLiabilities": 1118388000, "totalLiab": 1222191000, "commonStock": 30715000, "retainedEarnings": 1418080000, "treasuryStock": 1176789000, "capitalSurplus": 71860000, "otherStockholderEquity": 1176789000, "totalStockholderEquity": 2697444000, "netTangibleAssets": 2697418000}, {"maxAge": 1, "endDate": "2018-03-31", "cash": 16509000, "shortTermInvestments": 25000000, "netReceivables": 499942000, "inventory": 428216000, "otherCurrentAssets": 42995000, "totalCurrentAssets": 1015943000, "longTermInvestments": 1565999000, "propertyPlantEquipment": 1161519000, "intangibleAssets": 59000, "otherAssets": 57432000, "totalAssets": 3800952000, "accountsPayable": 91464000, "otherCurrentLiab": 22318000, "otherLiab": 128490000, "totalCurrentLiabilities": 879618000, "totalLiab": 1008108000, "commonStock": 30715000, "retainedEarnings": 1367155000, "treasuryStock": 1323114000, "capitalSurplus": 71860000, "otherStockholderEquity": 1323114000, "totalStockholderEquity": 2792844000, "netTangibleAssets": 2792785000}, {"maxAge": 1, "endDate": "2017-03-31", "cash": 6332000, "shortTermInvestments": 50000000, "netReceivables": 359337000, "inventory": 442816000, "otherCurrentAssets": 30533000, "totalCurrentAssets": 892731000, "longTermInvestments": 863724000, "propertyPlantEquipment": 1169610000, "intangibleAssets": 443000, "otherAssets": 46792000, "totalAssets": 2973300000, "accountsPayable": 74333000, "otherCurrentLiab": 19912000, "otherLiab": 135722000, "totalCurrentLiabilities": 743532000, "totalLiab": 879254000, "commonStock": 30715000, "retainedEarnings": 1235773000, "treasuryStock": 755698000, "capitalSurplus": 71860000, "otherStockholderEquity": 755698000, "totalStockholderEquity": 2094046000, "netTangibleAssets": 2093603000}], "maxAge": 86400}, "earningsTrend": {"trend": [{"maxAge": 1, "period": "0q", "endDate": "2018-03-31", "growth": {}, "earningsEstimate": {"avg": 0.0, "low": 0.0, "high": 0.0, "yearAgoEps": 5.74, "numberOfAnalysts": 0, "growth": {}}, "revenueEstimate": {"avg": 700932000, "low": 0, "high": 0, "numberOfAnalysts": 0, "yearAgoRevenue": 648120000, "growth": 0.081}, "epsTrend": {"current": 0.0, "7daysAgo": 0.0, "30daysAgo": 0.0, "60daysAgo": 0.0, "90daysAgo": 0.0}, "epsRevisions": {"upLast7days": 0, "upLast30days": 0, "downLast30days": 0, "downLast90days": {}}}, {"maxAge": 1, "period": "+1q", "endDate": "2018-06-30", "growth": {}, "earningsEstimate": {"avg": 0.0, "low": 0.0, "high": 0.0, "yearAgoEps": 7.2, "numberOfAnalysts": 0, "growth": {}}, "revenueEstimate": {"avg": 676735000, "low": 0, "high": 0, "numberOfAnalysts": 0, "yearAgoRevenue": 672375000, "growth": 0.006}, "epsTrend": {"current": 0.0, "7daysAgo": 0.0, "30daysAgo": 0.0, "60daysAgo": 0.0, "90daysAgo": 0.0}, "epsRevisions": {"upLast7days": 0, "upLast30days": 0, "downLast30days": 0, "downLast90days": {}}}, {"maxAge": 1, "period": "0y", "endDate": "2018-03-31", "growth": {}, "earningsEstimate": {"avg": 0.0, "low": 0.0, "high": 0.0, "yearAgoEps": {}, "numberOfAnalysts": 0, "growth": {}}, "revenueEstimate": {"avg": 2552210000, "low": 2681050000, "high": 2681050000, "numberOfAnalysts": 1, "yearAgoRevenue": 2515060000, "growth": 0.015}, "epsTrend": {"current": 0.0, "7daysAgo": 59.5, "30daysAgo": 59.5, "60daysAgo": 59.5, "90daysAgo": 59.5}, "epsRevisions": {"upLast7days": 0, "upLast30days": 0, "downLast30days": 0, "downLast90days": {}}}, {"maxAge": 1, "period": "+1y", "endDate": "2019-03-31", "growth": {}, "earningsEstimate": {"avg": 0.0, "low": 0.0, "high": 0.0, "yearAgoEps": {}, "numberOfAnalysts": 0, "growth": {}}, "revenueEstimate": {"avg": 2975970000, "low": 2975970000, "high": 2975970000, "numberOfAnalysts": 1, "yearAgoRevenue": 2552210000, "growth": 0.16600001}, "epsTrend": {"current": 0.0, "7daysAgo": 68.74, "30daysAgo": 68.74, "60daysAgo": 68.74, "90daysAgo": 68.74}, "epsRevisions": {"upLast7days": 0, "upLast30days": 0, "downLast30days": 0, "downLast90days": {}}}, {"maxAge": 1, "period": "+5y", "endDate": null, "growth": {}, "earningsEstimate": {"avg": {}, "low": {}, "high": {}, "yearAgoEps": {}, "numberOfAnalysts": {}, "growth": {}}, "revenueEstimate": {"avg": {}, "low": {}, "high": {}, "numberOfAnalysts": {}, "yearAgoRevenue": {}, "growth": {}}, "epsTrend": {"current": {}, "7daysAgo": {}, "30daysAgo": {}, "60daysAgo": {}, "90daysAgo": {}}, "epsRevisions": {"upLast7days": {}, "upLast30days": {}, "downLast30days": {}, "downLast90days": {}}}, {"maxAge": 1, "period": "-5y", "endDate": null, "growth": {}, "earningsEstimate": {"avg": {}, "low": {}, "high": {}, "yearAgoEps": {}, "numberOfAnalysts": {}, "growth": {}}, "revenueEstimate": {"avg": {}, "low": {}, "high": {}, "numberOfAnalysts": {}, "yearAgoRevenue": {}, "growth": {}}, "epsTrend": {"current": {}, "7daysAgo": {}, "30daysAgo": {}, "60daysAgo": {}, "90daysAgo": {}}, "epsRevisions": {"upLast7days": {}, "upLast30days": {}, "downLast30days": {}, "downLast90days": {}}}], "maxAge": 1}, "financialData": {"maxAge": 86400, "currentPrice": 605.0, "recommendationKey": "none", "grossProfits": 1052231000, "financialCurrency": "INR"}}}