{"SUPERIOR.BO": {"cashflowStatementHistory": {"cashflowStatements": [{"maxAge": 1, "endDate": "2020-03-31", "netIncome": 1630890, "depreciation": 7830, "changeToNetincome": -7902780, "changeToLiabilities": 0, "changeToOperatingActivities": -175143450, "totalCashFromOperatingActivities": -181402390, "capitalExpenditures": -303250, "investments": -19043010, "otherCashflowsFromInvestingActivities": 10140530, "totalCashflowsFromInvestingActivities": -9205730, "netBorrowings": 206832120, "otherCashflowsFromFinancingActivities": -409410, "totalCashFromFinancingActivities": 206422710, "changeInCash": 15814590}, {"maxAge": 1, "endDate": "2019-03-31", "netIncome": 959050, "depreciation": 7830, "changeToNetincome": -2595950, "changeToLiabilities": 0, "changeToOperatingActivities": -59163380, "totalCashFromOperatingActivities": -60800280, "capitalExpenditures": -303250, "investments": -1844750, "otherCashflowsFromInvestingActivities": 2606570, "totalCashflowsFromInvestingActivities": 761820, "netBorrowings": 62106770, "otherCashflowsFromFinancingActivities": -409410, "totalCashFromFinancingActivities": 62106770, "changeInCash": 2068310}, {"maxAge": 1, "endDate": "2018-03-31", "netIncome": 353125, "depreciation": 7830, "changeToNetincome": -57394, "changeToLiabilities": 0, "changeToOperatingActivities": 50851, "totalCashFromOperatingActivities": 346582, "capitalExpenditures": -303250, "investments": 1988000, "otherCashflowsFromInvestingActivities": 2606570, "totalCashflowsFromInvestingActivities": -1166996, "netBorrowings": 1000000, "otherCashflowsFromFinancingActivities": -28938, "totalCashFromFinancingActivities": 971062, "changeInCash": 150648}, {"maxAge": 1, "endDate": "2017-03-31", "netIncome": 1382251, "depreciation": 7830, "changeToNetincome": -760209, "changeToLiabilities": 0, "changeToOperatingActivities": -6654901, "totalCashFromOperatingActivities": -6032859, "capitalExpenditures": -303250, "investments": 1988000, "otherCashflowsFromInvestingActivities": 2606570, "totalCashflowsFromInvestingActivities": -72000, "netBorrowings": 5203600, "otherCashflowsFromFinancingActivities": -28938, "totalCashFromFinancingActivities": 5203600, "changeInCash": -901259}], "maxAge": 86400}, "institutionOwnership": {"ownershipList": [], "maxAge": 1}, "balanceSheetHistoryQuarterly": {"balanceSheetStatements": [{"maxAge": 1, "endDate": "2020-03-31", "cash": 18742400, "netReceivables": 269049000, "otherCurrentAssets": 192370, "totalCurrentAssets": 287983770, "longTermInvestments": 25209000, "propertyPlantEquipment": 183320, "intangibleAssets": 106980, "totalAssets": 313483070, "accountsPayable": 491960, "otherCurrentLiab": 379340, "longTermDebt": 278948100, "otherLiab": 665030, "totalCurrentLiabilities": 3528620, "totalLiab": 283141750, "commonStock": 30010000, "retainedEarnings": 331320, "totalStockholderEquity": 30341320, "netTangibleAssets": 30234340}, {"maxAge": 1, "endDate": "2019-12-31", "totalStockholderEquity": 30016000, "netTangibleAssets": 30016000}, {"maxAge": 1, "endDate": "2019-09-30", "cash": 1592000, "netReceivables": 103692000, "totalCurrentAssets": 105284000, "longTermInvestments": 6487000, "propertyPlantEquipment": 31000, "otherAssets": 794000, "totalAssets": 112596000, "accountsPayable": 237000, "otherCurrentLiab": 97000, "otherLiab": 237000, "totalCurrentLiabilities": 82343000, "totalLiab": 82580000, "commonStock": 30010000, "treasuryStock": 6000, "otherStockholderEquity": 6000, "totalStockholderEquity": 30016000, "netTangibleAssets": 30016000}, {"maxAge": 1, "endDate": "2019-06-30", "totalStockholderEquity": 29143000, "netTangibleAssets": 29143000}], "maxAge": 86400}, "indexTrend": {"maxAge": 1, "symbol": "SP5", "peRatio": 19.7411, "pegRatio": 1.34172, "estimates": [{"period": "0q", "growth": 0.549}, {"period": "+1q", "growth": 0.431}, {"period": "0y", "growth": 0.305}, {"period": "+1y", "growth": 0.109}, {"period": "+5y", "growth": 0.120859005}, {"period": "-5y"}]}, "quoteType": {"exchange": "BSE", "quoteType": "EQUITY", "symbol": "SUPERIOR.BO", "underlyingSymbol": "SUPERIOR.BO", "shortName": "Superior Finlease Limited", "longName": "Superior Finlease Limited", "firstTradeDateEpochUtc": "2017-02-22 09:15:00", "timeZoneFullName": "Asia/Kolkata", "timeZoneShortName": "IST", "uuid": "ae1f4a22-6eb0-300b-93ce-4715d03efb57", "gmtOffSetMilliseconds": 19800000, "maxAge": 1}, "incomeStatementHistory": {"incomeStatementHistory": [{"maxAge": 1, "endDate": "2020-03-31", "totalRevenue": 9812330, "costOfRevenue": 0, "grossProfit": 9812330, "researchDevelopment": {}, "sellingGeneralAdministrative": 2720910, "nonRecurring": {}, "otherOperatingExpenses": 2810520, "totalOperatingExpenses": 5544380, "operatingIncome": 4267950, "totalOtherIncomeExpenseNet": -2059110, "ebit": 0, "interestExpense": {}, "incomeBeforeTax": 2208840, "incomeTaxExpense": 577950, "minorityInterest": {}, "netIncomeFromContinuingOps": 1630890, "discontinuedOperations": {}, "extraordinaryItems": {}, "effectOfAccountingCharges": {}, "otherItems": {}, "netIncome": 1630890, "netIncomeApplicableToCommonShares": 1630890}, {"maxAge": 1, "endDate": "2019-03-31", "totalRevenue": 2605290, "costOfRevenue": 0, "grossProfit": 2605290, "researchDevelopment": {}, "sellingGeneralAdministrative": 492510, "nonRecurring": {}, "otherOperatingExpenses": 761370, "totalOperatingExpenses": 1253880, "operatingIncome": 1351410, "totalOtherIncomeExpenseNet": -22640, "ebit": 0, "interestExpense": {}, "incomeBeforeTax": 1328770, "incomeTaxExpense": 369720, "minorityInterest": {}, "netIncomeFromContinuingOps": 959050, "discontinuedOperations": {}, "extraordinaryItems": {}, "effectOfAccountingCharges": {}, "otherItems": {}, "netIncome": 959050, "netIncomeApplicableToCommonShares": 959050}, {"maxAge": 1, "endDate": "2018-03-31", "totalRevenue": 2210367, "costOfRevenue": 0, "grossProfit": 2210367, "researchDevelopment": {}, "sellingGeneralAdministrative": 887016, "nonRecurring": {}, "otherOperatingExpenses": 847762, "totalOperatingExpenses": 1734778, "operatingIncome": 475589, "totalOtherIncomeExpenseNet": 0, "ebit": 0, "interestExpense": {}, "incomeBeforeTax": 475589, "incomeTaxExpense": 122464, "minorityInterest": {}, "netIncomeFromContinuingOps": 353125, "discontinuedOperations": {}, "extraordinaryItems": {}, "effectOfAccountingCharges": {}, "otherItems": {}, "netIncome": 353125, "netIncomeApplicableToCommonShares": 353125}, {"maxAge": 1, "endDate": "2017-03-31", "totalRevenue": 1762093, "costOfRevenue": 0, "grossProfit": 1762093, "researchDevelopment": {}, "sellingGeneralAdministrative": 847850, "nonRecurring": {}, "otherOperatingExpenses": 200957, "totalOperatingExpenses": 1048807, "operatingIncome": 713286, "totalOtherIncomeExpenseNet": 0, "ebit": 0, "interestExpense": {}, "incomeBeforeTax": 713286, "incomeTaxExpense": -668965, "minorityInterest": {}, "netIncomeFromContinuingOps": 1382251, "discontinuedOperations": {}, "extraordinaryItems": {}, "effectOfAccountingCharges": {}, "otherItems": {}, "netIncome": 1382251, "netIncomeApplicableToCommonShares": 1382251}], "maxAge": 86400}, "fundOwnership": {"ownershipList": [], "maxAge": 1}, "summaryDetail": {"maxAge": 1, "priceHint": 2, "previousClose": 157.25, "open": 157.0, "dayLow": 156.5, "dayHigh": 157.0, "regularMarketPreviousClose": 157.25, "regularMarketOpen": 157.0, "regularMarketDayLow": 156.5, "regularMarketDayHigh": 157.0, "trailingPE": 289.9074, "volume": 7015, "regularMarketVolume": 7015, "averageVolume": 2357, "averageVolume10days": 1712, "averageDailyVolume10Day": 1712, "bid": 156.5, "ask": 156.55, "bidSize": 0, "askSize": 0, "marketCap": 469806560, "fiftyTwoWeekLow": 26.4, "fiftyTwoWeekHigh": 157.0, "fiftyDayAverage": 98.32121, "twoHundredDayAverage": 95.33676, "currency": "INR", "fromCurrency": null, "lastMarket": null, "algorithm": null, "tradeable": false}, "incomeStatementHistoryQuarterly": {"incomeStatementHistory": [{"maxAge": 1, "endDate": "2020-03-31", "totalRevenue": 2925330, "costOfRevenue": 0, "grossProfit": 2925330, "researchDevelopment": {}, "sellingGeneralAdministrative": 914910, "nonRecurring": {}, "otherOperatingExpenses": 553520, "totalOperatingExpenses": 1478380, "operatingIncome": 1446950, "totalOtherIncomeExpenseNet": -1777110, "ebit": 0, "interestExpense": {}, "incomeBeforeTax": -330160, "incomeTaxExpense": 18950, "minorityInterest": {}, "netIncomeFromContinuingOps": -349110, "discontinuedOperations": {}, "extraordinaryItems": {}, "effectOfAccountingCharges": {}, "otherItems": {}, "netIncome": -349110, "netIncomeApplicableToCommonShares": -349110}, {"maxAge": 1, "endDate": "2019-12-31", "totalRevenue": 2011000, "costOfRevenue": 0, "grossProfit": 2011000, "researchDevelopment": {}, "sellingGeneralAdministrative": 1053000, "nonRecurring": {}, "otherOperatingExpenses": 798000, "totalOperatingExpenses": 1854000, "operatingIncome": 157000, "totalOtherIncomeExpenseNet": -282000, "ebit": 0, "interestExpense": {}, "incomeBeforeTax": -125000, "incomeTaxExpense": -134000, "minorityInterest": {}, "netIncomeFromContinuingOps": 9000, "discontinuedOperations": {}, "extraordinaryItems": {}, "effectOfAccountingCharges": {}, "otherItems": {}, "netIncome": 9000, "netIncomeApplicableToCommonShares": 9000}, {"maxAge": 1, "endDate": "2019-09-30", "totalRevenue": 2592000, "costOfRevenue": 0, "grossProfit": 2592000, "researchDevelopment": {}, "sellingGeneralAdministrative": 499000, "nonRecurring": {}, "otherOperatingExpenses": 244000, "totalOperatingExpenses": 743000, "operatingIncome": 1849000, "totalOtherIncomeExpenseNet": 0, "ebit": 0, "interestExpense": {}, "incomeBeforeTax": 1849000, "incomeTaxExpense": 481000, "minorityInterest": {}, "netIncomeFromContinuingOps": 1368000, "discontinuedOperations": {}, "extraordinaryItems": {}, "effectOfAccountingCharges": {}, "otherItems": {}, "netIncome": 1368000, "netIncomeApplicableToCommonShares": 1368000}, {"maxAge": 1, "endDate": "2019-06-30", "totalRevenue": 2285000, "costOfRevenue": 0, "grossProfit": 2285000, "researchDevelopment": {}, "sellingGeneralAdministrative": 254000, "nonRecurring": {}, "otherOperatingExpenses": 1215000, "totalOperatingExpenses": 1469000, "operatingIncome": 816000, "totalOtherIncomeExpenseNet": 0, "ebit": 0, "interestExpense": {}, "incomeBeforeTax": 816000, "incomeTaxExpense": 212000, "minorityInterest": {}, "netIncomeFromContinuingOps": 604000, "discontinuedOperations": {}, "extraordinaryItems": {}, "effectOfAccountingCharges": {}, "otherItems": {}, "netIncome": 604000, "netIncomeApplicableToCommonShares": 604000}], "maxAge": 86400}, "cashflowStatementHistoryQuarterly": {"cashflowStatements": [{"maxAge": 1, "endDate": "2020-03-31", "netIncome": -349110, "changeToLiabilities": 0}, {"maxAge": 1, "endDate": "2019-12-31", "netIncome": 9000, "changeToLiabilities": 0}, {"maxAge": 1, "endDate": "2019-09-30", "netIncome": 1368000, "changeToLiabilities": 0}, {"maxAge": 1, "endDate": "2019-06-30", "netIncome": 604000, "changeToLiabilities": 0}], "maxAge": 86400}, "insiderHolders": {"holders": [], "maxAge": 1}, "calendarEvents": {"maxAge": 1, "earnings": {"earningsDate": []}}, "upgradeDowngradeHistory": {"history": [], "maxAge": 86400}, "price": {"maxAge": 1, "regularMarketChangePercent": -0.004451491, "regularMarketChange": -0.69999695, "regularMarketTime": "2021-04-30 15:29:41", "priceHint": 2, "regularMarketPrice": 156.55, "regularMarketDayHigh": 157.0, "regularMarketDayLow": 156.5, "regularMarketVolume": 7015, "averageDailyVolume10Day": 1712, "averageDailyVolume3Month": 2357, "regularMarketPreviousClose": 157.25, "regularMarketSource": "FREE_REALTIME", "regularMarketOpen": 157.0, "exchange": "BSE", "exchangeName": "BSE", "exchangeDataDelayedBy": 0, "marketState": "CLOSED", "quoteType": "EQUITY", "symbol": "SUPERIOR.BO", "underlyingSymbol": null, "shortName": "Superior Finlease Limited", "longName": "Superior Finlease Limited", "currency": "INR", "quoteSourceName": "Delayed Quote", "currencySymbol": "\u20b9", "fromCurrency": null, "lastMarket": null, "marketCap": 469806560}, "balanceSheetHistory": {"balanceSheetStatements": [{"maxAge": 1, "endDate": "2020-03-31", "cash": 18742400, "netReceivables": 269049000, "otherCurrentAssets": 192370, "totalCurrentAssets": 287983770, "longTermInvestments": 25209000, "propertyPlantEquipment": 183320, "intangibleAssets": 106980, "totalAssets": 313483070, "accountsPayable": 491960, "otherCurrentLiab": 379340, "longTermDebt": 278948100, "otherLiab": 665030, "totalCurrentLiabilities": 3528620, "totalLiab": 283141750, "commonStock": 30010000, "retainedEarnings": 331320, "totalStockholderEquity": 30341320, "netTangibleAssets": 30234340}, {"maxAge": 1, "endDate": "2019-03-31", "cash": 2927820, "netReceivables": 91630010, "otherCurrentAssets": 68980, "totalCurrentAssets": 94626810, "longTermInvestments": 7873070, "totalAssets": 102499880, "accountsPayable": 36890, "otherCurrentLiab": 6500, "longTermDebt": 72115990, "otherLiab": 228580, "totalCurrentLiabilities": 1272600, "totalLiab": 73617170, "commonStock": 30010000, "retainedEarnings": -866770, "treasuryStock": -260520, "otherStockholderEquity": -260520, "totalStockholderEquity": 28882710, "netTangibleAssets": 28882710}, {"maxAge": 1, "endDate": "2018-03-31", "cash": 859508, "netReceivables": 32295745, "otherCurrentAssets": 192812, "totalCurrentAssets": 33348065, "longTermInvestments": 6403000, "totalAssets": 39751065, "otherCurrentLiab": 3200, "otherLiab": 80739, "totalCurrentLiabilities": 11338306, "totalLiab": 11419045, "commonStock": 30010000, "retainedEarnings": -1677980, "totalStockholderEquity": 28332020, "netTangibleAssets": 28332020}, {"maxAge": 1, "endDate": "2017-03-31", "cash": 708860, "netReceivables": 29146949, "otherCurrentAssets": 110941, "totalCurrentAssets": 29966750, "longTermInvestments": 8391000, "otherAssets": 1, "totalAssets": 38357751, "otherCurrentLiab": 50996, "otherLiab": 72852, "totalCurrentLiabilities": 10298117, "totalLiab": 10370969, "commonStock": 30010000, "retainedEarnings": -2023218, "totalStockholderEquity": 27986782, "netTangibleAssets": 27986782}], "maxAge": 86400}, "financialData": {"maxAge": 86400, "currentPrice": 156.55, "recommendationKey": "none", "grossProfits": 9812330, "financialCurrency": "INR"}}}