{"SUPERSPIN.BO": {"cashflowStatementHistory": {"cashflowStatements": [{"maxAge": 1, "endDate": "2020-03-31", "netIncome": -113026000, "depreciation": 38956000, "changeToNetincome": 14666000, "changeToAccountReceivables": 9805000, "changeToLiabilities": -36388000, "changeToInventory": 126813000, "changeToOperatingActivities": 71270000, "totalCashFromOperatingActivities": 112096000, "capitalExpenditures": -18126000, "otherCashflowsFromInvestingActivities": 2983000, "totalCashflowsFromInvestingActivities": 117098000, "netBorrowings": -142954000, "otherCashflowsFromFinancingActivities": -86716000, "totalCashFromFinancingActivities": -229670000, "changeInCash": -476000}, {"maxAge": 1, "endDate": "2019-03-31", "netIncome": -160257000, "depreciation": 40893000, "changeToNetincome": 39725000, "changeToAccountReceivables": 12180000, "changeToLiabilities": 36425000, "changeToInventory": -70302000, "changeToOperatingActivities": 337676000, "totalCashFromOperatingActivities": 236362000, "capitalExpenditures": -25471000, "otherCashflowsFromInvestingActivities": 3308000, "totalCashflowsFromInvestingActivities": 99230000, "netBorrowings": -223963000, "otherCashflowsFromFinancingActivities": -125954000, "totalCashFromFinancingActivities": -349917000, "changeInCash": -14325000}, {"maxAge": 1, "endDate": "2018-03-31", "netIncome": -215904000, "depreciation": 55427000, "changeToNetincome": 120831000, "changeToAccountReceivables": 541000, "changeToLiabilities": 45002000, "changeToInventory": 151647000, "changeToOperatingActivities": 130335000, "totalCashFromOperatingActivities": 287934000, "capitalExpenditures": -20643000, "investments": 646000, "otherCashflowsFromInvestingActivities": -3151000, "totalCashflowsFromInvestingActivities": -861000, "netBorrowings": -145658000, "otherCashflowsFromFinancingActivities": -140307000, "totalCashFromFinancingActivities": -285965000, "changeInCash": 1108000}, {"maxAge": 1, "endDate": "2017-03-31", "netIncome": -129713000, "depreciation": 79603000, "changeToNetincome": 70327000, "changeToAccountReceivables": 176391000, "changeToLiabilities": -27811000, "changeToInventory": 68160000, "changeToOperatingActivities": -6164000, "totalCashFromOperatingActivities": 230848000, "capitalExpenditures": -8038000, "investments": 2176000, "otherCashflowsFromInvestingActivities": 5061000, "totalCashflowsFromInvestingActivities": 154139000, "netBorrowings": -203687000, "otherCashflowsFromFinancingActivities": -175186000, "totalCashFromFinancingActivities": -378873000, "changeInCash": 8035000}], "maxAge": 86400}, "institutionOwnership": {"ownershipList": [], "maxAge": 1}, "balanceSheetHistoryQuarterly": {"balanceSheetStatements": [{"maxAge": 1, "endDate": "2020-06-30", "totalStockholderEquity": 1132673000, "netTangibleAssets": 1132673000}, {"maxAge": 1, "endDate": "2020-03-31", "cash": 1021000, "netReceivables": 99090000, "inventory": 121730000, "otherCurrentAssets": 144610000, "totalCurrentAssets": 369688000, "longTermInvestments": 132705000, "propertyPlantEquipment": 1533847000, "otherAssets": 273804000, "totalAssets": 2310044000, "accountsPayable": 628698000, "shortLongTermDebt": 8756000, "otherCurrentLiab": 65455000, "otherLiab": 67267000, "deferredLongTermLiab": 106000, "totalCurrentLiabilities": 1110104000, "totalLiab": 1177371000, "commonStock": 55000000, "retainedEarnings": 873626000, "treasuryStock": 55297000, "capitalSurplus": 148750000, "otherStockholderEquity": 55297000, "totalStockholderEquity": 1132673000, "netTangibleAssets": 1132673000}, {"maxAge": 1, "endDate": "2019-12-31", "totalStockholderEquity": 1230100000, "netTangibleAssets": 1230100000}, {"maxAge": 1, "endDate": "2019-09-30", "cash": 1351000, "shortTermInvestments": 280527000, "netReceivables": 79161000, "inventory": 202589000, "otherCurrentAssets": 255308000, "totalCurrentAssets": 818936000, "longTermInvestments": 167677000, "propertyPlantEquipment": 1686844000, "otherAssets": 26506000, "totalAssets": 2699963000, "accountsPayable": 710567000, "otherCurrentLiab": 208033000, "longTermDebt": 44156000, "otherLiab": 80329000, "totalCurrentLiabilities": 1345378000, "totalLiab": 1469863000, "commonStock": 55000000, "treasuryStock": 1175100000, "otherStockholderEquity": 1175100000, "totalStockholderEquity": 1230100000, "netTangibleAssets": 1230100000}], "maxAge": 86400}, "indexTrend": {"maxAge": 1, "symbol": "SP5", "peRatio": 19.7411, "pegRatio": 1.34172, "estimates": [{"period": "0q", "growth": 0.549}, {"period": "+1q", "growth": 0.431}, {"period": "0y", "growth": 0.305}, {"period": "+1y", "growth": 0.109}, {"period": "+5y", "growth": 0.120865}, {"period": "-5y"}]}, "insiderTransactions": {"transactions": [{"maxAge": 1, "shares": 2745914, "filerUrl": "", "transactionText": "", "filerName": "Super Farm Products Ltd.", "filerRelation": "Promoter", "moneyText": "", "startDate": "2015-04-01", "ownership": "D"}, {"maxAge": 1, "shares": 32927, "filerUrl": "", "transactionText": "", "filerName": "Nikhil Govind Ramamurthi Family Trust", "filerRelation": "Promoter", "moneyText": "", "startDate": "2013-10-17", "ownership": "D"}, {"maxAge": 1, "shares": 38282, "filerUrl": "", "transactionText": "", "filerName": "Sanjay Krishna Ramamurthi Family Trust", "filerRelation": "Promoter", "moneyText": "", "startDate": "2013-10-17", "ownership": "D"}, {"maxAge": 1, "shares": 207571, "filerUrl": "", "transactionText": "", "filerName": "Ramamurthi (Hemalatha)", "filerRelation": "UNREPORTED", "moneyText": "", "startDate": "2013-08-13", "ownership": "D"}, {"maxAge": 1, "shares": 5048, "filerUrl": "", "transactionText": "", "filerName": "Ramamurthi (Sumanth)", "filerRelation": "Chief Executive Officer", "moneyText": "", "startDate": "2013-02-25", "ownership": "D"}, {"maxAge": 1, "shares": 94952, "filerUrl": "", "transactionText": "", "filerName": "Ramamurthi (Sumanth)", "filerRelation": "Chief Executive Officer", "moneyText": "", "startDate": "2013-02-20", "ownership": "D"}, {"maxAge": 1, "shares": 1589, "filerUrl": "", "transactionText": "", "filerName": "Super Farm Products Ltd.", "filerRelation": "Promoter", "moneyText": "", "startDate": "2012-03-26", "ownership": "D"}, {"maxAge": 1, "shares": 98411, "filerUrl": "", "transactionText": "", "filerName": "Super Farm Products Ltd.", "filerRelation": "Promoter", "moneyText": "", "startDate": "2012-03-23", "ownership": "D"}, {"maxAge": 1, "shares": 3008220, "filerUrl": "", "transactionText": "", "filerName": "Ramamurthi (Nikhil Govind)", "filerRelation": "Promoter", "moneyText": "", "startDate": "2011-11-17", "ownership": "D"}, {"maxAge": 1, "shares": 3008220, "filerUrl": "", "transactionText": "", "filerName": "Ramamurthi (Sumanth)", "filerRelation": "Chief Executive Officer", "moneyText": "", "startDate": "2011-11-17", "ownership": "D"}, {"maxAge": 1, "shares": 3010000, "filerUrl": "", "transactionText": "", "filerName": "Ramamurthi (Sanjay Krishna)", "filerRelation": "Promoter", "moneyText": "", "startDate": "2011-11-14", "ownership": "D"}, {"maxAge": 1, "shares": 3010000, "filerUrl": "", "transactionText": "", "filerName": "Ramamurthi (Sumanth)", "filerRelation": "Chief Executive Officer", "moneyText": "", "startDate": "2011-11-14", "ownership": "D"}, {"maxAge": 1, "shares": 50000, "filerUrl": "", "transactionText": "", "filerName": "Ramamurthi (Sumanth)", "filerRelation": "Chief Executive Officer", "moneyText": "", "startDate": "2011-10-22", "ownership": "D"}], "maxAge": 1}, "quoteType": {"exchange": "BSE", "quoteType": "EQUITY", "symbol": "SUPERSPIN.BO", "underlyingSymbol": "SUPERSPIN.BO", "shortName": "SUPER SPINNING MILLS LTD.", "longName": "Super Spinning Mills Limited", "firstTradeDateEpochUtc": "2002-07-01 09:15:00", "timeZoneFullName": "Asia/Kolkata", "timeZoneShortName": "IST", "uuid": "2cd939e0-b684-3b71-90fd-2099066c5b87", "gmtOffSetMilliseconds": 19800000, "maxAge": 1}, "incomeStatementHistory": {"incomeStatementHistory": [{"maxAge": 1, "endDate": "2020-03-31", "totalRevenue": 1456063000, "costOfRevenue": 1187123000, "grossProfit": 268940000, "researchDevelopment": {}, "sellingGeneralAdministrative": 248766000, "nonRecurring": {}, "otherOperatingExpenses": 120933000, "totalOperatingExpenses": 1595778000, "operatingIncome": -139715000, "totalOtherIncomeExpenseNet": 26689000, "ebit": -139715000, "interestExpense": -88050000, "incomeBeforeTax": -113026000, "incomeTaxExpense": 0, "minorityInterest": {}, "netIncomeFromContinuingOps": -113026000, "discontinuedOperations": {}, "extraordinaryItems": {}, "effectOfAccountingCharges": {}, "otherItems": {}, "netIncome": -113026000, "netIncomeApplicableToCommonShares": -113026000}, {"maxAge": 1, "endDate": "2019-03-31", "totalRevenue": 2081223000, "costOfRevenue": 1655285000, "grossProfit": 425938000, "researchDevelopment": {}, "sellingGeneralAdministrative": 331544000, "nonRecurring": {}, "otherOperatingExpenses": 155818000, "totalOperatingExpenses": 2183562000, "operatingIncome": -102339000, "totalOtherIncomeExpenseNet": -42270000, "ebit": -102339000, "interestExpense": -126563000, "incomeBeforeTax": -144609000, "incomeTaxExpense": 0, "minorityInterest": {}, "netIncomeFromContinuingOps": -144609000, "discontinuedOperations": -15648000, "extraordinaryItems": {}, "effectOfAccountingCharges": {}, "otherItems": {}, "netIncome": -160257000, "netIncomeApplicableToCommonShares": -160257000}, {"maxAge": 1, "endDate": "2018-03-31", "totalRevenue": 2608792000, "costOfRevenue": 2078943000, "grossProfit": 529849000, "researchDevelopment": {}, "sellingGeneralAdministrative": 353268000, "nonRecurring": {}, "otherOperatingExpenses": 226213000, "totalOperatingExpenses": 2713906000, "operatingIncome": -105114000, "totalOtherIncomeExpenseNet": -110790000, "ebit": -105114000, "interestExpense": -138173000, "incomeBeforeTax": -215904000, "incomeTaxExpense": 0, "minorityInterest": {}, "netIncomeFromContinuingOps": -215904000, "discontinuedOperations": -15648000, "extraordinaryItems": {}, "effectOfAccountingCharges": {}, "otherItems": {}, "netIncome": -215904000, "netIncomeApplicableToCommonShares": -215904000}, {"maxAge": 1, "endDate": "2017-03-31", "totalRevenue": 2940689000, "costOfRevenue": 2237468000, "grossProfit": 703221000, "researchDevelopment": {}, "sellingGeneralAdministrative": 399411000, "nonRecurring": {}, "otherOperatingExpenses": 285659000, "totalOperatingExpenses": 3002196000, "operatingIncome": -61507000, "totalOtherIncomeExpenseNet": -43813000, "ebit": -61507000, "interestExpense": -171123000, "incomeBeforeTax": -105320000, "incomeTaxExpense": 24393000, "minorityInterest": {}, "netIncomeFromContinuingOps": -129713000, "discontinuedOperations": -15648000, "extraordinaryItems": {}, "effectOfAccountingCharges": {}, "otherItems": {}, "netIncome": -129713000, "netIncomeApplicableToCommonShares": -129713000}], "maxAge": 86400}, "fundOwnership": {"ownershipList": [], "maxAge": 1}, "summaryDetail": {"maxAge": 1, "priceHint": 4, "previousClose": 4.32, "open": 4.49, "dayLow": 4.32, "dayHigh": 4.75, "regularMarketPreviousClose": 4.32, "regularMarketOpen": 4.49, "regularMarketDayLow": 4.32, "regularMarketDayHigh": 4.75, "volume": 23129, "regularMarketVolume": 23129, "averageVolume": 21472, "averageVolume10days": 21060, "averageDailyVolume10Day": 21060, "bid": 4.75, "ask": 0.0, "bidSize": 0, "askSize": 0, "marketCap": 261250000, "fiftyTwoWeekLow": 2.03, "fiftyTwoWeekHigh": 6.05, "fiftyDayAverage": 5.030303, "twoHundredDayAverage": 4.361765, "currency": "INR", "fromCurrency": null, "lastMarket": null, "algorithm": null, "tradeable": false}, "incomeStatementHistoryQuarterly": {"incomeStatementHistory": [{"maxAge": 1, "endDate": "2020-06-30", "totalRevenue": 28689000, "costOfRevenue": 23377000, "grossProfit": 5312000, "researchDevelopment": {}, "sellingGeneralAdministrative": 32801000, "nonRecurring": {}, "otherOperatingExpenses": -951000, "totalOperatingExpenses": 64335000, "operatingIncome": -35646000, "totalOtherIncomeExpenseNet": -3949000, "ebit": -35646000, "interestExpense": -16919000, "incomeBeforeTax": -39595000, "incomeTaxExpense": 0, "minorityInterest": {}, "netIncomeFromContinuingOps": -39595000, "discontinuedOperations": {}, "extraordinaryItems": {}, "effectOfAccountingCharges": {}, "otherItems": {}, "netIncome": -39595000, "netIncomeApplicableToCommonShares": -39595000}, {"maxAge": 1, "endDate": "2020-03-31", "totalRevenue": 248316000, "costOfRevenue": 198949000, "grossProfit": 49367000, "researchDevelopment": {}, "sellingGeneralAdministrative": 47720000, "nonRecurring": {}, "otherOperatingExpenses": 43289000, "totalOperatingExpenses": 299281000, "operatingIncome": -50965000, "totalOtherIncomeExpenseNet": 21127000, "ebit": -50965000, "interestExpense": -17863000, "incomeBeforeTax": -29838000, "incomeTaxExpense": 0, "minorityInterest": {}, "netIncomeFromContinuingOps": -29838000, "discontinuedOperations": {}, "extraordinaryItems": {}, "effectOfAccountingCharges": {}, "otherItems": {}, "netIncome": -29838000, "netIncomeApplicableToCommonShares": -29838000}, {"maxAge": 1, "endDate": "2019-12-31", "totalRevenue": 420845000, "costOfRevenue": 329085000, "grossProfit": 91760000, "researchDevelopment": {}, "sellingGeneralAdministrative": 59309000, "nonRecurring": {}, "otherOperatingExpenses": 23594000, "totalOperatingExpenses": 421638000, "operatingIncome": -793000, "totalOtherIncomeExpenseNet": -56936000, "ebit": -793000, "interestExpense": -21840000, "incomeBeforeTax": -57729000, "incomeTaxExpense": 0, "minorityInterest": {}, "netIncomeFromContinuingOps": -57729000, "discontinuedOperations": {}, "extraordinaryItems": {}, "effectOfAccountingCharges": {}, "otherItems": {}, "netIncome": -57729000, "netIncomeApplicableToCommonShares": -57729000}, {"maxAge": 1, "endDate": "2019-09-30", "totalRevenue": 367017000, "costOfRevenue": 290897000, "grossProfit": 76120000, "researchDevelopment": {}, "sellingGeneralAdministrative": 67132000, "nonRecurring": {}, "otherOperatingExpenses": 22603000, "totalOperatingExpenses": 390625000, "operatingIncome": -23608000, "totalOtherIncomeExpenseNet": 85337000, "ebit": -23608000, "interestExpense": -24173000, "incomeBeforeTax": 61729000, "incomeTaxExpense": 0, "minorityInterest": {}, "netIncomeFromContinuingOps": 61729000, "discontinuedOperations": {}, "extraordinaryItems": {}, "effectOfAccountingCharges": {}, "otherItems": {}, "netIncome": 61729000, "netIncomeApplicableToCommonShares": 61729000}], "maxAge": 86400}, "cashflowStatementHistoryQuarterly": {"cashflowStatements": [{"maxAge": 1, "endDate": "2020-06-30", "netIncome": -39595000, "changeToLiabilities": 0}, {"maxAge": 1, "endDate": "2020-03-31", "netIncome": -29838000, "changeToLiabilities": 0}, {"maxAge": 1, "endDate": "2019-12-31", "netIncome": -57729000, "changeToLiabilities": 0}, {"maxAge": 1, "endDate": "2019-09-30", "netIncome": 61729000, "changeToLiabilities": 0}], "maxAge": 86400}, "insiderHolders": {"holders": [{"maxAge": 1, "name": "Nikhil Govind Ramamurthi Family Trust", "relation": "Promoter", "url": "", "transactionDescription": "Acquisition", "latestTransDate": "2013-10-17", "positionDirect": 673000, "positionDirectDate": "2013-10-17"}, {"maxAge": 1, "name": "Ramamurthi (Hemalatha)", "relation": "UNREPORTED", "url": "", "transactionDescription": "Acquisition", "latestTransDate": "2013-08-13", "positionDirect": 207571, "positionDirectDate": "2013-08-13"}, {"maxAge": 1, "name": "Ramamurthi (Nikhil Govind)", "relation": "Promoter", "url": "", "transactionDescription": "Acquisition", "latestTransDate": "2011-11-17", "positionDirect": 4000000, "positionDirectDate": "2011-11-17"}, {"maxAge": 1, "name": "Ramamurthi (Sanjay Krishna)", "relation": "Promoter", "url": "", "transactionDescription": "Acquisition", "latestTransDate": "2011-11-14", "positionDirect": 4000000, "positionDirectDate": "2011-11-14"}, {"maxAge": 1, "name": "Ramamurthi (Sumanth)", "relation": "Chief Executive Officer", "url": "", "transactionDescription": "Acquisition", "latestTransDate": "2013-02-25", "positionDirect": 8668220, "positionDirectDate": "2013-02-25"}, {"maxAge": 1, "name": "Sanjay Krishna Ramamurthi Family Trust", "relation": "Promoter", "url": "", "transactionDescription": "Acquisition", "latestTransDate": "2013-10-17", "positionDirect": 673000, "positionDirectDate": "2013-10-17"}, {"maxAge": 1, "name": "Super Farm Products Ltd.", "relation": "Promoter", "url": "", "transactionDescription": "Acquisition", "latestTransDate": "2015-04-01", "positionDirect": 2845914, "positionDirectDate": "2015-04-01"}], "maxAge": 1}, "calendarEvents": {"maxAge": 1, "earnings": {"earningsDate": []}}, "upgradeDowngradeHistory": {"history": [], "maxAge": 86400}, "price": {"maxAge": 1, "regularMarketChangePercent": 0.09953699, "regularMarketChange": 0.42999983, "regularMarketTime": "2021-04-30 13:44:29", "priceHint": 4, "regularMarketPrice": 4.75, "regularMarketDayHigh": 4.75, "regularMarketDayLow": 4.32, "regularMarketVolume": 23129, "averageDailyVolume10Day": 21060, "averageDailyVolume3Month": 21472, "regularMarketPreviousClose": 4.32, "regularMarketSource": "FREE_REALTIME", "regularMarketOpen": 4.49, "exchange": "BSE", "exchangeName": "BSE", "exchangeDataDelayedBy": 0, "marketState": "CLOSED", "quoteType": "EQUITY", "symbol": "SUPERSPIN.BO", "underlyingSymbol": null, "shortName": "SUPER SPINNING MILLS LTD.", "longName": "Super Spinning Mills Limited", "currency": "INR", "quoteSourceName": "Delayed Quote", "currencySymbol": "\u20b9", "fromCurrency": null, "lastMarket": null, "marketCap": 261250000}, "balanceSheetHistory": {"balanceSheetStatements": [{"maxAge": 1, "endDate": "2020-03-31", "cash": 1021000, "netReceivables": 99090000, "inventory": 121730000, "otherCurrentAssets": 144610000, "totalCurrentAssets": 369688000, "longTermInvestments": 132705000, "propertyPlantEquipment": 1533847000, "otherAssets": 273804000, "totalAssets": 2310044000, "accountsPayable": 628698000, "shortLongTermDebt": 8756000, "otherCurrentLiab": 65455000, "otherLiab": 67267000, "deferredLongTermLiab": 106000, "totalCurrentLiabilities": 1110104000, "totalLiab": 1177371000, "commonStock": 55000000, "retainedEarnings": 873626000, "treasuryStock": 55297000, "capitalSurplus": 148750000, "otherStockholderEquity": 55297000, "totalStockholderEquity": 1132673000, "netTangibleAssets": 1132673000}, {"maxAge": 1, "endDate": "2019-03-31", "cash": 1497000, "netReceivables": 110038000, "inventory": 248543000, "otherCurrentAssets": 502431000, "totalCurrentAssets": 867023000, "longTermInvestments": 132705000, "propertyPlantEquipment": 1708246000, "otherAssets": 300521000, "totalAssets": 3008495000, "accountsPayable": 665087000, "shortLongTermDebt": 67245000, "otherCurrentLiab": 433936000, "longTermDebt": 17975000, "otherLiab": 82629000, "deferredLongTermLiab": 212000, "totalCurrentLiabilities": 1652331000, "totalLiab": 1752935000, "commonStock": 55000000, "retainedEarnings": 986653000, "treasuryStock": 65157000, "capitalSurplus": 148750000, "otherStockholderEquity": 65157000, "totalStockholderEquity": 1255560000, "netTangibleAssets": 1255560000}, {"maxAge": 1, "endDate": "2018-03-31", "cash": 15822000, "netReceivables": 172064000, "inventory": 178241000, "otherCurrentAssets": 211119000, "totalCurrentAssets": 586020000, "longTermInvestments": 132705000, "propertyPlantEquipment": 2058279000, "goodWill": 79870000, "intangibleAssets": 22000, "otherAssets": 70958000, "totalAssets": 2927854000, "accountsPayable": 628662000, "shortLongTermDebt": 81800000, "otherCurrentLiab": 94779000, "longTermDebt": 85576000, "otherLiab": 53949000, "deferredLongTermLiab": 631000, "totalCurrentLiabilities": 1439842000, "totalLiab": 1579367000, "commonStock": 55000000, "retainedEarnings": 1146910000, "treasuryStock": -2173000, "capitalSurplus": 148750000, "otherStockholderEquity": -2173000, "totalStockholderEquity": 1348487000, "netTangibleAssets": 1268595000}, {"maxAge": 1, "endDate": "2017-03-31", "cash": 14714000, "netReceivables": 175246000, "inventory": 329888000, "otherCurrentAssets": 232050000, "totalCurrentAssets": 763656000, "longTermInvestments": 132705000, "propertyPlantEquipment": 2102409000, "goodWill": 79870000, "intangibleAssets": 77000, "otherAssets": 80761000, "totalAssets": 3159478000, "accountsPayable": 485647000, "shortLongTermDebt": 140640000, "otherCurrentLiab": 22697000, "longTermDebt": 166076000, "otherLiab": 56344000, "deferredLongTermLiab": 1358000, "totalCurrentLiabilities": 1274654000, "totalLiab": 1497074000, "commonStock": 55000000, "retainedEarnings": 1460827000, "treasuryStock": -2173000, "capitalSurplus": 148750000, "otherStockholderEquity": -2173000, "totalStockholderEquity": 1662404000, "netTangibleAssets": 1582457000}], "maxAge": 86400}, "financialData": {"maxAge": 86400, "currentPrice": 4.75, "recommendationKey": "none", "grossProfits": 268940000, "financialCurrency": "INR"}}}