{"SUPPETRO.NS": {"assetProfile": {"address1": "Building No. 11", "address2": "5th Floor, Solitaire Corporate Park 167, Guru Hargovindji Marg Andheri-Ghatkopar Link Rd,Chakala, Andhe", "city": "Mumbai", "zip": "400093", "country": "India", "phone": "91 22 6709 1900", "fax": "91 22 4005 5681", "website": "http://www.supremepetrochem.com", "industry": "Chemicals", "sector": "Basic Materials", "longBusinessSummary": "Supreme Petrochem Limited manufactures and sells polystyrene, expandable polystyrene, specialty polymers and compounds, and extruded polystyrene foam boards (XPS) in India and internationally. It provides general purpose, high impact, and expandable polystyrene products; white, black, color, additive, and performance/nucleating masterbatches and compounds of styrenics and other polymers; styrene methyl methacrylate for household, molding, sheet extrusion, and extrusion profiles applications; and XPS insulation boards under the brand name of INSUBOARD. The company also exports its products to approximately 100 countries. Supreme Petrochem Limited was incorporated in 1989 and is based in Mumbai, India.", "fullTimeEmployees": 351, "companyOfficers": [{"maxAge": 1, "name": "Mr. N.  Gopal", "age": 74, "title": "Exec. Director of Styrenics & Mang.", "yearBorn": 1946, "fiscalYear": 2018, "exercisedValue": 0, "unexercisedValue": 0}, {"maxAge": 1, "name": "Mr. K. V. Mujumdar", "title": "VP of Operations & Whole Time Director", "exercisedValue": 0, "unexercisedValue": 0}, {"maxAge": 1, "name": "Mr. Rakesh  Nayyar", "age": 63, "title": "CFO and Exec. Director of Fin. & Corp. Affairs", "yearBorn": 1957, "fiscalYear": 2018, "exercisedValue": 0, "unexercisedValue": 0}, {"maxAge": 1, "name": "Mr. D. N. Mishra", "title": "Company Sec. & Compliance Officer", "fiscalYear": 2019, "totalPay": 3554542, "exercisedValue": 0, "unexercisedValue": 0}], "compensationAsOfEpochDate": "2019-12-31 05:30:00", "maxAge": 86400}, "cashflowStatementHistory": {"cashflowStatements": [{"maxAge": 1, "endDate": "2020-03-31", "netIncome": 1026528000, "depreciation": 357060000, "changeToNetincome": -147796000, "changeToAccountReceivables": 391093000, "changeToLiabilities": -124697000, "changeToInventory": -133796000, "changeToOperatingActivities": -175456000, "totalCashFromOperatingActivities": 1196185000, "capitalExpenditures": -161660000, "otherCashflowsFromInvestingActivities": 80917000, "totalCashflowsFromInvestingActivities": -75614000, "dividendsPaid": -349029000, "netBorrowings": -148106000, "otherCashflowsFromFinancingActivities": -29308000, "totalCashFromFinancingActivities": -904880000, "changeInCash": 215691000, "repurchaseOfStock": -29408000}, {"maxAge": 1, "endDate": "2019-03-31", "netIncome": 492069000, "depreciation": 228593000, "changeToNetincome": -72232000, "changeToAccountReceivables": 110876000, "changeToLiabilities": -884172000, "changeToInventory": 678091000, "changeToOperatingActivities": 772371000, "totalCashFromOperatingActivities": 1329723000, "capitalExpenditures": -323615000, "otherCashflowsFromInvestingActivities": 57417000, "totalCashflowsFromInvestingActivities": -266095000, "dividendsPaid": -523549000, "netBorrowings": -148106000, "otherCashflowsFromFinancingActivities": -39036000, "totalCashFromFinancingActivities": -562585000, "changeInCash": 501043000, "repurchaseOfStock": -29408000}, {"maxAge": 1, "endDate": "2018-03-31", "netIncome": 1161206000, "depreciation": 201328000, "changeToNetincome": 102982000, "changeToAccountReceivables": 72259000, "changeToLiabilities": 1356964000, "changeToInventory": -70022000, "changeToOperatingActivities": -703737000, "totalCashFromOperatingActivities": 2127120000, "capitalExpenditures": -189642000, "otherCashflowsFromInvestingActivities": 38424000, "totalCashflowsFromInvestingActivities": -146367000, "dividendsPaid": -522667000, "netBorrowings": -148106000, "otherCashflowsFromFinancingActivities": -46039000, "totalCashFromFinancingActivities": -568706000, "changeInCash": 1412047000, "repurchaseOfStock": -29408000}, {"maxAge": 1, "endDate": "2017-03-31", "netIncome": 1794123000, "depreciation": 215863000, "changeToNetincome": 92371000, "changeToAccountReceivables": -292052000, "changeToLiabilities": 242821000, "changeToInventory": -1244131000, "changeToOperatingActivities": -128943000, "totalCashFromOperatingActivities": 686372000, "capitalExpenditures": -278291000, "otherCashflowsFromInvestingActivities": 28972000, "totalCashflowsFromInvestingActivities": -254515000, "dividendsPaid": -116151000, "netBorrowings": -148106000, "otherCashflowsFromFinancingActivities": -47014000, "totalCashFromFinancingActivities": -163165000, "changeInCash": 268692000, "repurchaseOfStock": -29408000}], "maxAge": 86400}, "institutionOwnership": {"ownershipList": [], "maxAge": 1}, "majorHoldersBreakdown": {"maxAge": 1, "insidersPercentHeld": 0.65569, "institutionsPercentHeld": 0.02478, "institutionsFloatPercentHeld": 0.07198, "institutionsCount": 5}, "balanceSheetHistoryQuarterly": {"balanceSheetStatements": [{"maxAge": 1, "endDate": "2020-12-31", "totalStockholderEquity": 6860515000, "netTangibleAssets": 6852591000}, {"maxAge": 1, "endDate": "2020-09-30", "cash": 755594000, "shortTermInvestments": 3404275000, "netReceivables": 2251440000, "inventory": 1997169000, "otherCurrentAssets": 186856000, "totalCurrentAssets": 8595334000, "propertyPlantEquipment": 3803823000, "intangibleAssets": 7924000, "otherAssets": 103917000, "totalAssets": 12510998000, "accountsPayable": 4355041000, "otherCurrentLiab": 365754000, "otherLiab": 421037000, "totalCurrentLiabilities": 4893321000, "totalLiab": 5650483000, "commonStock": 940207000, "treasuryStock": 5920308000, "otherStockholderEquity": 5920308000, "totalStockholderEquity": 6860515000, "netTangibleAssets": 6852591000}, {"maxAge": 1, "endDate": "2020-06-30", "totalStockholderEquity": 6732771000, "netTangibleAssets": 6724748000}, {"maxAge": 1, "endDate": "2020-03-31", "cash": 1709044000, "netReceivables": 2660922000, "inventory": 2584299000, "otherCurrentAssets": 320245000, "totalCurrentAssets": 8672948000, "propertyPlantEquipment": 3785020000, "intangibleAssets": 8023000, "otherAssets": 84559000, "totalAssets": 12550550000, "accountsPayable": 4761648000, "otherCurrentLiab": 281270000, "otherLiab": 438019000, "totalCurrentLiabilities": 5209043000, "totalLiab": 5817779000, "commonStock": 965020000, "retainedEarnings": 5631567000, "treasuryStock": 136184000, "otherStockholderEquity": 136843000, "totalStockholderEquity": 6732771000, "netTangibleAssets": 6724748000}], "maxAge": 86400}, "indexTrend": {"maxAge": 1, "symbol": "SP5", "peRatio": 19.7411, "pegRatio": 1.34172, "estimates": [{"period": "0q", "growth": 0.549}, {"period": "+1q", "growth": 0.431}, {"period": "0y", "growth": 0.305}, {"period": "+1y", "growth": 0.109}, {"period": "+5y", "growth": 0.120865}, {"period": "-5y"}]}, "defaultKeyStatistics": {"maxAge": 1, "priceHint": 2, "enterpriseValue": 61399859200, "profitMargins": 0.10446999, "floatShares": 25741506, "sharesOutstanding": 94020704, "heldPercentInsiders": 0.65569, "heldPercentInstitutions": 0.02478, "beta": 0.783462, "category": null, "bookValue": 72.929, "priceToBook": 9.9795685, "fundFamily": null, "legalType": null, "lastFiscalYearEnd": "2020-03-31 05:30:00", "nextFiscalYearEnd": "2022-03-31 05:30:00", "mostRecentQuarter": "2020-12-31 05:30:00", "earningsQuarterlyGrowth": 81.728, "netIncomeToCommon": 2693017088, "trailingEps": 28.456, "lastSplitFactor": null, "enterpriseToRevenue": 2.382, "enterpriseToEbitda": 15.636}, "summaryProfile": {"address1": "Building No. 11", "address2": "5th Floor, Solitaire Corporate Park 167, Guru Hargovindji Marg Andheri-Ghatkopar Link Rd,Chakala, Andhe", "city": "Mumbai", "zip": "400093", "country": "India", "phone": "91 22 6709 1900", "fax": "91 22 4005 5681", "website": "http://www.supremepetrochem.com", "industry": "Chemicals", "sector": "Basic Materials", "longBusinessSummary": "Supreme Petrochem Limited manufactures and sells polystyrene, expandable polystyrene, specialty polymers and compounds, and extruded polystyrene foam boards (XPS) in India and internationally. It provides general purpose, high impact, and expandable polystyrene products; white, black, color, additive, and performance/nucleating masterbatches and compounds of styrenics and other polymers; styrene methyl methacrylate for household, molding, sheet extrusion, and extrusion profiles applications; and XPS insulation boards under the brand name of INSUBOARD. The company also exports its products to approximately 100 countries. Supreme Petrochem Limited was incorporated in 1989 and is based in Mumbai, India.", "fullTimeEmployees": 351, "companyOfficers": [], "maxAge": 86400}, "netSharePurchaseActivity": {"maxAge": 1, "period": "6m", "buyInfoCount": 0, "buyInfoShares": 0, "sellInfoCount": 0, "netInfoCount": 0, "netInfoShares": 0, "netPercentInsiderShares": 0.0, "totalInsiderShares": 61681220}, "quoteType": {"exchange": "NSI", "quoteType": "EQUITY", "symbol": "SUPPETRO.NS", "underlyingSymbol": "SUPPETRO.NS", "shortName": "SUPREME PETROCHEM", "longName": "Supreme Petrochem Limited", "firstTradeDateEpochUtc": "2002-07-01 09:15:00", "timeZoneFullName": "Asia/Kolkata", "timeZoneShortName": "IST", "uuid": "f1ec6fcc-7682-3b3c-a24d-82393e9764c0", "gmtOffSetMilliseconds": 19800000, "maxAge": 1}, "incomeStatementHistory": {"incomeStatementHistory": [{"maxAge": 1, "endDate": "2020-03-31", "totalRevenue": 27221739000, "costOfRevenue": 23681905000, "grossProfit": 3539834000, "researchDevelopment": {}, "sellingGeneralAdministrative": 418810000, "nonRecurring": {}, "otherOperatingExpenses": 1477750000, "totalOperatingExpenses": 25946535000, "operatingIncome": 1275204000, "totalOtherIncomeExpenseNet": -96225000, "ebit": 1275204000, "interestExpense": -49143000, "incomeBeforeTax": 1178979000, "incomeTaxExpense": 152451000, "minorityInterest": {}, "netIncomeFromContinuingOps": 1026528000, "discontinuedOperations": {}, "extraordinaryItems": {}, "effectOfAccountingCharges": {}, "otherItems": {}, "netIncome": 1026528000, "netIncomeApplicableToCommonShares": 1026528000}, {"maxAge": 1, "endDate": "2019-03-31", "totalRevenue": 31876432000, "costOfRevenue": 28883299000, "grossProfit": 2993133000, "researchDevelopment": {}, "sellingGeneralAdministrative": 398641000, "nonRecurring": {}, "otherOperatingExpenses": 1485453000, "totalOperatingExpenses": 31017432000, "operatingIncome": 859000000, "totalOtherIncomeExpenseNet": -97370000, "ebit": 859000000, "interestExpense": -28339000, "incomeBeforeTax": 761630000, "incomeTaxExpense": 269561000, "minorityInterest": {}, "netIncomeFromContinuingOps": 492069000, "discontinuedOperations": {}, "extraordinaryItems": {}, "effectOfAccountingCharges": {}, "otherItems": {}, "netIncome": 492069000, "netIncomeApplicableToCommonShares": 492069000}, {"maxAge": 1, "endDate": "2018-03-31", "totalRevenue": 30226393000, "costOfRevenue": 26282568000, "grossProfit": 3943825000, "researchDevelopment": {}, "sellingGeneralAdministrative": 427587000, "nonRecurring": {}, "otherOperatingExpenses": 1443708000, "totalOperatingExpenses": 28368047000, "operatingIncome": 1858346000, "totalOtherIncomeExpenseNet": -68982000, "ebit": 1858346000, "interestExpense": -37811000, "incomeBeforeTax": 1789364000, "incomeTaxExpense": 628158000, "minorityInterest": {}, "netIncomeFromContinuingOps": 1161206000, "discontinuedOperations": {}, "extraordinaryItems": {}, "effectOfAccountingCharges": {}, "otherItems": {}, "netIncome": 1161206000, "netIncomeApplicableToCommonShares": 1161206000}, {"maxAge": 1, "endDate": "2017-03-31", "totalRevenue": 29153355000, "costOfRevenue": 24216959000, "grossProfit": 4936396000, "researchDevelopment": {}, "sellingGeneralAdministrative": 383587000, "nonRecurring": {}, "otherOperatingExpenses": 1532875000, "totalOperatingExpenses": 26355604000, "operatingIncome": 2797751000, "totalOtherIncomeExpenseNet": -19267000, "ebit": 2797751000, "interestExpense": -36335000, "incomeBeforeTax": 2778484000, "incomeTaxExpense": 984361000, "minorityInterest": {}, "netIncomeFromContinuingOps": 1794123000, "discontinuedOperations": {}, "extraordinaryItems": {}, "effectOfAccountingCharges": {}, "otherItems": {}, "netIncome": 1794123000, "netIncomeApplicableToCommonShares": 1794123000}], "maxAge": 86400}, "fundOwnership": {"ownershipList": [{"maxAge": 1, "reportDate": "2021-01-31", "organization": "DFA Emerging Markets Core Equity Portfolio", "pctHeld": 0.0025, "position": 230846, "value": 84581974}, {"maxAge": 1, "reportDate": "2021-01-31", "organization": "DFA Emerging Markets Small Cap Series", "pctHeld": 0.0018000001, "position": 165945, "value": 60802248}, {"maxAge": 1, "reportDate": "2021-01-31", "organization": "DFA Investment Dimensions-Emerging Markets Social Core Equity", "pctHeld": 0.0002, "position": 17842, "value": 6537308}, {"maxAge": 1, "reportDate": "2021-01-31", "organization": "DFA T.A. World Ex U.S. Core Equity Portfolio", "pctHeld": 0.0002, "position": 17029, "value": 6239425}, {"maxAge": 1, "reportDate": "2021-01-31", "organization": "DFA Investment Dimensions-World Ex U.S. Core Equity Port", "pctHeld": 0.0001, "position": 11031, "value": 4041758}], "maxAge": 1}, "summaryDetail": {"maxAge": 1, "priceHint": 2, "previousClose": 691.8, "open": 690.0, "dayLow": 630.1, "dayHigh": 735.0, "regularMarketPreviousClose": 691.8, "regularMarketOpen": 690.0, "regularMarketDayLow": 630.1, "regularMarketDayHigh": 735.0, "dividendRate": 5.0, "dividendYield": 0.0072000003, "exDividendDate": "2020-11-05 05:30:00", "payoutRatio": 0.14, "fiveYearAvgDividendYield": 1.38, "beta": 0.783462, "trailingPE": 25.576328, "volume": 498173, "regularMarketVolume": 498173, "averageVolume": 108038, "averageVolume10days": 19405, "averageDailyVolume10Day": 19405, "bid": 0.0, "ask": 0.0, "bidSize": 0, "askSize": 0, "marketCap": 68452937728, "fiftyTwoWeekLow": 129.25, "fiftyTwoWeekHigh": 735.0, "priceToSalesTrailing12Months": 2.6554017, "fiftyDayAverage": 413.27353, "twoHundredDayAverage": 342.27164, "trailingAnnualDividendRate": 4.0, "trailingAnnualDividendYield": 0.005782018, "currency": "INR", "fromCurrency": null, "lastMarket": null, "algorithm": null, "tradeable": false}, "incomeStatementHistoryQuarterly": {"incomeStatementHistory": [{"maxAge": 1, "endDate": "2020-12-31", "totalRevenue": 9297241000, "costOfRevenue": 6280359000, "grossProfit": 3016882000, "researchDevelopment": {}, "sellingGeneralAdministrative": 123319000, "nonRecurring": {}, "otherOperatingExpenses": 500105000, "totalOperatingExpenses": 7004264000, "operatingIncome": 2292977000, "totalOtherIncomeExpenseNet": 39178000, "ebit": 2292977000, "interestExpense": -24923000, "incomeBeforeTax": 2332155000, "incomeTaxExpense": 616945000, "minorityInterest": {}, "netIncomeFromContinuingOps": 1715210000, "discontinuedOperations": {}, "extraordinaryItems": {}, "effectOfAccountingCharges": {}, "otherItems": {}, "netIncome": 1715210000, "netIncomeApplicableToCommonShares": 1715210000}, {"maxAge": 1, "endDate": "2020-09-30", "totalRevenue": 6940571000, "costOfRevenue": 5232125000, "grossProfit": 1708446000, "researchDevelopment": {}, "sellingGeneralAdministrative": 106968000, "nonRecurring": {}, "otherOperatingExpenses": 437418000, "totalOperatingExpenses": 5873234000, "operatingIncome": 1067337000, "totalOtherIncomeExpenseNet": 53716000, "ebit": 1067337000, "interestExpense": -13022000, "incomeBeforeTax": 1121053000, "incomeTaxExpense": 259521000, "minorityInterest": {}, "netIncomeFromContinuingOps": 861532000, "discontinuedOperations": {}, "extraordinaryItems": {}, "effectOfAccountingCharges": {}, "otherItems": {}, "netIncome": 861532000, "netIncomeApplicableToCommonShares": 861532000}, {"maxAge": 1, "endDate": "2020-06-30", "totalRevenue": 2922676000, "costOfRevenue": 2563725000, "grossProfit": 358951000, "researchDevelopment": {}, "sellingGeneralAdministrative": 112488000, "nonRecurring": {}, "otherOperatingExpenses": 278323000, "totalOperatingExpenses": 3048134000, "operatingIncome": -125458000, "totalOtherIncomeExpenseNet": -918000, "ebit": -125458000, "interestExpense": -18694000, "incomeBeforeTax": -126376000, "incomeTaxExpense": -7530000, "minorityInterest": {}, "netIncomeFromContinuingOps": -118846000, "discontinuedOperations": {}, "extraordinaryItems": {}, "effectOfAccountingCharges": {}, "otherItems": {}, "netIncome": -118846000, "netIncomeApplicableToCommonShares": -118846000}, {"maxAge": 1, "endDate": "2020-03-31", "totalRevenue": 6608261000, "costOfRevenue": 5743703000, "grossProfit": 864558000, "researchDevelopment": {}, "sellingGeneralAdministrative": 103270000, "nonRecurring": {}, "otherOperatingExpenses": 211180000, "totalOperatingExpenses": 6158653000, "operatingIncome": 449608000, "totalOtherIncomeExpenseNet": -143860000, "ebit": 449608000, "interestExpense": -2253000, "incomeBeforeTax": 305748000, "incomeTaxExpense": 70627000, "minorityInterest": {}, "netIncomeFromContinuingOps": 235121000, "discontinuedOperations": {}, "extraordinaryItems": {}, "effectOfAccountingCharges": {}, "otherItems": {}, "netIncome": 235121000, "netIncomeApplicableToCommonShares": 235121000}], "maxAge": 86400}, "cashflowStatementHistoryQuarterly": {"cashflowStatements": [{"maxAge": 1, "endDate": "2020-12-31", "netIncome": 1715210000, "changeToLiabilities": 0}, {"maxAge": 1, "endDate": "2020-09-30", "netIncome": 861532000, "changeToLiabilities": 0}, {"maxAge": 1, "endDate": "2020-06-30", "netIncome": -118846000, "changeToLiabilities": 0}, {"maxAge": 1, "endDate": "2020-03-31", "netIncome": 235121000, "changeToLiabilities": 0}], "maxAge": 86400}, "insiderHolders": {"holders": [], "maxAge": 1}, "calendarEvents": {"maxAge": 1, "earnings": {"earningsDate": []}, "exDividendDate": "2020-11-05 05:30:00"}, "upgradeDowngradeHistory": {"history": [], "maxAge": 86400}, "price": {"maxAge": 1, "regularMarketChangePercent": 0.052038163, "regularMarketChange": 36.0, "regularMarketTime": "2021-04-30 15:29:57", "priceHint": 2, "regularMarketPrice": 727.8, "regularMarketDayHigh": 735.0, "regularMarketDayLow": 630.1, "regularMarketVolume": 498173, "averageDailyVolume10Day": 19405, "averageDailyVolume3Month": 108038, "regularMarketPreviousClose": 691.8, "regularMarketSource": "FREE_REALTIME", "regularMarketOpen": 690.0, "exchange": "NSI", "exchangeName": "NSE", "exchangeDataDelayedBy": 15, "marketState": "CLOSED", "quoteType": "EQUITY", "symbol": "SUPPETRO.NS", "underlyingSymbol": null, "shortName": "SUPREME PETROCHEM", "longName": "Supreme Petrochem Limited", "currency": "INR", "quoteSourceName": "Delayed Quote", "currencySymbol": "\u20b9", "fromCurrency": null, "lastMarket": null, "marketCap": 68452937728}, "balanceSheetHistory": {"balanceSheetStatements": [{"maxAge": 1, "endDate": "2020-03-31", "cash": 1709044000, "netReceivables": 2660922000, "inventory": 2584299000, "otherCurrentAssets": 320245000, "totalCurrentAssets": 8672948000, "propertyPlantEquipment": 3785020000, "intangibleAssets": 8023000, "otherAssets": 84559000, "totalAssets": 12550550000, "accountsPayable": 4761648000, "otherCurrentLiab": 281270000, "otherLiab": 438019000, "totalCurrentLiabilities": 5209043000, "totalLiab": 5817779000, "commonStock": 965020000, "retainedEarnings": 5631567000, "treasuryStock": 136184000, "otherStockholderEquity": 136843000, "totalStockholderEquity": 6732771000, "netTangibleAssets": 6724748000}, {"maxAge": 1, "endDate": "2019-03-31", "cash": 330099000, "netReceivables": 3007332000, "inventory": 2450503000, "otherCurrentAssets": 185501000, "totalCurrentAssets": 8529510000, "propertyPlantEquipment": 3538357000, "intangibleAssets": 10483000, "otherAssets": 130310000, "totalAssets": 12208660000, "accountsPayable": 4741161000, "otherCurrentLiab": 310564000, "otherLiab": 582040000, "totalCurrentLiabilities": 5202331000, "totalLiab": 5784371000, "commonStock": 965020000, "retainedEarnings": 5317442000, "treasuryStock": 141827000, "otherStockholderEquity": 141827000, "totalStockholderEquity": 6424289000, "netTangibleAssets": 6413806000}, {"maxAge": 1, "endDate": "2018-03-31", "cash": 1232694000, "netReceivables": 3284925000, "inventory": 3128594000, "otherCurrentAssets": 585402000, "totalCurrentAssets": 9386987000, "propertyPlantEquipment": 3418916000, "intangibleAssets": 11645000, "otherAssets": 139974000, "totalAssets": 12957522000, "accountsPayable": 5708216000, "otherCurrentLiab": 213323000, "otherLiab": 537125000, "totalCurrentLiabilities": 5964489000, "totalLiab": 6501614000, "commonStock": 965020000, "retainedEarnings": 5348922000, "treasuryStock": 141966000, "otherStockholderEquity": 141966000, "totalStockholderEquity": 6455908000, "netTangibleAssets": 6444263000}, {"maxAge": 1, "endDate": "2017-03-31", "cash": 932613000, "netReceivables": 3251224000, "inventory": 3058572000, "otherCurrentAssets": 427238000, "totalCurrentAssets": 7714644000, "propertyPlantEquipment": 3480557000, "intangibleAssets": 14033000, "otherAssets": 87852000, "totalAssets": 11297086000, "accountsPayable": 4318218000, "otherCurrentLiab": 356335000, "otherLiab": 531709000, "totalCurrentLiabilities": 4944374000, "totalLiab": 5476083000, "commonStock": 965020000, "retainedEarnings": 4710383000, "treasuryStock": 145600000, "otherStockholderEquity": 145600000, "totalStockholderEquity": 5821003000, "netTangibleAssets": 5806970000}], "maxAge": 86400}, "financialData": {"maxAge": 86400, "currentPrice": 727.8, "recommendationKey": "none", "totalCash": 4159868928, "totalCashPerShare": 44.221, "ebitda": 3926742016, "totalDebt": 481616992, "totalRevenue": 25778749440, "debtToEquity": 7.02, "revenuePerShare": 272.392, "grossProfits": 3539834000, "earningsGrowth": 85.857, "revenueGrowth": 0.495, "grossMargins": 0.23076001, "ebitdaMargins": 0.15232, "operatingMargins": 0.14293, "profitMargins": 0.10446999, "financialCurrency": "INR"}}}