{"SUPREME.BO": {"cashflowStatementHistory": {"cashflowStatements": [{"maxAge": 1, "endDate": "2020-03-31", "netIncome": 67818000, "depreciation": 3041000, "changeToNetincome": 5649000, "changeToAccountReceivables": 11681000, "changeToLiabilities": -25085000, "changeToInventory": 166829000, "changeToOperatingActivities": -193185000, "totalCashFromOperatingActivities": 43221000, "capitalExpenditures": -12874000, "investments": 48990000, "otherCashflowsFromInvestingActivities": 1255000, "totalCashflowsFromInvestingActivities": 37371000, "netBorrowings": -90200000, "totalCashFromFinancingActivities": -90200000, "changeInCash": -9608000}, {"maxAge": 1, "endDate": "2019-03-31", "netIncome": 30367000, "depreciation": 1275000, "changeToNetincome": -2056000, "changeToAccountReceivables": 11483000, "changeToLiabilities": 36510000, "changeToInventory": -54695000, "changeToOperatingActivities": 183133000, "totalCashFromOperatingActivities": 206017000, "capitalExpenditures": -8572000, "investments": -50044000, "otherCashflowsFromInvestingActivities": 3919000, "totalCashflowsFromInvestingActivities": -54697000, "netBorrowings": -100184000, "totalCashFromFinancingActivities": -100184000, "changeInCash": 51137000}, {"maxAge": 1, "endDate": "2018-03-31", "netIncome": 16702000, "depreciation": 438000, "changeToNetincome": -4127000, "changeToAccountReceivables": -53044000, "changeToLiabilities": 20734000, "changeToInventory": 103737000, "changeToOperatingActivities": 14294000, "totalCashFromOperatingActivities": 98734000, "capitalExpenditures": -4166000, "investments": 99699000, "otherCashflowsFromInvestingActivities": 6948000, "totalCashflowsFromInvestingActivities": 102481000, "netBorrowings": -187638000, "totalCashFromFinancingActivities": -187638000, "changeInCash": 13577000}, {"maxAge": 1, "endDate": "2017-03-31", "netIncome": -1919000, "depreciation": 21000, "changeToNetincome": -11142000, "changeToAccountReceivables": -4142000, "changeToLiabilities": -12368000, "changeToInventory": -174177000, "changeToOperatingActivities": 411658000, "totalCashFromOperatingActivities": 207931000, "capitalExpenditures": -1023000, "investments": -152480000, "otherCashflowsFromInvestingActivities": 1204000, "totalCashflowsFromInvestingActivities": -152299000, "netBorrowings": -55956000, "totalCashFromFinancingActivities": -55956000, "changeInCash": -324000}], "maxAge": 86400}, "institutionOwnership": {"maxAge": 1, "ownershipList": []}, "balanceSheetHistoryQuarterly": {"balanceSheetStatements": [{"maxAge": 1, "endDate": "2020-06-30", "totalStockholderEquity": 903793000, "netTangibleAssets": 903793000}, {"maxAge": 1, "endDate": "2020-03-31", "cash": 68001000, "shortTermInvestments": 796000, "netReceivables": 34022000, "inventory": 927435000, "otherCurrentAssets": 230453000, "totalCurrentAssets": 1261119000, "longTermInvestments": 128927000, "propertyPlantEquipment": 89601000, "otherAssets": 20642000, "deferredLongTermAssetCharges": 6517000, "totalAssets": 1500289000, "accountsPayable": 37004000, "otherCurrentLiab": 369707000, "longTermDebt": 108384000, "otherLiab": 18045000, "totalCurrentLiabilities": 470067000, "totalLiab": 596496000, "commonStock": 354769000, "retainedEarnings": 175539000, "treasuryStock": 41649000, "capitalSurplus": 331836000, "otherStockholderEquity": 41649000, "totalStockholderEquity": 903793000, "netTangibleAssets": 903793000}, {"maxAge": 1, "endDate": "2019-12-31", "totalStockholderEquity": 914753000, "netTangibleAssets": 914753000}, {"maxAge": 1, "endDate": "2019-09-30", "cash": 45529000, "shortTermInvestments": 21671000, "netReceivables": 39143000, "inventory": 967594000, "otherCurrentAssets": 176794000, "totalCurrentAssets": 1250731000, "longTermInvestments": 168736000, "propertyPlantEquipment": 89037000, "otherAssets": 27267000, "deferredLongTermAssetCharges": 9512000, "totalAssets": 1535771000, "accountsPayable": 48097000, "otherCurrentLiab": 359807000, "longTermDebt": 116734000, "otherLiab": 28578000, "totalCurrentLiabilities": 475706000, "totalLiab": 621018000, "commonStock": 354769000, "treasuryStock": 559984000, "otherStockholderEquity": 559984000, "totalStockholderEquity": 914753000, "netTangibleAssets": 914753000}], "maxAge": 86400}, "indexTrend": {"maxAge": 1, "symbol": "SP5", "peRatio": 19.7411, "pegRatio": 1.34172, "estimates": [{"period": "0q", "growth": 0.549}, {"period": "+1q", "growth": 0.431}, {"period": "0y", "growth": 0.305}, {"period": "+1y", "growth": 0.109}, {"period": "+5y", "growth": 0.120859005}, {"period": "-5y"}]}, "insiderTransactions": {"transactions": [{"maxAge": 1, "shares": 1755163, "filerUrl": "", "transactionText": "", "filerName": "Jatia (Namita)", "filerRelation": "Promoter", "moneyText": "", "startDate": "2019-12-18", "ownership": "D"}], "maxAge": 1}, "quoteType": {"exchange": "BSE", "quoteType": "EQUITY", "symbol": "SUPREME.BO", "underlyingSymbol": "SUPREME.BO", "shortName": "SUPREME HOLDINGS & HOSPITALITY", "longName": "Supreme Holdings & Hospitality (India) Limited", "firstTradeDateEpochUtc": "2000-01-03 09:15:00", "timeZoneFullName": "Asia/Kolkata", "timeZoneShortName": "IST", "uuid": "ea5a8615-461f-32ae-a1a2-27be4580f25d", "messageBoardId": null, "gmtOffSetMilliseconds": 19800000, "maxAge": 1}, "incomeStatementHistory": {"incomeStatementHistory": [{"maxAge": 1, "endDate": "2020-03-31", "totalRevenue": 783295000, "costOfRevenue": 649539000, "grossProfit": 133756000, "researchDevelopment": {}, "sellingGeneralAdministrative": 25010000, "nonRecurring": {}, "otherOperatingExpenses": 30057000, "totalOperatingExpenses": 707647000, "operatingIncome": 75648000, "totalOtherIncomeExpenseNet": 1871000, "ebit": 75648000, "interestExpense": -218000, "incomeBeforeTax": 77519000, "incomeTaxExpense": 9701000, "minorityInterest": {}, "netIncomeFromContinuingOps": 67818000, "discontinuedOperations": {}, "extraordinaryItems": {}, "effectOfAccountingCharges": {}, "otherItems": {}, "netIncome": 67818000, "netIncomeApplicableToCommonShares": 67818000}, {"maxAge": 1, "endDate": "2019-03-31", "totalRevenue": 545986000, "costOfRevenue": 480755000, "grossProfit": 65231000, "researchDevelopment": {}, "sellingGeneralAdministrative": 21384000, "nonRecurring": {}, "otherOperatingExpenses": 12890000, "totalOperatingExpenses": 516304000, "operatingIncome": 29682000, "totalOtherIncomeExpenseNet": 6267000, "ebit": 29682000, "interestExpense": -170000, "incomeBeforeTax": 35949000, "incomeTaxExpense": 5582000, "minorityInterest": {}, "netIncomeFromContinuingOps": 30367000, "discontinuedOperations": {}, "extraordinaryItems": {}, "effectOfAccountingCharges": {}, "otherItems": {}, "netIncome": 30367000, "netIncomeApplicableToCommonShares": 30367000}, {"maxAge": 1, "endDate": "2018-03-31", "totalRevenue": 485475000, "costOfRevenue": 415767000, "grossProfit": 69708000, "researchDevelopment": {}, "sellingGeneralAdministrative": 32681000, "nonRecurring": {}, "otherOperatingExpenses": 16358000, "totalOperatingExpenses": 465244000, "operatingIncome": 20231000, "totalOtherIncomeExpenseNet": 9791000, "ebit": 20231000, "interestExpense": -170000, "incomeBeforeTax": 30022000, "incomeTaxExpense": 13320000, "minorityInterest": {}, "netIncomeFromContinuingOps": 16702000, "discontinuedOperations": {}, "extraordinaryItems": {}, "effectOfAccountingCharges": {}, "otherItems": {}, "netIncome": 16702000, "netIncomeApplicableToCommonShares": 16702000}, {"maxAge": 1, "endDate": "2017-03-31", "totalRevenue": 60231000, "costOfRevenue": 56052000, "grossProfit": 4179000, "researchDevelopment": {}, "sellingGeneralAdministrative": 15397000, "nonRecurring": {}, "otherOperatingExpenses": 2920000, "totalOperatingExpenses": 74390000, "operatingIncome": -14159000, "totalOtherIncomeExpenseNet": 9917000, "ebit": -14159000, "interestExpense": -170000, "incomeBeforeTax": -4242000, "incomeTaxExpense": -2323000, "minorityInterest": {}, "netIncomeFromContinuingOps": -1919000, "discontinuedOperations": {}, "extraordinaryItems": {}, "effectOfAccountingCharges": {}, "otherItems": {}, "netIncome": -1919000, "netIncomeApplicableToCommonShares": -1919000}], "maxAge": 86400}, "fundOwnership": {"maxAge": 1, "ownershipList": []}, "summaryDetail": {"maxAge": 1, "priceHint": 2, "previousClose": 14.62, "open": 17.0, "dayLow": 14.2, "dayHigh": 17.0, "regularMarketPreviousClose": 14.62, "regularMarketOpen": 17.0, "regularMarketDayLow": 14.2, "regularMarketDayHigh": 17.0, "trailingPE": 12.903501, "volume": 1957, "regularMarketVolume": 1957, "averageVolume": 12934, "averageVolume10days": 10287, "averageDailyVolume10Day": 10287, "bid": 15.0, "ask": 15.14, "bidSize": 0, "askSize": 0, "marketCap": 536055936, "fiftyTwoWeekLow": 8.0, "fiftyTwoWeekHigh": 22.63, "fiftyDayAverage": 14.489142, "twoHundredDayAverage": 15.382993, "currency": "INR", "fromCurrency": null, "toCurrency": null, "lastMarket": null, "algorithm": null, "tradeable": false}, "incomeStatementHistoryQuarterly": {"incomeStatementHistory": [{"maxAge": 1, "endDate": "2020-06-30", "totalRevenue": 32188000, "costOfRevenue": 31632000, "grossProfit": 556000, "researchDevelopment": {}, "sellingGeneralAdministrative": {}, "nonRecurring": {}, "otherOperatingExpenses": 3695000, "totalOperatingExpenses": 36198000, "operatingIncome": -4010000, "totalOtherIncomeExpenseNet": 585000, "ebit": -4010000, "interestExpense": -8000, "incomeBeforeTax": -3425000, "incomeTaxExpense": 34000, "minorityInterest": {}, "netIncomeFromContinuingOps": -3459000, "discontinuedOperations": {}, "extraordinaryItems": {}, "effectOfAccountingCharges": {}, "otherItems": {}, "netIncome": -3459000, "netIncomeApplicableToCommonShares": -3459000}, {"maxAge": 1, "endDate": "2020-03-31", "totalRevenue": 183606000, "costOfRevenue": 149469000, "grossProfit": 34137000, "researchDevelopment": {}, "sellingGeneralAdministrative": 25010000, "nonRecurring": {}, "otherOperatingExpenses": -7457000, "totalOperatingExpenses": 167839000, "operatingIncome": 15767000, "totalOtherIncomeExpenseNet": -1900000, "ebit": 15767000, "interestExpense": -150000, "incomeBeforeTax": 13867000, "incomeTaxExpense": 3178000, "minorityInterest": {}, "netIncomeFromContinuingOps": 10689000, "discontinuedOperations": {}, "extraordinaryItems": {}, "effectOfAccountingCharges": {}, "otherItems": {}, "netIncome": 10689000, "netIncomeApplicableToCommonShares": 10689000}, {"maxAge": 1, "endDate": "2019-12-31", "totalRevenue": 128513000, "costOfRevenue": 108183000, "grossProfit": 20330000, "researchDevelopment": {}, "sellingGeneralAdministrative": 25010000, "nonRecurring": {}, "otherOperatingExpenses": 13078000, "totalOperatingExpenses": 122068000, "operatingIncome": 6445000, "totalOtherIncomeExpenseNet": 31000, "ebit": 6445000, "interestExpense": -44000, "incomeBeforeTax": 6476000, "incomeTaxExpense": 469000, "minorityInterest": {}, "netIncomeFromContinuingOps": 6007000, "discontinuedOperations": {}, "extraordinaryItems": {}, "effectOfAccountingCharges": {}, "otherItems": {}, "netIncome": 6007000, "netIncomeApplicableToCommonShares": 6007000}, {"maxAge": 1, "endDate": "2019-09-30", "totalRevenue": 233479000, "costOfRevenue": 189342000, "grossProfit": 44137000, "researchDevelopment": {}, "sellingGeneralAdministrative": 25010000, "nonRecurring": {}, "otherOperatingExpenses": 12413000, "totalOperatingExpenses": 202525000, "operatingIncome": 30954000, "totalOtherIncomeExpenseNet": 3044000, "ebit": 30954000, "interestExpense": -13000, "incomeBeforeTax": 33998000, "incomeTaxExpense": 5910000, "minorityInterest": {}, "netIncomeFromContinuingOps": 28088000, "discontinuedOperations": {}, "extraordinaryItems": {}, "effectOfAccountingCharges": {}, "otherItems": {}, "netIncome": 28088000, "netIncomeApplicableToCommonShares": 28088000}], "maxAge": 86400}, "cashflowStatementHistoryQuarterly": {"cashflowStatements": [{"maxAge": 1, "endDate": "2020-06-30", "netIncome": -3459000, "changeToLiabilities": 0}, {"maxAge": 1, "endDate": "2020-03-31", "netIncome": 10689000, "changeToLiabilities": 0}, {"maxAge": 1, "endDate": "2019-12-31", "netIncome": 6007000, "changeToLiabilities": 0}, {"maxAge": 1, "endDate": "2019-09-30", "netIncome": 28088000, "changeToLiabilities": 0}], "maxAge": 86400}, "insiderHolders": {"holders": [{"maxAge": 1, "name": "Jatia (Namita)", "relation": "Promoter", "url": "", "transactionDescription": "Acquisition", "latestTransDate": "2019-12-18", "positionDirect": 6335474, "positionDirectDate": "2019-12-18"}], "maxAge": 1}, "calendarEvents": {"maxAge": 1, "earnings": {"earningsDate": ["2020-09-01 05:30:S"]}}, "price": {"maxAge": 1, "regularMarketChangePercent": 0.033515718, "regularMarketChange": 0.48999977, "regularMarketTime": "2021-04-30 15:22:35", "priceHint": 2, "regularMarketPrice": 15.11, "regularMarketDayHigh": 17.0, "regularMarketDayLow": 14.2, "regularMarketVolume": 1957, "averageDailyVolume10Day": 10287, "averageDailyVolume3Month": 12934, "regularMarketPreviousClose": 14.62, "regularMarketSource": "FREE_REALTIME", "regularMarketOpen": 17.0, "exchange": "BSE", "exchangeName": "BSE", "exchangeDataDelayedBy": 0, "marketState": "CLOSED", "quoteType": "EQUITY", "symbol": "SUPREME.BO", "underlyingSymbol": null, "shortName": "SUPREME HOLDINGS & HOSPITALITY", "longName": "Supreme Holdings & Hospitality (India) Limited", "currency": "INR", "quoteSourceName": "Delayed Quote", "currencySymbol": "\u20b9", "fromCurrency": null, "toCurrency": null, "lastMarket": null, "marketCap": 536055936}, "balanceSheetHistory": {"balanceSheetStatements": [{"maxAge": 1, "endDate": "2020-03-31", "cash": 68001000, "shortTermInvestments": 796000, "netReceivables": 34022000, "inventory": 927435000, "otherCurrentAssets": 230453000, "totalCurrentAssets": 1261119000, "longTermInvestments": 128927000, "propertyPlantEquipment": 89601000, "otherAssets": 20642000, "deferredLongTermAssetCharges": 6517000, "totalAssets": 1500289000, "accountsPayable": 37004000, "otherCurrentLiab": 369707000, "longTermDebt": 108384000, "otherLiab": 18045000, "totalCurrentLiabilities": 470067000, "totalLiab": 596496000, "commonStock": 354769000, "retainedEarnings": 175539000, "treasuryStock": 41649000, "capitalSurplus": 331836000, "otherStockholderEquity": 41649000, "totalStockholderEquity": 903793000, "netTangibleAssets": 903793000}, {"maxAge": 1, "endDate": "2019-03-31", "cash": 77609000, "netReceivables": 45703000, "inventory": 1094264000, "otherCurrentAssets": 14149000, "totalCurrentAssets": 1282093000, "longTermInvestments": 170026000, "propertyPlantEquipment": 79871000, "otherAssets": 26424000, "deferredLongTermAssetCharges": 8757000, "totalAssets": 1558414000, "accountsPayable": 62089000, "otherCurrentLiab": 347421000, "longTermDebt": 161911000, "otherLiab": 28914000, "totalCurrentLiabilities": 503957000, "totalLiab": 694782000, "commonStock": 354769000, "retainedEarnings": 107722000, "treasuryStock": 69305000, "capitalSurplus": 331836000, "otherStockholderEquity": 69305000, "totalStockholderEquity": 863632000, "netTangibleAssets": 863632000}, {"maxAge": 1, "endDate": "2018-03-31", "cash": 26472000, "netReceivables": 67599000, "inventory": 1039569000, "otherCurrentAssets": 148659000, "totalCurrentAssets": 1282320000, "longTermInvestments": 200937000, "propertyPlantEquipment": 72765000, "otherAssets": 10700000, "deferredLongTermAssetCharges": 6818000, "totalAssets": 1566722000, "accountsPayable": 25579000, "otherCurrentLiab": 291218000, "longTermDebt": 194295000, "otherLiab": 35118000, "totalCurrentLiabilities": 480979000, "totalLiab": 710392000, "commonStock": 354769000, "retainedEarnings": 77355000, "treasuryStock": 92370000, "capitalSurplus": 331836000, "otherStockholderEquity": 92370000, "totalStockholderEquity": 856330000, "netTangibleAssets": 856330000}, {"maxAge": 1, "endDate": "2017-03-31", "cash": 12895000, "shortTermInvestments": 81157000, "netReceivables": 4142000, "inventory": 1143307000, "otherCurrentAssets": 45485000, "totalCurrentAssets": 1287024000, "longTermInvestments": 232334000, "propertyPlantEquipment": 69355000, "otherAssets": 20670000, "deferredLongTermAssetCharges": 10768000, "totalAssets": 1609383000, "accountsPayable": 16139000, "otherCurrentLiab": 158691000, "otherLiab": 39156000, "totalCurrentLiabilities": 720087000, "totalLiab": 759243000, "commonStock": 354769000, "retainedEarnings": 60652000, "treasuryStock": 102883000, "capitalSurplus": 331836000, "otherStockholderEquity": 102883000, "totalStockholderEquity": 850140000, "netTangibleAssets": 850140000}], "maxAge": 86400}, "financialData": {"maxAge": 86400, "currentPrice": 15.11, "recommendationKey": "none", "grossProfits": 133756000, "financialCurrency": "INR"}}}