{"SUPREMEENG.NS": {"assetProfile": {"address1": "R-223, M.I.D.C. Complex", "address2": "Thane Belapur Road Rabale", "city": "Navi Mumbai", "zip": "400701", "country": "India", "phone": "91 22 2769 2232", "fax": "91 22 2769 0341", "website": "http://www.supremesteels.com", "industry": "Steel", "sector": "Basic Materials", "longBusinessSummary": "Supreme Engineering Limited manufactures and sells special alloys and special wire products. Its Special Steels division manufactures special alloys, such as super alloys, precipitation hardening steels, martensitic stainless steel, austenitic stainless steel, high strength steel, and high speed steels for use in sectors, such as aerospace, space, defense, nuclear power, thermal power, oil and gas, and heavy engineering. The company's Wire division provides wires, bright bars, fine wires, and profiles for use in automotive, oil and gas, industrial machinery, and hand tools industries. Supreme Engineering Limited was founded in 1987 and is based in Navi Mumbai, India.", "companyOfficers": [{"maxAge": 1, "name": "Mr. Sanjay Rattan-Prakash Chowdhri", "age": 55, "title": "Chairman & MD", "yearBorn": 1965, "fiscalYear": 2020, "totalPay": 5854839, "exercisedValue": 0, "unexercisedValue": 0}, {"maxAge": 1, "name": "Mr. Pranav  Chowdhri", "age": 23, "title": "Chief Exec. Officer", "yearBorn": 1997, "fiscalYear": 2020, "totalPay": 1756453, "exercisedValue": 0, "unexercisedValue": 0}, {"maxAge": 1, "name": "Ms. Krupali  Thakkar", "age": 27, "title": "Company Sec. & Compliance Officer", "yearBorn": 1993, "fiscalYear": 2020, "totalPay": 412000, "exercisedValue": 0, "unexercisedValue": 0}, {"maxAge": 1, "name": "Mr. Abhinav Sanjay Chowdhri", "age": 31, "title": "Exec. Director", "yearBorn": 1989, "fiscalYear": 2020, "totalPay": 2100000, "exercisedValue": 0, "unexercisedValue": 0}], "compensationAsOfEpochDate": "2020-12-31 05:30:00", "maxAge": 86400}, "cashflowStatementHistory": {"cashflowStatements": [{"maxAge": 1, "endDate": "2020-03-31", "netIncome": 42533000, "depreciation": 17982000, "changeToNetincome": 105632000, "changeToAccountReceivables": -330674000, "changeToLiabilities": 348599000, "changeToInventory": -111655000, "changeToOperatingActivities": 28155000, "totalCashFromOperatingActivities": 100572000, "capitalExpenditures": -58000, "otherCashflowsFromInvestingActivities": 4185000, "totalCashflowsFromInvestingActivities": 2745000, "dividendsPaid": -15042000, "netBorrowings": -8681000, "otherCashflowsFromFinancingActivities": -96067000, "totalCashFromFinancingActivities": -119790000, "changeInCash": -16473000}, {"maxAge": 1, "endDate": "2019-03-31", "netIncome": 67620325, "depreciation": 17266344, "changeToNetincome": 62150371, "changeToAccountReceivables": -94365554, "changeToLiabilities": -121912744, "changeToInventory": -98455117, "changeToOperatingActivities": -567584, "totalCashFromOperatingActivities": -166649665, "capitalExpenditures": -58000, "investments": -12218845, "otherCashflowsFromInvestingActivities": 5337290, "totalCashflowsFromInvestingActivities": -810415, "dividendsPaid": -15042000, "netBorrowings": 82864352, "otherCashflowsFromFinancingActivities": -88258435, "totalCashFromFinancingActivities": 172157917, "changeInCash": 4697837, "issuanceOfStock": 177552000}, {"maxAge": 1, "endDate": "2018-03-31", "netIncome": 50053612, "depreciation": 15110765, "changeToNetincome": 85287991, "changeToAccountReceivables": -123457334, "changeToLiabilities": 220085783, "changeToInventory": -229262578, "changeToOperatingActivities": 36900271, "totalCashFromOperatingActivities": 54718510, "capitalExpenditures": -58000, "investments": -15428, "otherCashflowsFromInvestingActivities": 1887398, "totalCashflowsFromInvestingActivities": 12862906, "dividendsPaid": -15042000, "netBorrowings": 20357918, "otherCashflowsFromFinancingActivities": -86922196, "totalCashFromFinancingActivities": -50223278, "changeInCash": 17358138, "issuanceOfStock": 16341000}, {"maxAge": 1, "endDate": "2017-03-31", "netIncome": 24226824, "depreciation": 19594212, "changeToNetincome": 68207339, "changeToAccountReceivables": -130116824, "changeToLiabilities": 178069900, "changeToInventory": -127224133, "changeToOperatingActivities": 28704209, "totalCashFromOperatingActivities": 61461527, "capitalExpenditures": -33351469, "investments": 18128, "otherCashflowsFromInvestingActivities": 3968721, "totalCashflowsFromInvestingActivities": -29364620, "dividendsPaid": -15042000, "netBorrowings": 48390061, "otherCashflowsFromFinancingActivities": -74714135, "totalCashFromFinancingActivities": -26324074, "changeInCash": 5772832, "issuanceOfStock": 16341000}], "maxAge": 86400}, "institutionOwnership": {"ownershipList": [], "maxAge": 1}, "majorHoldersBreakdown": {"maxAge": 1}, "balanceSheetHistoryQuarterly": {"balanceSheetStatements": [{"maxAge": 1, "endDate": "2020-12-31", "totalStockholderEquity": 485189000, "netTangibleAssets": 485189000}, {"maxAge": 1, "endDate": "2020-09-30", "cash": 40339000, "netReceivables": 588428000, "inventory": 1029815000, "otherCurrentAssets": 26649000, "totalCurrentAssets": 1685231000, "longTermInvestments": 70965000, "propertyPlantEquipment": 188768000, "otherAssets": 17910000, "totalAssets": 1962874000, "accountsPayable": 351880000, "otherCurrentLiab": 200662000, "longTermDebt": 187558000, "otherLiab": 27576000, "deferredLongTermLiab": 7171000, "totalCurrentLiabilities": 1262551000, "totalLiab": 1477685000, "commonStock": 249950000, "treasuryStock": 235239000, "otherStockholderEquity": 235239000, "totalStockholderEquity": 485189000, "netTangibleAssets": 485189000}, {"maxAge": 1, "endDate": "2020-06-30", "cash": 40339000, "netReceivables": 588428000, "inventory": 1029815000, "otherCurrentAssets": 26649000, "totalCurrentAssets": 1685231000, "longTermInvestments": 70965000, "propertyPlantEquipment": 188768000, "otherAssets": 17910000, "totalAssets": 1962874000, "accountsPayable": 351880000, "otherCurrentLiab": 200662000, "longTermDebt": 187558000, "otherLiab": 27576000, "deferredLongTermLiab": 7171000, "totalCurrentLiabilities": 1262551000, "totalLiab": 1477685000, "commonStock": 249950000, "treasuryStock": 235239000, "otherStockholderEquity": 235239000, "totalStockholderEquity": 485189000, "netTangibleAssets": 485189000}, {"maxAge": 1, "endDate": "2019-12-31"}], "maxAge": 86400}, "indexTrend": {"maxAge": 1, "symbol": "SP5", "peRatio": 19.7411, "pegRatio": 1.34172, "estimates": [{"period": "0q", "growth": 0.549}, {"period": "+1q", "growth": 0.431}, {"period": "0y", "growth": 0.305}, {"period": "+1y", "growth": 0.109}, {"period": "+5y", "growth": 0.120865}, {"period": "-5y"}]}, "defaultKeyStatistics": {"maxAge": 1, "priceHint": 2, "enterpriseValue": 1437717760, "profitMargins": 0.017380001, "floatShares": 5298470, "sharesOutstanding": 24995000, "beta": 0.781878, "category": null, "bookValue": 19.436, "priceToBook": 1.2090964, "fundFamily": null, "legalType": null, "lastFiscalYearEnd": "2020-03-31 05:30:00", "nextFiscalYearEnd": "2022-03-31 05:30:00", "mostRecentQuarter": "2020-12-31 05:30:00", "netIncomeToCommon": 18206000, "trailingEps": 0.727, "lastSplitFactor": null, "enterpriseToRevenue": 1.372, "enterpriseToEbitda": 12.759}, "summaryProfile": {"address1": "R-223, M.I.D.C. Complex", "address2": "Thane Belapur Road Rabale", "city": "Navi Mumbai", "zip": "400701", "country": "India", "phone": "91 22 2769 2232", "fax": "91 22 2769 0341", "website": "http://www.supremesteels.com", "industry": "Steel", "sector": "Basic Materials", "longBusinessSummary": "Supreme Engineering Limited manufactures and sells special alloys and special wire products. Its Special Steels division manufactures special alloys, such as super alloys, precipitation hardening steels, martensitic stainless steel, austenitic stainless steel, high strength steel, and high speed steels for use in sectors, such as aerospace, space, defense, nuclear power, thermal power, oil and gas, and heavy engineering. The company's Wire division provides wires, bright bars, fine wires, and profiles for use in automotive, oil and gas, industrial machinery, and hand tools industries. Supreme Engineering Limited was founded in 1987 and is based in Navi Mumbai, India.", "companyOfficers": [], "maxAge": 86400}, "netSharePurchaseActivity": {"maxAge": 1, "period": "6m", "buyInfoCount": 0, "buyInfoShares": 0, "sellInfoCount": 0, "netInfoCount": 0, "netInfoShares": 0, "totalInsiderShares": 0}, "quoteType": {"exchange": "NSI", "quoteType": "EQUITY", "symbol": "SUPREMEENG.NS", "underlyingSymbol": "SUPREMEENG.NS", "shortName": "Supreme Engineering Ltd", "longName": "Supreme Engineering Limited", "firstTradeDateEpochUtc": "2018-09-24 09:15:00", "timeZoneFullName": "Asia/Kolkata", "timeZoneShortName": "IST", "uuid": "b8a90bf8-343d-3e95-b8d1-461e6fbc4a92", "gmtOffSetMilliseconds": 19800000, "maxAge": 1}, "incomeStatementHistory": {"incomeStatementHistory": [{"maxAge": 1, "endDate": "2020-03-31", "totalRevenue": 1668993000, "costOfRevenue": 1443699000, "grossProfit": 225294000, "researchDevelopment": {}, "sellingGeneralAdministrative": 23238000, "nonRecurring": {}, "otherOperatingExpenses": 39051000, "totalOperatingExpenses": 1523970000, "operatingIncome": 145023000, "totalOtherIncomeExpenseNet": -88027000, "ebit": 145023000, "interestExpense": -98347000, "incomeBeforeTax": 56996000, "incomeTaxExpense": 14463000, "minorityInterest": {}, "netIncomeFromContinuingOps": 42533000, "discontinuedOperations": {}, "extraordinaryItems": {}, "effectOfAccountingCharges": {}, "otherItems": {}, "netIncome": 42533000, "netIncomeApplicableToCommonShares": 42533000}, {"maxAge": 1, "endDate": "2019-03-31", "totalRevenue": 1736373901, "costOfRevenue": 1505857502, "grossProfit": 230516399, "researchDevelopment": {}, "sellingGeneralAdministrative": 38799167, "nonRecurring": {}, "otherOperatingExpenses": 16734483, "totalOperatingExpenses": 1579831147, "operatingIncome": 156542754, "totalOtherIncomeExpenseNet": -66357726, "ebit": 156542754, "interestExpense": -70074926, "incomeBeforeTax": 90185028, "incomeTaxExpense": 22564703, "minorityInterest": {}, "netIncomeFromContinuingOps": 67620325, "discontinuedOperations": {}, "extraordinaryItems": {}, "effectOfAccountingCharges": {}, "otherItems": {}, "netIncome": 67620325, "netIncomeApplicableToCommonShares": 67620325}, {"maxAge": 1, "endDate": "2018-03-31", "totalRevenue": 1517447346, "costOfRevenue": 1302140001, "grossProfit": 215307345, "researchDevelopment": {}, "sellingGeneralAdministrative": 18761290, "nonRecurring": {}, "otherOperatingExpenses": 19413137, "totalOperatingExpenses": 1357039487, "operatingIncome": 160407859, "totalOtherIncomeExpenseNet": -88318765, "ebit": 160407859, "interestExpense": -86922196, "incomeBeforeTax": 72089094, "incomeTaxExpense": 22035482, "minorityInterest": {}, "netIncomeFromContinuingOps": 50053612, "discontinuedOperations": {}, "extraordinaryItems": {}, "effectOfAccountingCharges": {}, "otherItems": {}, "netIncome": 50053612, "netIncomeApplicableToCommonShares": 50053612}, {"maxAge": 1, "endDate": "2017-03-31", "totalRevenue": 1203983078, "costOfRevenue": 1000569248, "grossProfit": 203413830, "researchDevelopment": {}, "sellingGeneralAdministrative": 68076127, "nonRecurring": {}, "otherOperatingExpenses": 18025347, "totalOperatingExpenses": 1106264934, "operatingIncome": 97718144, "totalOtherIncomeExpenseNet": -72042998, "ebit": 97718144, "interestExpense": -74314135, "incomeBeforeTax": 25674146, "incomeTaxExpense": 1447322, "minorityInterest": {}, "netIncomeFromContinuingOps": 24226824, "discontinuedOperations": {}, "extraordinaryItems": {}, "effectOfAccountingCharges": {}, "otherItems": {}, "netIncome": 24226824, "netIncomeApplicableToCommonShares": 24226824}], "maxAge": 86400}, "fundOwnership": {"ownershipList": [], "maxAge": 1}, "summaryDetail": {"maxAge": 1, "priceHint": 2, "previousClose": 23.2, "open": 22.65, "dayLow": 22.65, "dayHigh": 23.85, "regularMarketPreviousClose": 23.2, "regularMarketOpen": 22.65, "regularMarketDayLow": 22.65, "regularMarketDayHigh": 23.85, "exDividendDate": "2019-09-18 05:30:00", "payoutRatio": 0.0, "beta": 0.781878, "trailingPE": 32.324623, "volume": 3101, "regularMarketVolume": 3101, "averageVolume": 0, "averageVolume10days": 0, "averageDailyVolume10Day": 0, "bid": 0.0, "ask": 0.0, "marketCap": 587382528, "fiftyTwoWeekLow": 14.85, "fiftyTwoWeekHigh": 24.2, "priceToSalesTrailing12Months": 0.5606106, "fiftyDayAverage": 22.65, "twoHundredDayAverage": 21.480143, "trailingAnnualDividendRate": 0.5, "trailingAnnualDividendYield": 0.021551723, "currency": "INR", "fromCurrency": null, "lastMarket": null, "algorithm": null, "tradeable": false}, "incomeStatementHistoryQuarterly": {"incomeStatementHistory": [{"maxAge": 1, "endDate": "2020-12-31", "totalRevenue": 275366000, "costOfRevenue": 254117000, "grossProfit": 21249000, "researchDevelopment": {}, "sellingGeneralAdministrative": 6888000, "nonRecurring": {}, "otherOperatingExpenses": 7907000, "totalOperatingExpenses": 275280000, "operatingIncome": 86000, "totalOtherIncomeExpenseNet": -22982000, "ebit": 86000, "interestExpense": -27349000, "incomeBeforeTax": -22896000, "incomeTaxExpense": -377000, "minorityInterest": {}, "netIncomeFromContinuingOps": -22519000, "discontinuedOperations": {}, "extraordinaryItems": {}, "effectOfAccountingCharges": {}, "otherItems": {}, "netIncome": -22519000, "netIncomeApplicableToCommonShares": -22519000}, {"maxAge": 1, "endDate": "2020-09-30", "totalRevenue": 74321500, "costOfRevenue": 64835000, "grossProfit": 9486500, "researchDevelopment": {}, "sellingGeneralAdministrative": 5080000, "nonRecurring": {}, "otherOperatingExpenses": 6321000, "totalOperatingExpenses": 80334000, "operatingIncome": -6012500, "totalOtherIncomeExpenseNet": -19268500, "ebit": -6012500, "interestExpense": -21003000, "incomeBeforeTax": -25281000, "incomeTaxExpense": 681500, "minorityInterest": {}, "netIncomeFromContinuingOps": -25962500, "discontinuedOperations": {}, "extraordinaryItems": {}, "effectOfAccountingCharges": {}, "otherItems": {}, "netIncome": -25962500, "netIncomeApplicableToCommonShares": -25962500}, {"maxAge": 1, "endDate": "2020-06-30", "totalRevenue": 74321500, "costOfRevenue": 64835000, "grossProfit": 9486500, "researchDevelopment": {}, "sellingGeneralAdministrative": 5080000, "nonRecurring": {}, "otherOperatingExpenses": 6321000, "totalOperatingExpenses": 80334000, "operatingIncome": -6012500, "totalOtherIncomeExpenseNet": -19268500, "ebit": -6012500, "interestExpense": -21003000, "incomeBeforeTax": -25281000, "incomeTaxExpense": 681500, "minorityInterest": {}, "netIncomeFromContinuingOps": -25962500, "discontinuedOperations": {}, "extraordinaryItems": {}, "effectOfAccountingCharges": {}, "otherItems": {}, "netIncome": -25962500, "netIncomeApplicableToCommonShares": -25962500}, {"maxAge": 1, "endDate": "2019-12-31", "totalRevenue": 202092000, "costOfRevenue": 231528000, "grossProfit": -29436000, "researchDevelopment": {}, "sellingGeneralAdministrative": 6086000, "nonRecurring": {}, "otherOperatingExpenses": 3409000, "totalOperatingExpenses": 247802000, "operatingIncome": -45710000, "totalOtherIncomeExpenseNet": -31514000, "ebit": -45710000, "interestExpense": -32448000, "incomeBeforeTax": -77224000, "incomeTaxExpense": 227000, "minorityInterest": {}, "netIncomeFromContinuingOps": -77451000, "discontinuedOperations": {}, "extraordinaryItems": {}, "effectOfAccountingCharges": {}, "otherItems": {}, "netIncome": -77451000, "netIncomeApplicableToCommonShares": -77451000}], "maxAge": 86400}, "cashflowStatementHistoryQuarterly": {"cashflowStatements": [{"maxAge": 1, "endDate": "2020-12-31", "netIncome": -22519000, "changeToLiabilities": 0}, {"maxAge": 1, "endDate": "2020-09-30", "netIncome": -25962500, "depreciation": 4098000, "changeToNetincome": 20887000, "changeToAccountReceivables": 181558500, "changeToLiabilities": -205489500, "changeToInventory": -1310000, "changeToOperatingActivities": 34852000, "totalCashFromOperatingActivities": 8633500, "capitalExpenditures": -11500, "investments": 534000, "otherCashflowsFromInvestingActivities": 491500, "totalCashflowsFromInvestingActivities": 1700500, "netBorrowings": 11520500, "otherCashflowsFromFinancingActivities": -20696000, "totalCashFromFinancingActivities": -9175500, "changeInCash": 1159000}, {"maxAge": 1, "endDate": "2020-06-30", "netIncome": -25962500, "depreciation": 4098000, "changeToNetincome": 20887000, "changeToAccountReceivables": 181558500, "changeToLiabilities": -205489500, "changeToInventory": -1310000, "changeToOperatingActivities": 34852000, "totalCashFromOperatingActivities": 8633500, "capitalExpenditures": -11500, "investments": 534000, "otherCashflowsFromInvestingActivities": 491500, "totalCashflowsFromInvestingActivities": 1700500, "netBorrowings": 11520500, "otherCashflowsFromFinancingActivities": -20696000, "totalCashFromFinancingActivities": -9175500, "changeInCash": 1159000}, {"maxAge": 1, "endDate": "2019-12-31", "netIncome": -77451000, "depreciation": 4098000, "changeToNetincome": 20887000, "changeToAccountReceivables": 181558500, "changeToLiabilities": 0, "changeToInventory": -1310000, "changeToOperatingActivities": 34852000, "totalCashFromOperatingActivities": 8633500, "capitalExpenditures": -11500, "investments": 534000, "otherCashflowsFromInvestingActivities": 491500, "totalCashflowsFromInvestingActivities": 1700500, "netBorrowings": 11520500, "otherCashflowsFromFinancingActivities": -20696000, "totalCashFromFinancingActivities": -9175500, "changeInCash": 1159000}], "maxAge": 86400}, "insiderHolders": {"holders": [], "maxAge": 1}, "calendarEvents": {"maxAge": 1, "earnings": {"earningsDate": []}, "exDividendDate": "2019-09-18 05:30:00"}, "upgradeDowngradeHistory": {"history": [], "maxAge": 86400}, "price": {"maxAge": 1, "regularMarketChangePercent": 0.012931001, "regularMarketChange": 0.29999924, "regularMarketTime": "2021-04-30 15:28:58", "priceHint": 2, "regularMarketPrice": 23.5, "regularMarketDayHigh": 23.85, "regularMarketDayLow": 22.65, "regularMarketVolume": 3101, "averageDailyVolume10Day": 0, "averageDailyVolume3Month": 0, "regularMarketPreviousClose": 23.2, "regularMarketSource": "FREE_REALTIME", "regularMarketOpen": 22.65, "exchange": "NSI", "exchangeName": "NSE", "exchangeDataDelayedBy": 15, "marketState": "CLOSED", "quoteType": "EQUITY", "symbol": "SUPREMEENG.NS", "underlyingSymbol": null, "shortName": "Supreme Engineering Ltd", "longName": "Supreme Engineering Limited", "currency": "INR", "quoteSourceName": "Delayed Quote", "currencySymbol": "\u20b9", "fromCurrency": null, "lastMarket": null, "marketCap": 587382528}, "balanceSheetHistory": {"balanceSheetStatements": [{"maxAge": 1, "endDate": "2020-03-31", "cash": 38021000, "netReceivables": 951545000, "inventory": 1027195000, "otherCurrentAssets": 26797000, "totalCurrentAssets": 2043558000, "longTermInvestments": 72033000, "propertyPlantEquipment": 196135000, "otherAssets": 20090000, "totalAssets": 2331816000, "accountsPayable": 762858000, "otherCurrentLiab": 130423000, "longTermDebt": 167490000, "otherLiab": 26896000, "deferredLongTermLiab": 7978000, "totalCurrentLiabilities": 1600317000, "totalLiab": 1794703000, "commonStock": 249950000, "treasuryStock": 287163000, "otherStockholderEquity": 287163000, "totalStockholderEquity": 537113000, "netTangibleAssets": 537113000}, {"maxAge": 1, "endDate": "2019-03-31", "cash": 54494710, "netReceivables": 620977052, "inventory": 915540455, "otherCurrentAssets": 19813208, "totalCurrentAssets": 1611008836, "longTermInvestments": 332466, "propertyPlantEquipment": 212444844, "otherAssets": 92022884, "totalAssets": 1915809030, "accountsPayable": 414259274, "shortLongTermDebt": 10406132, "otherCurrentLiab": 52315829, "longTermDebt": 161673485, "otherLiab": 26104324, "deferredLongTermLiab": 9592597, "totalCurrentLiabilities": 1218409306, "totalLiab": 1406187115, "commonStock": 249950000, "retainedEarnings": 156081432, "capitalSurplus": 103590483, "totalStockholderEquity": 509621915, "netTangibleAssets": 509621915}, {"maxAge": 1, "endDate": "2018-03-31", "cash": 49796873, "netReceivables": 526505135, "inventory": 817085338, "otherCurrentAssets": 30913924, "totalCurrentAssets": 1424401962, "longTermInvestments": 332466, "propertyPlantEquipment": 228843223, "otherAssets": 87886804, "totalAssets": 1741464455, "accountsPayable": 536172018, "shortLongTermDebt": 28878956, "otherCurrentLiab": 53984437, "longTermDebt": 248512927, "otherLiab": 20292066, "deferredLongTermLiab": 13375900, "totalCurrentLiabilities": 1187857354, "totalLiab": 1456662347, "commonStock": 184190000, "retainedEarnings": 88461108, "capitalSurplus": 12151000, "totalStockholderEquity": 284802108, "netTangibleAssets": 284802108}, {"maxAge": 1, "endDate": "2017-03-31", "cash": 32438735, "netReceivables": 403047801, "inventory": 587822761, "otherCurrentAssets": 33823342, "totalCurrentAssets": 1057213348, "longTermInvestments": 2817038, "propertyPlantEquipment": 252880736, "otherAssets": 80644436, "totalAssets": 1393555558, "accountsPayable": 316086234, "shortLongTermDebt": 30346988, "otherCurrentLiab": 34646072, "longTermDebt": 427055340, "otherLiab": 12227952, "deferredLongTermLiab": 12821185, "totalCurrentLiabilities": 807216937, "totalLiab": 1246500229, "commonStock": 20000000, "retainedEarnings": 117055329, "totalStockholderEquity": 137055329, "netTangibleAssets": 137055329}], "maxAge": 86400}, "financialData": {"maxAge": 86400, "currentPrice": 23.5, "recommendationKey": "none", "totalCash": 40339000, "totalCashPerShare": 1.612, "ebitda": 112685504, "totalDebt": 897566976, "totalRevenue": 1047755008, "debtToEquity": 184.993, "revenuePerShare": 41.823, "grossProfits": 225294000, "revenueGrowth": 0.363, "grossMargins": 0.16097, "ebitdaMargins": 0.10755, "operatingMargins": 0.09156, "profitMargins": 0.017380001, "financialCurrency": "INR"}}}