{"SUPRBPA.BO": {"cashflowStatementHistory": {"cashflowStatements": [{"maxAge": 1, "endDate": "2020-03-31", "netIncome": 89320, "depreciation": 329681, "changeToNetincome": 14946, "changeToAccountReceivables": 48440, "changeToLiabilities": -1849555, "changeToInventory": 2101314, "totalCashFromOperatingActivities": 734146, "capitalExpenditures": -84804, "totalCashflowsFromInvestingActivities": -84804, "netBorrowings": 26001, "totalCashFromFinancingActivities": 26001, "changeInCash": 675343}, {"maxAge": 1, "endDate": "2019-03-31", "netIncome": -3155164, "depreciation": 322565, "changeToNetincome": 14946, "changeToAccountReceivables": 3948254, "changeToLiabilities": -3016914, "changeToInventory": 2395130, "totalCashFromOperatingActivities": 493871, "capitalExpenditures": -84804, "investments": 468220, "totalCashflowsFromInvestingActivities": 468220, "netBorrowings": 26001, "totalCashFromFinancingActivities": 26001, "changeInCash": 962091}, {"maxAge": 1, "endDate": "2018-03-31", "netIncome": -3237248, "depreciation": 306413, "changeToNetincome": -91526, "changeToAccountReceivables": -2714363, "changeToLiabilities": 9408476, "changeToInventory": -4433520, "totalCashFromOperatingActivities": -761768, "capitalExpenditures": -1232882, "investments": 3550000, "totalCashflowsFromInvestingActivities": 2317118, "netBorrowings": -1467067, "totalCashFromFinancingActivities": -1467067, "changeInCash": 88283}, {"maxAge": 1, "endDate": "2017-03-31", "netIncome": -2582795, "depreciation": 82445, "changeToNetincome": -24626, "changeToAccountReceivables": 1085079, "changeToLiabilities": -4160902, "changeToInventory": -837784, "totalCashFromOperatingActivities": -6438583, "capitalExpenditures": -1159470, "investments": 3550000, "totalCashflowsFromInvestingActivities": -1159470, "netBorrowings": 7550000, "totalCashFromFinancingActivities": 7550000, "changeInCash": -48053}], "maxAge": 86400}, "institutionOwnership": {"maxAge": 1, "ownershipList": []}, "balanceSheetHistoryQuarterly": {"balanceSheetStatements": [{"maxAge": 1, "endDate": "2020-06-30", "totalStockholderEquity": 11306100, "netTangibleAssets": 11306100}, {"maxAge": 1, "endDate": "2020-03-31", "cash": 1768128, "netReceivables": 33942, "inventory": 774860, "totalCurrentAssets": 2576930, "longTermInvestments": 344665, "propertyPlantEquipment": 967833, "otherAssets": 19967297, "deferredLongTermAssetCharges": 101206, "totalAssets": 23856725, "accountsPayable": 3557858, "otherCurrentLiab": 218042, "longTermDebt": 6108933, "totalCurrentLiabilities": 6441692, "totalLiab": 12550625, "commonStock": 54405000, "retainedEarnings": -48039032, "treasuryStock": 4940132, "otherStockholderEquity": 4940132, "totalStockholderEquity": 11306100, "netTangibleAssets": 11306100}, {"maxAge": 1, "endDate": "2019-12-31", "totalStockholderEquity": 10849225, "netTangibleAssets": 10849225}, {"maxAge": 1, "endDate": "2019-09-30", "cash": 2583015, "inventory": 1453615, "totalCurrentAssets": 4036630, "longTermInvestments": 344665, "propertyPlantEquipment": 1150131, "otherAssets": 20046956, "deferredLongTermAssetCharges": 116152, "totalAssets": 25578382, "accountsPayable": 7220829, "shortLongTermDebt": 6096933, "otherCurrentLiab": 508744, "otherLiab": 111001, "totalCurrentLiabilities": 14618156, "totalLiab": 14729157, "commonStock": 54405000, "treasuryStock": -43555775, "otherStockholderEquity": -43555775, "totalStockholderEquity": 10849225, "netTangibleAssets": 10849225}], "maxAge": 86400}, "indexTrend": {"maxAge": 1, "symbol": "SP5", "peRatio": 19.7411, "pegRatio": 1.34172, "estimates": [{"period": "0q", "growth": 0.549}, {"period": "+1q", "growth": 0.431}, {"period": "0y", "growth": 0.305}, {"period": "+1y", "growth": 0.109}, {"period": "+5y", "growth": 0.120859005}, {"period": "-5y"}]}, "insiderTransactions": {"transactions": [{"maxAge": 1, "shares": 62391, "filerUrl": "", "transactionText": "", "filerName": "Thakker (Paresh Harishkumar)", "filerRelation": "Promoter", "moneyText": "", "startDate": "2018-10-16", "ownership": "D"}], "maxAge": 1}, "quoteType": {"exchange": "BSE", "quoteType": "EQUITY", "symbol": "SUPRBPA.BO", "underlyingSymbol": "SUPRBPA.BO", "shortName": "SUPERB PAPERS LTD.", "longName": "Sumuka Agro Industries Limited", "firstTradeDateEpochUtc": "2017-03-02 09:15:00", "timeZoneFullName": "Asia/Kolkata", "timeZoneShortName": "IST", "uuid": "206833fe-d318-305e-b7b3-01aee409f727", "messageBoardId": null, "gmtOffSetMilliseconds": 19800000, "maxAge": 1}, "incomeStatementHistory": {"incomeStatementHistory": [{"maxAge": 1, "endDate": "2020-03-31", "totalRevenue": 4871524, "costOfRevenue": 2120987, "grossProfit": 2750537, "researchDevelopment": {}, "sellingGeneralAdministrative": 1123198, "nonRecurring": {}, "otherOperatingExpenses": 1171077, "totalOperatingExpenses": 4744943, "operatingIncome": 126581, "totalOtherIncomeExpenseNet": -1015, "ebit": 126581, "interestExpense": -1015, "incomeBeforeTax": 125566, "incomeTaxExpense": 36246, "minorityInterest": {}, "netIncomeFromContinuingOps": 89320, "discontinuedOperations": {}, "extraordinaryItems": {}, "effectOfAccountingCharges": {}, "otherItems": {}, "netIncome": 89320, "netIncomeApplicableToCommonShares": 89320}, {"maxAge": 1, "endDate": "2019-03-31", "totalRevenue": 14468155, "costOfRevenue": 9261853, "grossProfit": 5206302, "researchDevelopment": {}, "sellingGeneralAdministrative": 4157075, "nonRecurring": {}, "otherOperatingExpenses": 3522890, "totalOperatingExpenses": 17264383, "operatingIncome": -2796228, "totalOtherIncomeExpenseNet": -358936, "ebit": -2796228, "interestExpense": -16845, "incomeBeforeTax": -3155164, "incomeTaxExpense": 0, "minorityInterest": {}, "netIncomeFromContinuingOps": -3155164, "discontinuedOperations": {}, "extraordinaryItems": {}, "effectOfAccountingCharges": {}, "otherItems": {}, "netIncome": -3155164, "netIncomeApplicableToCommonShares": -3155164}, {"maxAge": 1, "endDate": "2018-03-31", "totalRevenue": 17835853, "costOfRevenue": 10838698, "grossProfit": 6997155, "researchDevelopment": {}, "sellingGeneralAdministrative": 5495848, "nonRecurring": {}, "otherOperatingExpenses": 4471197, "totalOperatingExpenses": 21112156, "operatingIncome": -3276303, "totalOtherIncomeExpenseNet": -52471, "ebit": -3276303, "interestExpense": -52471, "incomeBeforeTax": -3328774, "incomeTaxExpense": -91526, "minorityInterest": {}, "netIncomeFromContinuingOps": -3237248, "discontinuedOperations": {}, "extraordinaryItems": {}, "effectOfAccountingCharges": {}, "otherItems": {}, "netIncome": -3237248, "netIncomeApplicableToCommonShares": -3237248}, {"maxAge": 1, "endDate": "2017-03-31", "totalRevenue": 7033566, "costOfRevenue": 4161140, "grossProfit": 2872426, "researchDevelopment": {}, "sellingGeneralAdministrative": 3318516, "nonRecurring": {}, "otherOperatingExpenses": 2078886, "totalOperatingExpenses": 9640987, "operatingIncome": -2607421, "totalOtherIncomeExpenseNet": 0, "ebit": -2607421, "interestExpense": -52471, "incomeBeforeTax": -2607421, "incomeTaxExpense": -24626, "minorityInterest": {}, "netIncomeFromContinuingOps": -2582795, "discontinuedOperations": {}, "extraordinaryItems": {}, "effectOfAccountingCharges": {}, "otherItems": {}, "netIncome": -2582795, "netIncomeApplicableToCommonShares": -2582795}], "maxAge": 86400}, "fundOwnership": {"maxAge": 1, "ownershipList": []}, "summaryDetail": {"maxAge": 1, "priceHint": 2, "previousClose": 10.55, "open": 10.1, "dayLow": 9.92, "dayHigh": 10.95, "regularMarketPreviousClose": 10.55, "regularMarketOpen": 10.1, "regularMarketDayLow": 9.92, "regularMarketDayHigh": 10.95, "volume": 49220, "regularMarketVolume": 49220, "averageVolume": 112779, "averageVolume10days": 161833, "averageDailyVolume10Day": 161833, "bid": 10.0, "ask": 10.54, "bidSize": 0, "askSize": 0, "marketCap": 54405000, "fiftyTwoWeekLow": 7.34, "fiftyTwoWeekHigh": 12.85, "fiftyDayAverage": 11.286858, "twoHundredDayAverage": 10.8778105, "currency": "INR", "fromCurrency": null, "toCurrency": null, "lastMarket": null, "algorithm": null, "tradeable": false}, "incomeStatementHistoryQuarterly": {"incomeStatementHistory": [{"maxAge": 1, "endDate": "2020-06-30", "totalRevenue": 205688, "costOfRevenue": 60580, "grossProfit": 145108, "researchDevelopment": {}, "sellingGeneralAdministrative": 37500, "nonRecurring": {}, "otherOperatingExpenses": 532062, "totalOperatingExpenses": 677066, "operatingIncome": -471378, "totalOtherIncomeExpenseNet": 0, "ebit": -471378, "interestExpense": {}, "incomeBeforeTax": -471378, "incomeTaxExpense": 0, "minorityInterest": {}, "netIncomeFromContinuingOps": -471378, "discontinuedOperations": {}, "extraordinaryItems": {}, "effectOfAccountingCharges": {}, "otherItems": {}, "netIncome": -471378, "netIncomeApplicableToCommonShares": -471378}, {"maxAge": 1, "endDate": "2020-03-31", "totalRevenue": 734226, "costOfRevenue": 198309, "grossProfit": 535917, "researchDevelopment": {}, "sellingGeneralAdministrative": 633145, "nonRecurring": {}, "otherOperatingExpenses": -127529, "totalOperatingExpenses": 825790, "operatingIncome": -91564, "totalOtherIncomeExpenseNet": -1015, "ebit": -91564, "interestExpense": -1015, "incomeBeforeTax": -92579, "incomeTaxExpense": 36246, "minorityInterest": {}, "netIncomeFromContinuingOps": -128825, "discontinuedOperations": {}, "extraordinaryItems": {}, "effectOfAccountingCharges": {}, "otherItems": {}, "netIncome": -128825, "netIncomeApplicableToCommonShares": -128825}, {"maxAge": 1, "endDate": "2019-12-31", "totalRevenue": 1624184, "costOfRevenue": 488111, "grossProfit": 1136073, "researchDevelopment": {}, "sellingGeneralAdministrative": 75970, "nonRecurring": {}, "otherOperatingExpenses": 378614, "totalOperatingExpenses": 1003127, "operatingIncome": 621057, "totalOtherIncomeExpenseNet": 0, "ebit": 621057, "interestExpense": -1015, "incomeBeforeTax": 621057, "incomeTaxExpense": 0, "minorityInterest": {}, "netIncomeFromContinuingOps": 621057, "discontinuedOperations": {}, "extraordinaryItems": {}, "effectOfAccountingCharges": {}, "otherItems": {}, "netIncome": 621057, "netIncomeApplicableToCommonShares": 621057}, {"maxAge": 1, "endDate": "2019-09-30", "totalRevenue": 982147, "costOfRevenue": 515401, "grossProfit": 466746, "researchDevelopment": {}, "sellingGeneralAdministrative": 137808, "nonRecurring": {}, "otherOperatingExpenses": 277261, "totalOperatingExpenses": 1004405, "operatingIncome": -22258, "totalOtherIncomeExpenseNet": 0, "ebit": -22258, "interestExpense": -1015, "incomeBeforeTax": -22258, "incomeTaxExpense": 0, "minorityInterest": {}, "netIncomeFromContinuingOps": -22258, "discontinuedOperations": {}, "extraordinaryItems": {}, "effectOfAccountingCharges": {}, "otherItems": {}, "netIncome": -22258, "netIncomeApplicableToCommonShares": -22258}], "maxAge": 86400}, "cashflowStatementHistoryQuarterly": {"cashflowStatements": [{"maxAge": 1, "endDate": "2020-06-30", "netIncome": -471378, "changeToLiabilities": 0}, {"maxAge": 1, "endDate": "2020-03-31", "netIncome": -128825, "changeToLiabilities": 0}, {"maxAge": 1, "endDate": "2019-12-31", "netIncome": 621057, "changeToLiabilities": 0}, {"maxAge": 1, "endDate": "2019-09-30", "netIncome": -22258, "changeToLiabilities": 0}], "maxAge": 86400}, "insiderHolders": {"holders": [{"maxAge": 1, "name": "Thakker (Paresh Harishkumar)", "relation": "Promoter", "url": "", "transactionDescription": "Acquisition", "latestTransDate": "2018-10-16", "positionDirect": 147167, "positionDirectDate": "2018-10-16"}], "maxAge": 1}, "calendarEvents": {"maxAge": 1, "earnings": {"earningsDate": []}}, "price": {"maxAge": 1, "regularMarketChangePercent": -0.052132715, "regularMarketChange": -0.5500002, "regularMarketTime": "2021-04-30 15:18:34", "priceHint": 2, "regularMarketPrice": 10.0, "regularMarketDayHigh": 10.95, "regularMarketDayLow": 9.92, "regularMarketVolume": 49220, "averageDailyVolume10Day": 161833, "averageDailyVolume3Month": 112779, "regularMarketPreviousClose": 10.55, "regularMarketSource": "FREE_REALTIME", "regularMarketOpen": 10.1, "exchange": "BSE", "exchangeName": "BSE", "exchangeDataDelayedBy": 0, "marketState": "CLOSED", "quoteType": "EQUITY", "symbol": "SUPRBPA.BO", "underlyingSymbol": null, "shortName": "SUPERB PAPERS LTD.", "longName": "Sumuka Agro Industries Limited", "currency": "INR", "quoteSourceName": "Delayed Quote", "currencySymbol": "\u20b9", "fromCurrency": null, "toCurrency": null, "lastMarket": null, "marketCap": 54405000}, "balanceSheetHistory": {"balanceSheetStatements": [{"maxAge": 1, "endDate": "2020-03-31", "cash": 1768128, "netReceivables": 33942, "inventory": 774860, "totalCurrentAssets": 2576930, "longTermInvestments": 344665, "propertyPlantEquipment": 967833, "otherAssets": 19967297, "deferredLongTermAssetCharges": 101206, "totalAssets": 23856725, "accountsPayable": 3557858, "otherCurrentLiab": 218042, "longTermDebt": 6108933, "totalCurrentLiabilities": 6441692, "totalLiab": 12550625, "commonStock": 54405000, "retainedEarnings": -48039032, "treasuryStock": 4940132, "otherStockholderEquity": 4940132, "totalStockholderEquity": 11306100, "netTangibleAssets": 11306100}, {"maxAge": 1, "endDate": "2019-03-31", "cash": 1092786, "netReceivables": 72339, "inventory": 2876174, "totalCurrentAssets": 4041299, "longTermInvestments": 344665, "propertyPlantEquipment": 1212710, "otherAssets": 19992286, "deferredLongTermAssetCharges": 116152, "totalAssets": 25590960, "accountsPayable": 6993934, "otherCurrentLiab": 578397, "longTermDebt": 6082933, "otherLiab": -1, "totalCurrentLiabilities": 8291247, "totalLiab": 14374179, "commonStock": 54405000, "retainedEarnings": -48128351, "treasuryStock": 4940132, "otherStockholderEquity": 4940132, "totalStockholderEquity": 11216781, "netTangibleAssets": 11216781}, {"maxAge": 1, "endDate": "2018-03-31", "cash": 130695, "netReceivables": 2868585, "inventory": 5271304, "totalCurrentAssets": 8302349, "longTermInvestments": 344665, "propertyPlantEquipment": 2003495, "otherAssets": 21112529, "deferredLongTermAssetCharges": 116152, "totalAssets": 31763038, "accountsPayable": 10030400, "otherCurrentLiab": 703103, "longTermDebt": 6082933, "otherLiab": -1, "totalCurrentLiabilities": 11308161, "totalLiab": 17391093, "commonStock": 54405000, "retainedEarnings": -44973187, "treasuryStock": 4940132, "otherStockholderEquity": 4940132, "totalStockholderEquity": 14371945, "netTangibleAssets": 14371945}, {"maxAge": 1, "endDate": "2017-03-31", "cash": 42413, "netReceivables": 19497179, "inventory": 837784, "otherCurrentAssets": 1683352, "totalCurrentAssets": 22062561, "longTermInvestments": 3894665, "propertyPlantEquipment": 1077026, "otherAssets": 24626, "deferredLongTermAssetCharges": 24626, "totalAssets": 27058878, "accountsPayable": 998590, "shortLongTermDebt": 7550000, "otherCurrentLiab": 89569, "totalCurrentLiabilities": 9449686, "totalLiab": 9449686, "commonStock": 54405000, "retainedEarnings": -41735940, "treasuryStock": 4940132, "otherStockholderEquity": 4940132, "totalStockholderEquity": 17609192, "netTangibleAssets": 17609192}], "maxAge": 86400}, "financialData": {"maxAge": 86400, "currentPrice": 10.0, "recommendationKey": "none", "grossProfits": 2750537, "financialCurrency": "INR"}}}