{"SUPTANERY.BO": {"cashflowStatementHistory": {"cashflowStatements": [{"maxAge": 1, "endDate": "2020-03-31", "netIncome": 34213000, "depreciation": 57052000, "changeToNetincome": 35086000, "changeToAccountReceivables": 29464000, "changeToLiabilities": 1006000, "changeToInventory": -38425000, "changeToOperatingActivities": 43861000, "totalCashFromOperatingActivities": 162278000, "capitalExpenditures": -91607000, "investments": -413000, "otherCashflowsFromInvestingActivities": -8780000, "totalCashflowsFromInvestingActivities": -100817000, "netBorrowings": 12222000, "otherCashflowsFromFinancingActivities": -67469000, "totalCashFromFinancingActivities": -55247000, "changeInCash": 6212000}, {"maxAge": 1, "endDate": "2019-03-31", "netIncome": 40266000, "depreciation": 60311000, "changeToNetincome": 68527000, "changeToAccountReceivables": 211449000, "changeToLiabilities": -22333000, "changeToInventory": -111823000, "changeToOperatingActivities": 33453000, "totalCashFromOperatingActivities": 279850000, "capitalExpenditures": -109874000, "investments": -413000, "otherCashflowsFromInvestingActivities": -7292000, "totalCashflowsFromInvestingActivities": -112757000, "netBorrowings": -85391000, "otherCashflowsFromFinancingActivities": -63409000, "totalCashFromFinancingActivities": -148800000, "changeInCash": 18293000}, {"maxAge": 1, "endDate": "2018-03-31", "netIncome": 32615000, "depreciation": 57118000, "changeToNetincome": 48923000, "changeToAccountReceivables": -189673000, "changeToLiabilities": 32451000, "changeToInventory": 115117000, "changeToOperatingActivities": -80296000, "totalCashFromOperatingActivities": 16255000, "capitalExpenditures": -48405000, "investments": -413000, "otherCashflowsFromInvestingActivities": 8755000, "totalCashflowsFromInvestingActivities": -17736000, "netBorrowings": 38455000, "otherCashflowsFromFinancingActivities": -60095000, "totalCashFromFinancingActivities": -21640000, "changeInCash": -26253000}, {"maxAge": 1, "endDate": "2017-03-31", "netIncome": 34669000, "depreciation": 58202000, "changeToNetincome": 63697000, "changeToAccountReceivables": 77759000, "changeToLiabilities": -24018000, "changeToInventory": 154920000, "changeToOperatingActivities": 56341000, "totalCashFromOperatingActivities": 421575000, "capitalExpenditures": -60530000, "investments": -413000, "otherCashflowsFromInvestingActivities": 6943000, "totalCashflowsFromInvestingActivities": -35335000, "netBorrowings": -321257000, "otherCashflowsFromFinancingActivities": -70582000, "totalCashFromFinancingActivities": -391839000, "changeInCash": -5599000}], "maxAge": 86400}, "institutionOwnership": {"ownershipList": [], "maxAge": 1}, "balanceSheetHistoryQuarterly": {"balanceSheetStatements": [{"maxAge": 1, "endDate": "2020-06-30"}, {"maxAge": 1, "endDate": "2020-03-31", "cash": 38993000, "netReceivables": 401079000, "inventory": 868370000, "otherCurrentAssets": 138270000, "totalCurrentAssets": 1447847000, "longTermInvestments": 3090000, "propertyPlantEquipment": 661563000, "goodWill": 4370000, "intangibleAssets": 647000, "otherAssets": 18360000, "totalAssets": 2135877000, "accountsPayable": 374666000, "shortLongTermDebt": 12655000, "otherCurrentLiab": 155394000, "longTermDebt": 33648000, "otherLiab": 89549000, "deferredLongTermLiab": 13000, "minorityInterest": 6436000, "totalCurrentLiabilities": 1234507000, "totalLiab": 1357704000, "commonStock": 107973000, "treasuryStock": 663764000, "otherStockholderEquity": 663764000, "totalStockholderEquity": 771737000, "netTangibleAssets": 766720000}, {"maxAge": 1, "endDate": "2019-12-31", "totalStockholderEquity": 761880000, "netTangibleAssets": 752366000}, {"maxAge": 1, "endDate": "2019-09-30", "cash": 82741000, "shortTermInvestments": 50331000, "netReceivables": 591508000, "inventory": 849445000, "otherCurrentAssets": 129902000, "totalCurrentAssets": 1703927000, "longTermInvestments": 21533000, "propertyPlantEquipment": 609489000, "goodWill": 6994000, "intangibleAssets": 2520000, "otherAssets": 2897000, "totalAssets": 2347360000, "accountsPayable": 433441000, "otherCurrentLiab": 150097000, "longTermDebt": 39791000, "otherLiab": 103108000, "minorityInterest": 8798000, "totalCurrentLiabilities": 1433783000, "totalLiab": 1576682000, "commonStock": 107973000, "treasuryStock": 653907000, "otherStockholderEquity": 653907000, "totalStockholderEquity": 761880000, "netTangibleAssets": 752366000}], "maxAge": 86400}, "indexTrend": {"maxAge": 1, "symbol": "SP5", "peRatio": 19.7411, "pegRatio": 1.34172, "estimates": [{"period": "0q", "growth": 0.549}, {"period": "+1q", "growth": 0.431}, {"period": "0y", "growth": 0.305}, {"period": "+1y", "growth": 0.109}, {"period": "+5y", "growth": 0.120859005}, {"period": "-5y"}]}, "quoteType": {"exchange": "BSE", "quoteType": "EQUITY", "symbol": "SUPTANERY.BO", "underlyingSymbol": "SUPTANERY.BO", "shortName": "SUPER TANNERY LIMITED", "longName": "Super Tannery Limited", "firstTradeDateEpochUtc": "2002-07-01 09:15:00", "timeZoneFullName": "Asia/Kolkata", "timeZoneShortName": "IST", "uuid": "616dd102-edb0-3b65-80c5-c141fcf108e0", "gmtOffSetMilliseconds": 19800000, "maxAge": 1}, "incomeStatementHistory": {"incomeStatementHistory": [{"maxAge": 1, "endDate": "2020-03-31", "totalRevenue": 1868508000, "costOfRevenue": 1219210000, "grossProfit": 649298000, "researchDevelopment": {}, "sellingGeneralAdministrative": 84578000, "nonRecurring": {}, "otherOperatingExpenses": 412575000, "totalOperatingExpenses": 1773436000, "operatingIncome": 95072000, "totalOtherIncomeExpenseNet": -67469000, "ebit": 95072000, "interestExpense": -54979000, "incomeBeforeTax": 27603000, "incomeTaxExpense": -8474000, "minorityInterest": 6436000, "netIncomeFromContinuingOps": 36077000, "discontinuedOperations": {}, "extraordinaryItems": {}, "effectOfAccountingCharges": {}, "otherItems": {}, "netIncome": 34213000, "netIncomeApplicableToCommonShares": 34213000}, {"maxAge": 1, "endDate": "2019-03-31", "totalRevenue": 1981053000, "costOfRevenue": 1389271000, "grossProfit": 591782000, "researchDevelopment": {}, "sellingGeneralAdministrative": 83533000, "nonRecurring": {}, "otherOperatingExpenses": 321807000, "totalOperatingExpenses": 1854922000, "operatingIncome": 126131000, "totalOtherIncomeExpenseNet": -65137000, "ebit": 126131000, "interestExpense": -49628000, "incomeBeforeTax": 60994000, "incomeTaxExpense": 21055000, "minorityInterest": 6452000, "netIncomeFromContinuingOps": 39939000, "discontinuedOperations": {}, "extraordinaryItems": {}, "effectOfAccountingCharges": {}, "otherItems": {}, "netIncome": 40266000, "netIncomeApplicableToCommonShares": 40266000}, {"maxAge": 1, "endDate": "2018-03-31", "totalRevenue": 2460608000, "costOfRevenue": 1838439000, "grossProfit": 622169000, "researchDevelopment": {}, "sellingGeneralAdministrative": 90083000, "nonRecurring": {}, "otherOperatingExpenses": 359975000, "totalOperatingExpenses": 2345615000, "operatingIncome": 114993000, "totalOtherIncomeExpenseNet": -61380000, "ebit": 114993000, "interestExpense": -50394000, "incomeBeforeTax": 53613000, "incomeTaxExpense": 21304000, "minorityInterest": 2487000, "netIncomeFromContinuingOps": 32309000, "discontinuedOperations": {}, "extraordinaryItems": {}, "effectOfAccountingCharges": {}, "otherItems": {}, "netIncome": 32615000, "netIncomeApplicableToCommonShares": 32615000}, {"maxAge": 1, "endDate": "2017-03-31", "totalRevenue": 2008914000, "costOfRevenue": 1407334000, "grossProfit": 601580000, "researchDevelopment": {}, "sellingGeneralAdministrative": 91962000, "nonRecurring": {}, "otherOperatingExpenses": 346917000, "totalOperatingExpenses": 1904420000, "operatingIncome": 104494000, "totalOtherIncomeExpenseNet": -49431000, "ebit": 104494000, "interestExpense": -61739000, "incomeBeforeTax": 55063000, "incomeTaxExpense": 20419000, "minorityInterest": 3563000, "netIncomeFromContinuingOps": 34644000, "discontinuedOperations": {}, "extraordinaryItems": {}, "effectOfAccountingCharges": {}, "otherItems": {}, "netIncome": 34669000, "netIncomeApplicableToCommonShares": 34669000}], "maxAge": 86400}, "fundOwnership": {"ownershipList": [], "maxAge": 1}, "summaryDetail": {"maxAge": 1, "priceHint": 4, "previousClose": 3.05, "open": 3.1, "dayLow": 2.51, "dayHigh": 3.1, "regularMarketPreviousClose": 3.05, "regularMarketOpen": 3.1, "regularMarketDayLow": 2.51, "regularMarketDayHigh": 3.1, "trailingPE": 9.9262, "volume": 230123, "regularMarketVolume": 230123, "averageVolume": 36223, "averageVolume10days": 27360, "averageDailyVolume10Day": 27360, "bid": 2.68, "ask": 2.75, "bidSize": 0, "askSize": 0, "marketCap": 290447392, "fiftyTwoWeekLow": 1.2, "fiftyTwoWeekHigh": 4.18, "fiftyDayAverage": 3.1615152, "twoHundredDayAverage": 2.8702207, "currency": "INR", "fromCurrency": null, "lastMarket": null, "algorithm": null, "tradeable": false}, "incomeStatementHistoryQuarterly": {"incomeStatementHistory": [{"maxAge": 1, "endDate": "2020-06-30", "totalRevenue": 203589000, "costOfRevenue": 122854000, "grossProfit": 80735000, "researchDevelopment": {}, "sellingGeneralAdministrative": 15663000, "nonRecurring": {}, "otherOperatingExpenses": 35606000, "totalOperatingExpenses": 189044000, "operatingIncome": 14545000, "totalOtherIncomeExpenseNet": -12024000, "ebit": 14545000, "interestExpense": -12024000, "incomeBeforeTax": 2521000, "incomeTaxExpense": 564000, "minorityInterest": {}, "netIncomeFromContinuingOps": 1957000, "discontinuedOperations": {}, "extraordinaryItems": {}, "effectOfAccountingCharges": {}, "otherItems": {}, "netIncome": 1958000, "netIncomeApplicableToCommonShares": 1958000}, {"maxAge": 1, "endDate": "2020-03-31", "totalRevenue": 506057000, "costOfRevenue": 343120000, "grossProfit": 162937000, "researchDevelopment": {}, "sellingGeneralAdministrative": 28396000, "nonRecurring": {}, "otherOperatingExpenses": 107883000, "totalOperatingExpenses": 493984000, "operatingIncome": 12073000, "totalOtherIncomeExpenseNet": -19080000, "ebit": 12073000, "interestExpense": -6590000, "incomeBeforeTax": -7007000, "incomeTaxExpense": -6579000, "minorityInterest": 6436000, "netIncomeFromContinuingOps": -428000, "discontinuedOperations": {}, "extraordinaryItems": {}, "effectOfAccountingCharges": {}, "otherItems": {}, "netIncome": -2292000, "netIncomeApplicableToCommonShares": -2292000}, {"maxAge": 1, "endDate": "2019-12-31", "totalRevenue": 351296000, "costOfRevenue": 238743000, "grossProfit": 112553000, "researchDevelopment": {}, "sellingGeneralAdministrative": 16899000, "nonRecurring": {}, "otherOperatingExpenses": 56999000, "totalOperatingExpenses": 324836000, "operatingIncome": 26460000, "totalOtherIncomeExpenseNet": -17944000, "ebit": 26460000, "interestExpense": -17944000, "incomeBeforeTax": 8516000, "incomeTaxExpense": -4345000, "minorityInterest": 6436000, "netIncomeFromContinuingOps": 12861000, "discontinuedOperations": {}, "extraordinaryItems": {}, "effectOfAccountingCharges": {}, "otherItems": {}, "netIncome": 12861000, "netIncomeApplicableToCommonShares": 12861000}, {"maxAge": 1, "endDate": "2019-09-30", "totalRevenue": 564772000, "costOfRevenue": 359053000, "grossProfit": 205719000, "researchDevelopment": {}, "sellingGeneralAdministrative": 19008000, "nonRecurring": {}, "otherOperatingExpenses": 139510000, "totalOperatingExpenses": 532528000, "operatingIncome": 32244000, "totalOtherIncomeExpenseNet": -16779000, "ebit": 32244000, "interestExpense": -16779000, "incomeBeforeTax": 15465000, "incomeTaxExpense": -450000, "minorityInterest": 8798000, "netIncomeFromContinuingOps": 15915000, "discontinuedOperations": {}, "extraordinaryItems": {}, "effectOfAccountingCharges": {}, "otherItems": {}, "netIncome": 15915000, "netIncomeApplicableToCommonShares": 15915000}], "maxAge": 86400}, "cashflowStatementHistoryQuarterly": {"cashflowStatements": [{"maxAge": 1, "endDate": "2020-06-30", "netIncome": 1958000, "changeToLiabilities": 0}, {"maxAge": 1, "endDate": "2020-03-31", "netIncome": -2292000, "changeToLiabilities": 0}, {"maxAge": 1, "endDate": "2019-12-31", "netIncome": 12861000, "changeToLiabilities": 0}, {"maxAge": 1, "endDate": "2019-09-30", "netIncome": 15915000, "changeToLiabilities": 0}], "maxAge": 86400}, "insiderHolders": {"holders": [], "maxAge": 1}, "calendarEvents": {"maxAge": 1, "earnings": {"earningsDate": []}}, "upgradeDowngradeHistory": {"history": [], "maxAge": 86400}, "price": {"maxAge": 1, "regularMarketChangePercent": -0.11803275, "regularMarketChange": -0.3599999, "regularMarketTime": "2021-04-30 15:40:31", "priceHint": 4, "regularMarketPrice": 2.69, "regularMarketDayHigh": 3.1, "regularMarketDayLow": 2.51, "regularMarketVolume": 230123, "averageDailyVolume10Day": 27360, "averageDailyVolume3Month": 36223, "regularMarketPreviousClose": 3.05, "regularMarketSource": "FREE_REALTIME", "regularMarketOpen": 3.1, "exchange": "BSE", "exchangeName": "BSE", "exchangeDataDelayedBy": 0, "marketState": "CLOSED", "quoteType": "EQUITY", "symbol": "SUPTANERY.BO", "underlyingSymbol": null, "shortName": "SUPER TANNERY LIMITED", "longName": "Super Tannery Limited", "currency": "INR", "quoteSourceName": "Delayed Quote", "currencySymbol": "\u20b9", "fromCurrency": null, "lastMarket": null, "marketCap": 290447392}, "balanceSheetHistory": {"balanceSheetStatements": [{"maxAge": 1, "endDate": "2020-03-31", "cash": 38993000, "netReceivables": 401079000, "inventory": 868370000, "otherCurrentAssets": 138270000, "totalCurrentAssets": 1447847000, "longTermInvestments": 3090000, "propertyPlantEquipment": 661563000, "goodWill": 4370000, "intangibleAssets": 647000, "otherAssets": 18360000, "totalAssets": 2135877000, "accountsPayable": 374666000, "shortLongTermDebt": 12655000, "otherCurrentLiab": 155394000, "longTermDebt": 33648000, "otherLiab": 89549000, "deferredLongTermLiab": 13000, "minorityInterest": 6436000, "totalCurrentLiabilities": 1234507000, "totalLiab": 1357704000, "commonStock": 107973000, "treasuryStock": 663764000, "otherStockholderEquity": 663764000, "totalStockholderEquity": 771737000, "netTangibleAssets": 766720000}, {"maxAge": 1, "endDate": "2019-03-31", "cash": 32781000, "netReceivables": 423531000, "inventory": 829945000, "otherCurrentAssets": 151068000, "totalCurrentAssets": 1438939000, "longTermInvestments": 2677000, "propertyPlantEquipment": 622952000, "goodWill": 6994000, "intangibleAssets": 533000, "otherAssets": 13559000, "totalAssets": 2085654000, "accountsPayable": 373663000, "shortLongTermDebt": 2428000, "otherCurrentLiab": 130044000, "longTermDebt": 4968000, "otherLiab": 109270000, "minorityInterest": 6452000, "totalCurrentLiabilities": 1219232000, "totalLiab": 1333470000, "commonStock": 107973000, "retainedEarnings": 607782000, "treasuryStock": 2959000, "capitalSurplus": 27018000, "otherStockholderEquity": 2959000, "totalStockholderEquity": 745732000, "netTangibleAssets": 738205000}, {"maxAge": 1, "endDate": "2018-03-31", "cash": 14488000, "netReceivables": 648825000, "inventory": 718122000, "otherCurrentAssets": 224212000, "totalCurrentAssets": 1606706000, "longTermInvestments": 8632000, "propertyPlantEquipment": 561025000, "goodWill": 4370000, "intangibleAssets": 419000, "otherAssets": 6587000, "totalAssets": 2187739000, "accountsPayable": 395996000, "shortLongTermDebt": 3841000, "otherCurrentLiab": 185856000, "longTermDebt": 5973000, "otherLiab": 95625000, "deferredLongTermLiab": 293000, "minorityInterest": 2487000, "totalCurrentLiabilities": 1380244000, "totalLiab": 1481842000, "commonStock": 107973000, "retainedEarnings": 565460000, "treasuryStock": 2959000, "capitalSurplus": 27018000, "otherStockholderEquity": 2959000, "totalStockholderEquity": 703410000, "netTangibleAssets": 698621000}, {"maxAge": 1, "endDate": "2017-03-31", "cash": 40741000, "netReceivables": 461611000, "inventory": 833239000, "otherCurrentAssets": 140950000, "totalCurrentAssets": 1477658000, "longTermInvestments": 8316000, "propertyPlantEquipment": 584956000, "goodWill": 4370000, "intangibleAssets": 440000, "otherAssets": 8681000, "totalAssets": 2084421000, "accountsPayable": 363545000, "shortLongTermDebt": 11116000, "otherCurrentLiab": 199538000, "longTermDebt": 3625000, "otherLiab": 75653000, "deferredLongTermLiab": 434000, "minorityInterest": 3563000, "totalCurrentLiabilities": 1335915000, "totalLiab": 1415193000, "commonStock": 107973000, "retainedEarnings": 527715000, "treasuryStock": 2959000, "capitalSurplus": 27018000, "otherStockholderEquity": 2959000, "totalStockholderEquity": 665665000, "netTangibleAssets": 660855000}], "maxAge": 86400}, "financialData": {"maxAge": 86400, "currentPrice": 2.69, "recommendationKey": "none", "grossProfits": 649298000, "financialCurrency": "INR"}}}