{"SURAJLTD.BO": {"recommendationTrend": {"trend": [{"period": "0m", "strongBuy": 0, "buy": 0, "hold": 0, "sell": 0, "strongSell": 0}, {"period": "-1m", "strongBuy": 0, "buy": 0, "hold": 0, "sell": 0, "strongSell": 0}, {"period": "-2m", "strongBuy": 0, "buy": 0, "hold": 0, "sell": 0, "strongSell": 0}, {"period": "-3m", "strongBuy": 0, "buy": 0, "hold": 0, "sell": 0, "strongSell": 0}], "maxAge": 86400}, "cashflowStatementHistory": {"cashflowStatements": [{"maxAge": 1, "endDate": "2020-03-31", "netIncome": 10150000, "depreciation": 66473000, "changeToNetincome": 95497000, "changeToAccountReceivables": 90356000, "changeToLiabilities": 65751000, "changeToInventory": -86527000, "changeToOperatingActivities": 63296000, "totalCashFromOperatingActivities": 305029000, "capitalExpenditures": -39851000, "otherCashflowsFromInvestingActivities": 3219000, "totalCashflowsFromInvestingActivities": -36226000, "netBorrowings": -178206000, "otherCashflowsFromFinancingActivities": -104352000, "totalCashFromFinancingActivities": -282558000, "changeInCash": -13755000}, {"maxAge": 1, "endDate": "2019-03-31", "netIncome": 14146000, "depreciation": 65779000, "changeToNetincome": 89311000, "changeToAccountReceivables": 109926000, "changeToLiabilities": -22943000, "changeToInventory": 41838000, "changeToOperatingActivities": -33032000, "totalCashFromOperatingActivities": 267783000, "capitalExpenditures": -25074000, "otherCashflowsFromInvestingActivities": 3870000, "totalCashflowsFromInvestingActivities": -20778000, "netBorrowings": -135713000, "otherCashflowsFromFinancingActivities": -104133000, "totalCashFromFinancingActivities": -239846000, "changeInCash": 7159000}, {"maxAge": 1, "endDate": "2018-03-31", "netIncome": 3612000, "depreciation": 63830000, "changeToNetincome": 88909000, "changeToAccountReceivables": 1271000, "changeToLiabilities": -94150000, "changeToInventory": 107850000, "changeToOperatingActivities": -36423000, "totalCashFromOperatingActivities": 139526000, "capitalExpenditures": -16838000, "otherCashflowsFromInvestingActivities": 2537000, "totalCashflowsFromInvestingActivities": -14301000, "netBorrowings": -42563000, "otherCashflowsFromFinancingActivities": -95019000, "totalCashFromFinancingActivities": -137582000, "changeInCash": -12357000}, {"maxAge": 1, "endDate": "2017-03-31", "netIncome": 4291409, "depreciation": 62724397, "changeToNetincome": 73991647, "changeToAccountReceivables": -95955398, "changeToLiabilities": 155447041, "changeToInventory": -11488302, "changeToOperatingActivities": -25335678, "totalCashFromOperatingActivities": 163777142, "capitalExpenditures": -32436829, "otherCashflowsFromInvestingActivities": 8150898, "totalCashflowsFromInvestingActivities": -24021931, "netBorrowings": -55169459, "otherCashflowsFromFinancingActivities": -78208789, "totalCashFromFinancingActivities": -133378248, "changeInCash": 6376962}], "maxAge": 86400}, "institutionOwnership": {"maxAge": 1, "ownershipList": []}, "balanceSheetHistoryQuarterly": {"balanceSheetStatements": [{"maxAge": 1, "endDate": "2020-06-30", "totalStockholderEquity": 877693000, "netTangibleAssets": 877642000}, {"maxAge": 1, "endDate": "2019-03-31", "cash": 48540000, "shortTermInvestments": 406000, "netReceivables": 416064000, "inventory": 841545000, "otherCurrentAssets": 103003000, "totalCurrentAssets": 1412411000, "propertyPlantEquipment": 566065000, "intangibleAssets": 57000, "totalAssets": 1978533000, "accountsPayable": 56408000, "otherCurrentLiab": 37115000, "otherLiab": 14240000, "minorityInterest": 221000, "totalCurrentLiabilities": 1094918000, "totalLiab": 1109158000, "commonStock": 192641000, "retainedEarnings": 457557000, "capitalSurplus": 218956000, "totalStockholderEquity": 869154000, "netTangibleAssets": 869097000}, {"maxAge": 1, "endDate": "2018-12-31", "cash": 48540000, "shortTermInvestments": 406000, "netReceivables": 416064000, "inventory": 841545000, "otherCurrentAssets": 103003000, "totalCurrentAssets": 1412411000, "propertyPlantEquipment": 566065000, "intangibleAssets": 57000, "totalAssets": 1978533000, "accountsPayable": 56408000, "otherCurrentLiab": 37115000, "otherLiab": 14240000, "minorityInterest": 221000, "totalCurrentLiabilities": 1094918000, "totalLiab": 1109158000, "commonStock": 192641000, "retainedEarnings": 457557000, "capitalSurplus": 218956000, "totalStockholderEquity": 869154000, "netTangibleAssets": 869097000}, {"maxAge": 1, "endDate": "2018-09-30", "cash": 44872000, "netReceivables": 522503000, "inventory": 811506000, "otherCurrentAssets": 226181000, "totalCurrentAssets": 1605062000, "propertyPlantEquipment": 594188000, "intangibleAssets": 91000, "totalAssets": 2199341000, "accountsPayable": 141300000, "otherCurrentLiab": 34582000, "otherLiab": 16078000, "minorityInterest": 154000, "totalCurrentLiabilities": 1311808000, "totalLiab": 1327886000, "commonStock": 192641000, "treasuryStock": 678660000, "otherStockholderEquity": 678660000, "totalStockholderEquity": 871301000, "netTangibleAssets": 871210000}], "maxAge": 86400}, "earningsHistory": {"history": [{"maxAge": 1, "epsActual": {}, "epsEstimate": {}, "epsDifference": {}, "surprisePercent": {}, "quarter": {}, "period": "-4q"}, {"maxAge": 1, "epsActual": {}, "epsEstimate": {}, "epsDifference": {}, "surprisePercent": {}, "quarter": {}, "period": "-3q"}, {"maxAge": 1, "epsActual": {}, "epsEstimate": {}, "epsDifference": {}, "surprisePercent": {}, "quarter": {}, "period": "-2q"}, {"maxAge": 1, "epsActual": {}, "epsEstimate": {}, "epsDifference": {}, "surprisePercent": {}, "quarter": {}, "period": "-1q"}], "maxAge": 86400}, "indexTrend": {"maxAge": 1, "symbol": "SP5", "peRatio": 19.7411, "pegRatio": 1.34172, "estimates": [{"period": "0q", "growth": 0.549}, {"period": "+1q", "growth": 0.431}, {"period": "0y", "growth": 0.305}, {"period": "+1y", "growth": 0.109}, {"period": "+5y", "growth": 0.120859005}, {"period": "-5y"}]}, "industryTrend": {"maxAge": 1, "symbol": null, "estimates": []}, "insiderTransactions": {"transactions": [{"maxAge": 1, "shares": 940, "filerUrl": "", "transactionText": "", "filerName": "Patel (Shilpa)", "filerRelation": "UNREPORTED", "moneyText": "", "startDate": "2014-11-13", "ownership": "D"}, {"maxAge": 1, "shares": 322000, "filerUrl": "", "transactionText": "", "filerName": "Shah (Anilaben Ashokkumar)", "filerRelation": "Promoter", "moneyText": "", "startDate": "2013-11-21", "ownership": "D"}, {"maxAge": 1, "shares": 272000, "filerUrl": "", "transactionText": "", "filerName": "Shah (Chandrikaben Kunal)", "filerRelation": "Promoter", "moneyText": "", "startDate": "2013-11-21", "ownership": "D"}, {"maxAge": 1, "shares": 232000, "filerUrl": "", "transactionText": "", "filerName": "Shah (Rekhaben Gunvantkumar)", "filerRelation": "Promoter", "moneyText": "", "startDate": "2013-11-21", "ownership": "D"}], "maxAge": 1}, "quoteType": {"exchange": "BSE", "quoteType": "EQUITY", "symbol": "SURAJLTD.BO", "underlyingSymbol": "SURAJLTD.BO", "shortName": "SURAJ LTD.", "longName": "Suraj Limited", "firstTradeDateEpochUtc": "2003-01-27 09:15:00", "timeZoneFullName": "Asia/Kolkata", "timeZoneShortName": "IST", "uuid": "7e118619-1c77-3434-8ad4-c47feb2b4bc1", "messageBoardId": null, "gmtOffSetMilliseconds": 19800000, "maxAge": 1}, "incomeStatementHistory": {"incomeStatementHistory": [{"maxAge": 1, "endDate": "2020-03-31", "totalRevenue": 1756972000, "costOfRevenue": 1254086000, "grossProfit": 502886000, "researchDevelopment": {}, "sellingGeneralAdministrative": 139626000, "nonRecurring": {}, "otherOperatingExpenses": 191641000, "totalOperatingExpenses": 1651859000, "operatingIncome": 105113000, "totalOtherIncomeExpenseNet": -89246000, "ebit": 105113000, "interestExpense": -85625000, "incomeBeforeTax": 15867000, "incomeTaxExpense": 5717000, "minorityInterest": {}, "netIncomeFromContinuingOps": 10150000, "discontinuedOperations": {}, "extraordinaryItems": {}, "effectOfAccountingCharges": {}, "otherItems": {}, "netIncome": 10150000, "netIncomeApplicableToCommonShares": 10150000}, {"maxAge": 1, "endDate": "2019-03-31", "totalRevenue": 1815407000, "costOfRevenue": 1347616000, "grossProfit": 467791000, "researchDevelopment": {}, "sellingGeneralAdministrative": 114122000, "nonRecurring": {}, "otherOperatingExpenses": 175359000, "totalOperatingExpenses": 1702980000, "operatingIncome": 112427000, "totalOtherIncomeExpenseNet": -102859000, "ebit": 112427000, "interestExpense": -90112000, "incomeBeforeTax": 9568000, "incomeTaxExpense": -4606000, "minorityInterest": 221000, "netIncomeFromContinuingOps": 14174000, "discontinuedOperations": {}, "extraordinaryItems": {}, "effectOfAccountingCharges": {}, "otherItems": {}, "netIncome": 14146000, "netIncomeApplicableToCommonShares": 14146000}, {"maxAge": 1, "endDate": "2018-03-31", "totalRevenue": 2073157000, "costOfRevenue": 1486584000, "grossProfit": 586573000, "researchDevelopment": {}, "sellingGeneralAdministrative": 108546000, "nonRecurring": {}, "otherOperatingExpenses": 348457000, "totalOperatingExpenses": 2007520000, "operatingIncome": 65637000, "totalOtherIncomeExpenseNet": -56194000, "ebit": 65637000, "interestExpense": -77931000, "incomeBeforeTax": 9443000, "incomeTaxExpense": 5941000, "minorityInterest": 178000, "netIncomeFromContinuingOps": 3502000, "discontinuedOperations": {}, "extraordinaryItems": {}, "effectOfAccountingCharges": {}, "otherItems": {}, "netIncome": 3612000, "netIncomeApplicableToCommonShares": 3612000}, {"maxAge": 1, "endDate": "2017-03-31", "totalRevenue": 1962636977, "costOfRevenue": 1506164662, "grossProfit": 456472315, "researchDevelopment": {}, "sellingGeneralAdministrative": 113507598, "nonRecurring": {}, "otherOperatingExpenses": 188120198, "totalOperatingExpenses": 1870618883, "operatingIncome": 92018094, "totalOtherIncomeExpenseNet": -85062944, "ebit": 92018094, "interestExpense": -78208789, "incomeBeforeTax": 6955150, "incomeTaxExpense": 2663741, "minorityInterest": 178000, "netIncomeFromContinuingOps": 4291409, "discontinuedOperations": {}, "extraordinaryItems": {}, "effectOfAccountingCharges": {}, "otherItems": {}, "netIncome": 4291409, "netIncomeApplicableToCommonShares": 4291409}], "maxAge": 86400}, "fundOwnership": {"maxAge": 1, "ownershipList": []}, "summaryDetail": {"maxAge": 1, "priceHint": 2, "previousClose": 38.0, "open": 38.0, "dayLow": 37.0, "dayHigh": 39.9, "regularMarketPreviousClose": 38.0, "regularMarketOpen": 38.0, "regularMarketDayLow": 37.0, "regularMarketDayHigh": 39.9, "trailingPE": 75.71158, "volume": 2180, "regularMarketVolume": 2180, "averageVolume": 1191, "averageVolume10days": 912, "averageDailyVolume10Day": 912, "bid": 39.9, "ask": 0.0, "bidSize": 0, "askSize": 0, "marketCap": 768637632, "fiftyTwoWeekLow": 15.85, "fiftyTwoWeekHigh": 39.9, "fiftyDayAverage": 27.795713, "twoHundredDayAverage": 23.029137, "currency": "INR", "fromCurrency": null, "toCurrency": null, "lastMarket": null, "algorithm": null, "tradeable": false}, "sectorTrend": {"maxAge": 1, "symbol": null, "estimates": []}, "incomeStatementHistoryQuarterly": {"incomeStatementHistory": [{"maxAge": 1, "endDate": "2020-06-30", "totalRevenue": 241317000, "costOfRevenue": 151447000, "grossProfit": 89870000, "researchDevelopment": {}, "sellingGeneralAdministrative": 23272000, "nonRecurring": {}, "otherOperatingExpenses": 25218000, "totalOperatingExpenses": 217060000, "operatingIncome": 24257000, "totalOtherIncomeExpenseNet": -23556000, "ebit": 24257000, "interestExpense": -24774000, "incomeBeforeTax": 701000, "incomeTaxExpense": -328000, "minorityInterest": {}, "netIncomeFromContinuingOps": 1029000, "discontinuedOperations": {}, "extraordinaryItems": {}, "effectOfAccountingCharges": {}, "otherItems": {}, "netIncome": 1029000, "netIncomeApplicableToCommonShares": 1029000}, {"maxAge": 1, "endDate": "2019-03-31", "totalRevenue": 423330500, "costOfRevenue": 343306000, "grossProfit": 80024500, "researchDevelopment": {}, "sellingGeneralAdministrative": 30171000, "nonRecurring": {}, "otherOperatingExpenses": 5670000, "totalOperatingExpenses": 395760000, "operatingIncome": 27570500, "totalOtherIncomeExpenseNet": -28078500, "ebit": 27570500, "interestExpense": -21075500, "incomeBeforeTax": -508000, "incomeTaxExpense": 629500, "minorityInterest": 221000, "netIncomeFromContinuingOps": -1137500, "discontinuedOperations": {}, "extraordinaryItems": {}, "effectOfAccountingCharges": {}, "otherItems": {}, "netIncome": -1163500, "netIncomeApplicableToCommonShares": -1163500}, {"maxAge": 1, "endDate": "2018-12-31", "totalRevenue": 423330500, "costOfRevenue": 343306000, "grossProfit": 80024500, "researchDevelopment": {}, "sellingGeneralAdministrative": 30171000, "nonRecurring": {}, "otherOperatingExpenses": 5670000, "totalOperatingExpenses": 395760000, "operatingIncome": 27570500, "totalOtherIncomeExpenseNet": -28078500, "ebit": 27570500, "interestExpense": -21075500, "incomeBeforeTax": -508000, "incomeTaxExpense": 629500, "minorityInterest": 221000, "netIncomeFromContinuingOps": -1137500, "discontinuedOperations": {}, "extraordinaryItems": {}, "effectOfAccountingCharges": {}, "otherItems": {}, "netIncome": -1163500, "netIncomeApplicableToCommonShares": -1163500}, {"maxAge": 1, "endDate": "2018-09-30", "totalRevenue": 486201000, "costOfRevenue": 337814000, "grossProfit": 148387000, "researchDevelopment": {}, "sellingGeneralAdministrative": 28606000, "nonRecurring": {}, "otherOperatingExpenses": 77794000, "totalOperatingExpenses": 460671000, "operatingIncome": 25530000, "totalOtherIncomeExpenseNet": -22607000, "ebit": 25530000, "interestExpense": -23305000, "incomeBeforeTax": 2923000, "incomeTaxExpense": -2045000, "minorityInterest": 154000, "netIncomeFromContinuingOps": 4968000, "discontinuedOperations": {}, "extraordinaryItems": {}, "effectOfAccountingCharges": {}, "otherItems": {}, "netIncome": 4973000, "netIncomeApplicableToCommonShares": 4973000}], "maxAge": 86400}, "cashflowStatementHistoryQuarterly": {"cashflowStatements": [{"maxAge": 1, "endDate": "2020-06-30", "netIncome": 1029000, "changeToLiabilities": 0}, {"maxAge": 1, "endDate": "2019-03-31", "netIncome": -1163500, "changeToLiabilities": 0}, {"maxAge": 1, "endDate": "2018-12-31", "netIncome": -1163500, "changeToLiabilities": 0}, {"maxAge": 1, "endDate": "2018-09-30", "netIncome": 4973000, "changeToLiabilities": 0}], "maxAge": 86400}, "insiderHolders": {"holders": [{"maxAge": 1, "name": "Patel (Shilpa)", "relation": "UNREPORTED", "url": "", "transactionDescription": "Acquisition", "latestTransDate": "2014-11-13", "positionDirect": 940, "positionDirectDate": "2014-11-13"}, {"maxAge": 1, "name": "Shah (Anilaben Ashokkumar)", "relation": "Promoter", "url": "", "transactionDescription": "Acquisition", "latestTransDate": "2013-11-21", "positionDirect": 2845800, "positionDirectDate": "2013-11-21"}, {"maxAge": 1, "name": "Shah (Chandrikaben Kunal)", "relation": "Promoter", "url": "", "transactionDescription": "Acquisition", "latestTransDate": "2013-11-21", "positionDirect": 2289100, "positionDirectDate": "2013-11-21"}, {"maxAge": 1, "name": "Shah (Rekhaben Gunvantkumar)", "relation": "Promoter", "url": "", "transactionDescription": "Acquisition", "latestTransDate": "2013-11-21", "positionDirect": 1826600, "positionDirectDate": "2013-11-21"}], "maxAge": 1}, "earnings": {"maxAge": 86400, "earningsChart": {"quarterly": [], "earningsDate": []}, "financialsChart": {"yearly": [{"date": 2017, "revenue": 1962636977, "earnings": 4291409}, {"date": 2018, "revenue": 2073157000, "earnings": 3612000}, {"date": 2019, "revenue": 1815407000, "earnings": 14146000}, {"date": 2020, "revenue": 1756972000, "earnings": 10150000}], "quarterly": [{"date": "3Q2018", "revenue": 486201000, "earnings": 4973000}, {"date": "4Q2018", "revenue": 423330500, "earnings": -1163500}, {"date": "1Q2019", "revenue": 423330500, "earnings": -1163500}, {"date": "2Q2020", "revenue": 241317000, "earnings": 1029000}]}, "financialCurrency": "INR"}, "calendarEvents": {"maxAge": 1, "earnings": {"earningsDate": []}}, "price": {"maxAge": 1, "regularMarketChangePercent": 0.05000004, "regularMarketChange": 1.9000015, "regularMarketTime": "2021-04-30 14:14:06", "priceHint": 2, "regularMarketPrice": 39.9, "regularMarketDayHigh": 39.9, "regularMarketDayLow": 37.0, "regularMarketVolume": 2180, "averageDailyVolume10Day": 912, "averageDailyVolume3Month": 1191, "regularMarketPreviousClose": 38.0, "regularMarketSource": "FREE_REALTIME", "regularMarketOpen": 38.0, "exchange": "BSE", "exchangeName": "BSE", "exchangeDataDelayedBy": 0, "marketState": "CLOSED", "quoteType": "EQUITY", "symbol": "SURAJLTD.BO", "underlyingSymbol": null, "shortName": "SURAJ LTD.", "longName": "Suraj Limited", "currency": "INR", "quoteSourceName": "Delayed Quote", "currencySymbol": "\u20b9", "fromCurrency": null, "toCurrency": null, "lastMarket": null, "marketCap": 768637632}, "balanceSheetHistory": {"balanceSheetStatements": [{"maxAge": 1, "endDate": "2020-03-31", "cash": 34555000, "shortTermInvestments": 406000, "netReceivables": 294694000, "inventory": 928072000, "otherCurrentAssets": 84080000, "totalCurrentAssets": 1343716000, "propertyPlantEquipment": 539032000, "intangibleAssets": 51000, "totalAssets": 1882799000, "accountsPayable": 122159000, "otherCurrentLiab": 45389000, "otherLiab": 10560000, "totalCurrentLiabilities": 994546000, "totalLiab": 1005106000, "commonStock": 192641000, "retainedEarnings": 466096000, "capitalSurplus": 218956000, "totalStockholderEquity": 877693000, "netTangibleAssets": 877642000}, {"maxAge": 1, "endDate": "2019-03-31", "cash": 48540000, "shortTermInvestments": 406000, "netReceivables": 416064000, "inventory": 841545000, "otherCurrentAssets": 103003000, "totalCurrentAssets": 1412411000, "propertyPlantEquipment": 566065000, "intangibleAssets": 57000, "totalAssets": 1978533000, "accountsPayable": 56408000, "otherCurrentLiab": 37115000, "otherLiab": 14240000, "minorityInterest": 221000, "totalCurrentLiabilities": 1094918000, "totalLiab": 1109158000, "commonStock": 192641000, "retainedEarnings": 457557000, "capitalSurplus": 218956000, "totalStockholderEquity": 869154000, "netTangibleAssets": 869097000}, {"maxAge": 1, "endDate": "2018-03-31", "cash": 41614000, "shortTermInvestments": 807000, "netReceivables": 515749000, "inventory": 883383000, "otherCurrentAssets": 83987000, "totalCurrentAssets": 1527445000, "propertyPlantEquipment": 607324000, "intangibleAssets": 143000, "totalAssets": 2134912000, "accountsPayable": 79351000, "otherCurrentLiab": 37973000, "otherLiab": 25406000, "minorityInterest": 178000, "totalCurrentLiabilities": 1254407000, "totalLiab": 1279813000, "commonStock": 192641000, "retainedEarnings": 443324000, "capitalSurplus": 218956000, "totalStockholderEquity": 854921000, "netTangibleAssets": 854778000}, {"maxAge": 1, "endDate": "2017-03-31", "cash": 54394625, "netReceivables": 452139635, "inventory": 1019963465, "otherCurrentAssets": 101982303, "totalCurrentAssets": 1630169847, "propertyPlantEquipment": 654316090, "intangibleAssets": 246349, "otherAssets": 6625028, "totalAssets": 2291357314, "accountsPayable": 173500834, "otherCurrentLiab": 58753887, "otherLiab": 23984973, "totalCurrentLiabilities": 1406576104, "totalLiab": 1430561077, "commonStock": 192641000, "retainedEarnings": 449199236, "capitalSurplus": 218956000, "totalStockholderEquity": 860796236, "netTangibleAssets": 860549887}], "maxAge": 86400}, "earningsTrend": {"trend": [{"maxAge": 1, "period": "0q", "endDate": null, "growth": {}, "earningsEstimate": {"avg": 0.0, "low": 0.0, "high": 0.0, "yearAgoEps": {}, "numberOfAnalysts": 0, "growth": {}}, "revenueEstimate": {"avg": 0, "low": 0, "high": 0, "numberOfAnalysts": 0, "yearAgoRevenue": {}, "growth": {}}, "epsTrend": {"current": 0.0, "7daysAgo": 0.0, "30daysAgo": 0.0, "60daysAgo": 0.0, "90daysAgo": 0.0}, "epsRevisions": {"upLast7days": 0, "upLast30days": 0, "downLast30days": 0, "downLast90days": {}}}, {"maxAge": 1, "period": "+1q", "endDate": null, "growth": {}, "earningsEstimate": {"avg": 0.0, "low": 0.0, "high": 0.0, "yearAgoEps": {}, "numberOfAnalysts": 0, "growth": {}}, "revenueEstimate": {"avg": 0, "low": 0, "high": 0, "numberOfAnalysts": 0, "yearAgoRevenue": {}, "growth": {}}, "epsTrend": {"current": 0.0, "7daysAgo": 0.0, "30daysAgo": 0.0, "60daysAgo": 0.0, "90daysAgo": 0.0}, "epsRevisions": {"upLast7days": 0, "upLast30days": 0, "downLast30days": 0, "downLast90days": {}}}, {"maxAge": 1, "period": "0y", "endDate": null, "growth": {}, "earningsEstimate": {"avg": 0.0, "low": 0.0, "high": 0.0, "yearAgoEps": {}, "numberOfAnalysts": 0, "growth": {}}, "revenueEstimate": {"avg": 0, "low": 0, "high": 0, "numberOfAnalysts": 0, "yearAgoRevenue": {}, "growth": {}}, "epsTrend": {"current": 0.0, "7daysAgo": 0.0, "30daysAgo": 0.0, "60daysAgo": 0.0, "90daysAgo": 0.0}, "epsRevisions": {"upLast7days": 0, "upLast30days": 0, "downLast30days": 0, "downLast90days": {}}}, {"maxAge": 1, "period": "+1y", "endDate": null, "growth": {}, "earningsEstimate": {"avg": 0.0, "low": 0.0, "high": 0.0, "yearAgoEps": {}, "numberOfAnalysts": 0, "growth": {}}, "revenueEstimate": {"avg": 0, "low": 0, "high": 0, "numberOfAnalysts": 0, "yearAgoRevenue": {}, "growth": {}}, "epsTrend": {"current": 0.0, "7daysAgo": 0.0, "30daysAgo": 0.0, "60daysAgo": 0.0, "90daysAgo": 0.0}, "epsRevisions": {"upLast7days": 0, "upLast30days": 0, "downLast30days": 0, "downLast90days": {}}}, {"maxAge": 1, "period": "+5y", "endDate": null, "growth": {}, "earningsEstimate": {"avg": {}, "low": {}, "high": {}, "yearAgoEps": {}, "numberOfAnalysts": {}, "growth": {}}, "revenueEstimate": {"avg": {}, "low": {}, "high": {}, "numberOfAnalysts": {}, "yearAgoRevenue": {}, "growth": {}}, "epsTrend": {"current": {}, "7daysAgo": {}, "30daysAgo": {}, "60daysAgo": {}, "90daysAgo": {}}, "epsRevisions": {"upLast7days": {}, "upLast30days": {}, "downLast30days": {}, "downLast90days": {}}}, {"maxAge": 1, "period": "-5y", "endDate": null, "growth": {}, "earningsEstimate": {"avg": {}, "low": {}, "high": {}, "yearAgoEps": {}, "numberOfAnalysts": {}, "growth": {}}, "revenueEstimate": {"avg": {}, "low": {}, "high": {}, "numberOfAnalysts": {}, "yearAgoRevenue": {}, "growth": {}}, "epsTrend": {"current": {}, "7daysAgo": {}, "30daysAgo": {}, "60daysAgo": {}, "90daysAgo": {}}, "epsRevisions": {"upLast7days": {}, "upLast30days": {}, "downLast30days": {}, "downLast90days": {}}}], "maxAge": 1}, "financialData": {"maxAge": 86400, "currentPrice": 39.9, "recommendationKey": "none", "grossProfits": 502886000, "financialCurrency": "INR"}}}