{"SURAJ.BO": {"recommendationTrend": {"trend": [{"period": "0m", "strongBuy": 0, "buy": 0, "hold": 0, "sell": 0, "strongSell": 0}, {"period": "-1m", "strongBuy": 0, "buy": 0, "hold": 0, "sell": 0, "strongSell": 0}, {"period": "-2m", "strongBuy": 0, "buy": 0, "hold": 0, "sell": 0, "strongSell": 0}, {"period": "-3m", "strongBuy": 0, "buy": 0, "hold": 0, "sell": 0, "strongSell": 0}], "maxAge": 86400}, "cashflowStatementHistory": {"cashflowStatements": [{"maxAge": 1, "endDate": "2020-03-31", "netIncome": 54045013, "depreciation": 67400829, "changeToNetincome": 37549670, "changeToAccountReceivables": -50585773, "changeToLiabilities": 94978440, "changeToInventory": -213518998, "changeToOperatingActivities": 8353088, "totalCashFromOperatingActivities": -1777731, "capitalExpenditures": -181979464, "otherCashflowsFromInvestingActivities": 16765458, "totalCashflowsFromInvestingActivities": -164396606, "dividendsPaid": -843719, "netBorrowings": 226967519, "otherCashflowsFromFinancingActivities": -62664447, "totalCashFromFinancingActivities": 163459353, "changeInCash": -2714984}, {"maxAge": 1, "endDate": "2019-03-31", "netIncome": 62958859, "depreciation": 40111675, "changeToNetincome": 30241917, "changeToAccountReceivables": 33445204, "changeToLiabilities": 38581185, "changeToInventory": -4355814, "changeToOperatingActivities": -1134972, "totalCashFromOperatingActivities": 199848054, "capitalExpenditures": -285395090, "otherCashflowsFromInvestingActivities": 16765458, "totalCashflowsFromInvestingActivities": -281755832, "dividendsPaid": -689162, "netBorrowings": 127587662, "otherCashflowsFromFinancingActivities": -44322729, "totalCashFromFinancingActivities": 82575771, "changeInCash": 667993}, {"maxAge": 1, "endDate": "2018-03-31", "netIncome": 35799363, "depreciation": 36187251, "changeToNetincome": 40540054, "changeToAccountReceivables": -34174871, "changeToLiabilities": -4471785, "changeToInventory": 958705, "changeToOperatingActivities": 9972959, "totalCashFromOperatingActivities": 84811676, "capitalExpenditures": -121402504, "otherCashflowsFromInvestingActivities": 415058, "totalCashflowsFromInvestingActivities": -120987446, "dividendsPaid": -606771, "netBorrowings": 62350099, "otherCashflowsFromFinancingActivities": -46938843, "totalCashFromFinancingActivities": 14804485, "changeInCash": -21371285}, {"maxAge": 1, "endDate": "2017-03-31", "netIncome": 9567365, "depreciation": 18086400, "changeToNetincome": 22800478, "changeToAccountReceivables": 814652, "changeToLiabilities": -3035287, "changeToInventory": 15699232, "changeToOperatingActivities": 1577774, "totalCashFromOperatingActivities": 65510614, "capitalExpenditures": -209992113, "otherCashflowsFromInvestingActivities": 415058, "totalCashflowsFromInvestingActivities": -209992113, "dividendsPaid": -5640, "netBorrowings": 194114901, "otherCashflowsFromFinancingActivities": -27152792, "totalCashFromFinancingActivities": 166956469, "changeInCash": 22474970}], "maxAge": 86400}, "institutionOwnership": {"ownershipList": [], "maxAge": 1}, "balanceSheetHistoryQuarterly": {"balanceSheetStatements": [{"maxAge": 1, "endDate": "2020-06-30", "totalStockholderEquity": 455263000, "netTangibleAssets": 455263000}, {"maxAge": 1, "endDate": "2020-03-31", "cash": 2895350, "shortTermInvestments": 10460192, "netReceivables": 62924777, "inventory": 472514310, "otherCurrentAssets": 79281221, "totalCurrentAssets": 628075850, "propertyPlantEquipment": 822653858, "otherAssets": 42192540, "deferredLongTermAssetCharges": 35664871, "totalAssets": 1492922248, "accountsPayable": 131064504, "shortLongTermDebt": 48201354, "otherCurrentLiab": 6872894, "longTermDebt": 554826406, "otherLiab": 6737188, "totalCurrentLiabilities": 471476601, "totalLiab": 1037659688, "commonStock": 114000000, "retainedEarnings": 286562560, "capitalSurplus": 54700000, "totalStockholderEquity": 455262560, "netTangibleAssets": 455262560}, {"maxAge": 1, "endDate": "2019-12-31", "totalStockholderEquity": 416048000, "netTangibleAssets": 416048000}, {"maxAge": 1, "endDate": "2019-09-30", "cash": 15412000, "netReceivables": 15869000, "inventory": 368391000, "otherCurrentAssets": 87265000, "totalCurrentAssets": 486937000, "propertyPlantEquipment": 802366000, "otherAssets": 24568000, "deferredLongTermAssetCharges": 13403000, "totalAssets": 1313871000, "accountsPayable": 109103000, "shortLongTermDebt": 55161000, "otherCurrentLiab": 12464000, "longTermDebt": 510676000, "otherLiab": 17365000, "totalCurrentLiabilities": 369782000, "totalLiab": 897823000, "commonStock": 114000000, "treasuryStock": 302048000, "otherStockholderEquity": 302048000, "totalStockholderEquity": 416048000, "netTangibleAssets": 416048000}], "maxAge": 86400}, "earningsHistory": {"history": [{"maxAge": 1, "epsActual": {}, "epsEstimate": {}, "epsDifference": {}, "surprisePercent": {}, "quarter": {}, "period": "-4q"}, {"maxAge": 1, "epsActual": {}, "epsEstimate": {}, "epsDifference": {}, "surprisePercent": {}, "quarter": {}, "period": "-3q"}, {"maxAge": 1, "epsActual": {}, "epsEstimate": {}, "epsDifference": {}, "surprisePercent": {}, "quarter": {}, "period": "-2q"}, {"maxAge": 1, "epsActual": {}, "epsEstimate": {}, "epsDifference": {}, "surprisePercent": {}, "quarter": {}, "period": "-1q"}], "maxAge": 86400}, "indexTrend": {"maxAge": 1, "symbol": "SP5", "peRatio": 19.7411, "pegRatio": 1.34172, "estimates": [{"period": "0q", "growth": 0.549}, {"period": "+1q", "growth": 0.431}, {"period": "0y", "growth": 0.305}, {"period": "+1y", "growth": 0.109}, {"period": "+5y", "growth": 0.120859005}, {"period": "-5y"}]}, "industryTrend": {"maxAge": 1, "symbol": null, "estimates": []}, "insiderTransactions": {"transactions": [{"maxAge": 1, "shares": 500000, "filerUrl": "", "transactionText": "", "filerName": "Dalmia (Yogesh Kumar)", "filerRelation": "Non Executive Chairman", "moneyText": "", "startDate": "2017-04-06", "ownership": "D"}, {"maxAge": 1, "shares": 550000, "filerUrl": "", "transactionText": "", "filerName": "Molisati Vinimay Pvt Ltd", "filerRelation": "Promoter", "moneyText": "", "startDate": "2016-02-29", "ownership": "D"}, {"maxAge": 1, "shares": 250000, "filerUrl": "", "transactionText": "", "filerName": "Balbhadra Infratech Pvt Ltd", "filerRelation": "Promoter", "moneyText": "", "startDate": "2015-03-25", "ownership": "D"}, {"maxAge": 1, "shares": 10000, "filerUrl": "", "transactionText": "", "filerName": "Dalmia (Kumudini)", "filerRelation": "Promoter", "moneyText": "", "startDate": "2015-03-17", "ownership": "D"}, {"maxAge": 1, "shares": 9700, "filerUrl": "", "transactionText": "", "filerName": "Dalmia (Yogesh Kumar)", "filerRelation": "Non Executive Chairman", "moneyText": "", "startDate": "2015-03-17", "ownership": "D"}, {"maxAge": 1, "shares": 100000, "filerUrl": "", "transactionText": "", "filerName": "Dalmia (Sunita)", "filerRelation": "Promoter", "moneyText": "", "startDate": "2014-12-23", "ownership": "D"}, {"maxAge": 1, "shares": 50000, "filerUrl": "", "transactionText": "", "filerName": "Dalmia (Sunita)", "filerRelation": "Promoter", "moneyText": "", "startDate": "2014-09-16", "ownership": "D"}, {"maxAge": 1, "shares": 50000, "filerUrl": "", "transactionText": "", "filerName": "Dalmia (Sunita)", "filerRelation": "Promoter", "moneyText": "", "startDate": "2014-09-15", "ownership": "D"}, {"maxAge": 1, "shares": 100000, "filerUrl": "", "transactionText": "", "filerName": "Dalmia (Sunita)", "filerRelation": "Promoter", "moneyText": "", "startDate": "2014-09-01", "ownership": "D"}, {"maxAge": 1, "shares": 2000000, "filerUrl": "", "transactionText": "", "filerName": "Molisati Vinimay Pvt Ltd", "filerRelation": "Institution- Corporation", "moneyText": "", "startDate": "2013-10-07", "ownership": "D"}, {"maxAge": 1, "shares": 2000000, "filerUrl": "", "transactionText": "", "filerName": "Tirupati Vincom Pvt Ltd", "filerRelation": "Institution- Corporation", "moneyText": "", "startDate": "2013-10-07", "ownership": "D"}, {"maxAge": 1, "shares": 200000, "filerUrl": "", "transactionText": "", "filerName": "Dalmia (Sunita)", "filerRelation": "Promoter", "moneyText": "", "startDate": "2012-11-30", "ownership": "D"}, {"maxAge": 1, "shares": 170400, "filerUrl": "", "transactionText": "", "filerName": "Dalmia (Yogesh Kumar)", "filerRelation": "Executive Chairman", "moneyText": "", "startDate": "2012-11-30", "ownership": "D"}, {"maxAge": 1, "shares": 1000, "filerUrl": "", "transactionText": "", "filerName": "Dalmia (Yogesh Kumar)", "filerRelation": "Executive Chairman", "moneyText": "", "startDate": "2011-10-28", "ownership": "D"}], "maxAge": 1}, "quoteType": {"exchange": "BSE", "quoteType": "EQUITY", "symbol": "SURAJ.BO", "underlyingSymbol": "SURAJ.BO", "shortName": "SURAJ PRODUCTS LTD.", "longName": "Suraj Products Limited", "firstTradeDateEpochUtc": "2010-09-13 09:15:00", "timeZoneFullName": "Asia/Kolkata", "timeZoneShortName": "IST", "uuid": "ce6b9fa1-d74b-3d0b-88e6-db6f8b4e1bc6", "gmtOffSetMilliseconds": 19800000, "maxAge": 1}, "incomeStatementHistory": {"incomeStatementHistory": [{"maxAge": 1, "endDate": "2020-03-31", "totalRevenue": 1179924635, "costOfRevenue": 935489384, "grossProfit": 244435251, "researchDevelopment": {}, "sellingGeneralAdministrative": 57973116, "nonRecurring": {}, "otherOperatingExpenses": 21474063, "totalOperatingExpenses": 1081625573, "operatingIncome": 98299062, "totalOtherIncomeExpenseNet": -60127913, "ebit": 98299062, "interestExpense": -61911447, "incomeBeforeTax": 38171149, "incomeTaxExpense": -15873864, "minorityInterest": {}, "netIncomeFromContinuingOps": 54045013, "discontinuedOperations": {}, "extraordinaryItems": {}, "effectOfAccountingCharges": {}, "otherItems": {}, "netIncome": 54045013, "netIncomeApplicableToCommonShares": 54045013}, {"maxAge": 1, "endDate": "2019-03-31", "totalRevenue": 1163552725, "costOfRevenue": 949956661, "grossProfit": 213596064, "researchDevelopment": {}, "sellingGeneralAdministrative": 45820617, "nonRecurring": {}, "otherOperatingExpenses": 17144101, "totalOperatingExpenses": 1055534849, "operatingIncome": 108017876, "totalOtherIncomeExpenseNet": -44304351, "ebit": 108017876, "interestExpense": -44257104, "incomeBeforeTax": 63713525, "incomeTaxExpense": 754666, "minorityInterest": {}, "netIncomeFromContinuingOps": 62958859, "discontinuedOperations": {}, "extraordinaryItems": {}, "effectOfAccountingCharges": {}, "otherItems": {}, "netIncome": 62958859, "netIncomeApplicableToCommonShares": 62958859}, {"maxAge": 1, "endDate": "2018-03-31", "totalRevenue": 698100304, "costOfRevenue": 532584768, "grossProfit": 165515536, "researchDevelopment": {}, "sellingGeneralAdministrative": 27906363, "nonRecurring": {}, "otherOperatingExpenses": 21519997, "totalOperatingExpenses": 619182146, "operatingIncome": 78918158, "totalOtherIncomeExpenseNet": -45368158, "ebit": 78918158, "interestExpense": -46434343, "incomeBeforeTax": 33550000, "incomeTaxExpense": -2249363, "minorityInterest": {}, "netIncomeFromContinuingOps": 35799363, "discontinuedOperations": {}, "extraordinaryItems": {}, "effectOfAccountingCharges": {}, "otherItems": {}, "netIncome": 35799363, "netIncomeApplicableToCommonShares": 35799363}, {"maxAge": 1, "endDate": "2017-03-31", "totalRevenue": 597778448, "costOfRevenue": 514151200, "grossProfit": 83627248, "researchDevelopment": {}, "sellingGeneralAdministrative": 21029401, "nonRecurring": {}, "otherOperatingExpenses": 10249908, "totalOperatingExpenses": 563516909, "operatingIncome": 34261539, "totalOtherIncomeExpenseNet": -25327693, "ebit": 34261539, "interestExpense": -26656570, "incomeBeforeTax": 8933846, "incomeTaxExpense": -633519, "minorityInterest": {}, "netIncomeFromContinuingOps": 9567365, "discontinuedOperations": {}, "extraordinaryItems": {}, "effectOfAccountingCharges": {}, "otherItems": {}, "netIncome": 9567365, "netIncomeApplicableToCommonShares": 9567365}], "maxAge": 86400}, "fundOwnership": {"ownershipList": [], "maxAge": 1}, "summaryDetail": {"maxAge": 1, "priceHint": 2, "previousClose": 36.75, "open": 35.9, "dayLow": 35.9, "dayHigh": 35.9, "regularMarketPreviousClose": 36.75, "regularMarketOpen": 35.9, "regularMarketDayLow": 35.9, "regularMarketDayHigh": 35.9, "trailingPE": 6.9857955, "volume": 1, "regularMarketVolume": 1, "averageVolume": 2971, "averageVolume10days": 3126, "averageDailyVolume10Day": 3126, "bid": 35.75, "ask": 35.8, "bidSize": 0, "askSize": 0, "marketCap": 409260032, "fiftyTwoWeekLow": 7.3, "fiftyTwoWeekHigh": 37.8, "fiftyDayAverage": 29.24091, "twoHundredDayAverage": 20.742132, "currency": "INR", "fromCurrency": null, "lastMarket": null, "algorithm": null, "tradeable": false}, "sectorTrend": {"maxAge": 1, "symbol": null, "estimates": []}, "incomeStatementHistoryQuarterly": {"incomeStatementHistory": [{"maxAge": 1, "endDate": "2020-06-30", "totalRevenue": 474422000, "costOfRevenue": 395384000, "grossProfit": 79038000, "researchDevelopment": {}, "sellingGeneralAdministrative": 14608000, "nonRecurring": {}, "otherOperatingExpenses": 4420000, "totalOperatingExpenses": 437897000, "operatingIncome": 36525000, "totalOtherIncomeExpenseNet": -19329000, "ebit": 36525000, "interestExpense": -20265000, "incomeBeforeTax": 17196000, "incomeTaxExpense": 1076000, "minorityInterest": {}, "netIncomeFromContinuingOps": 16120000, "discontinuedOperations": {}, "extraordinaryItems": {}, "effectOfAccountingCharges": {}, "otherItems": {}, "netIncome": 16120000, "netIncomeApplicableToCommonShares": 16120000}, {"maxAge": 1, "endDate": "2020-03-31", "totalRevenue": 451541635, "costOfRevenue": 374034384, "grossProfit": 77507251, "researchDevelopment": {}, "sellingGeneralAdministrative": 18173116, "nonRecurring": {}, "otherOperatingExpenses": 6118063, "totalOperatingExpenses": 424668573, "operatingIncome": 26873062, "totalOtherIncomeExpenseNet": -15067913, "ebit": 26873062, "interestExpense": -15005447, "incomeBeforeTax": 11805149, "incomeTaxExpense": -20575864, "minorityInterest": {}, "netIncomeFromContinuingOps": 32381013, "discontinuedOperations": {}, "extraordinaryItems": {}, "effectOfAccountingCharges": {}, "otherItems": {}, "netIncome": 32381013, "netIncomeApplicableToCommonShares": 32381013}, {"maxAge": 1, "endDate": "2019-12-31", "totalRevenue": 268186000, "costOfRevenue": 210795000, "grossProfit": 57391000, "researchDevelopment": {}, "sellingGeneralAdministrative": 14213000, "nonRecurring": {}, "otherOperatingExpenses": 5356000, "totalOperatingExpenses": 245035000, "operatingIncome": 23151000, "totalOtherIncomeExpenseNet": -15294000, "ebit": 23151000, "interestExpense": -15513000, "incomeBeforeTax": 7857000, "incomeTaxExpense": 1023000, "minorityInterest": {}, "netIncomeFromContinuingOps": 6834000, "discontinuedOperations": {}, "extraordinaryItems": {}, "effectOfAccountingCharges": {}, "otherItems": {}, "netIncome": 6834000, "netIncomeApplicableToCommonShares": 6834000}, {"maxAge": 1, "endDate": "2019-09-30", "totalRevenue": 158865000, "costOfRevenue": 105692000, "grossProfit": 53173000, "researchDevelopment": {}, "sellingGeneralAdministrative": 13564000, "nonRecurring": {}, "otherOperatingExpenses": 5177000, "totalOperatingExpenses": 137304000, "operatingIncome": 21561000, "totalOtherIncomeExpenseNet": -15557000, "ebit": 21561000, "interestExpense": -16000000, "incomeBeforeTax": 6004000, "incomeTaxExpense": 2649000, "minorityInterest": {}, "netIncomeFromContinuingOps": 3355000, "discontinuedOperations": {}, "extraordinaryItems": {}, "effectOfAccountingCharges": {}, "otherItems": {}, "netIncome": 3355000, "netIncomeApplicableToCommonShares": 3355000}], "maxAge": 86400}, "cashflowStatementHistoryQuarterly": {"cashflowStatements": [{"maxAge": 1, "endDate": "2020-06-30", "netIncome": 16120000, "changeToLiabilities": 0}, {"maxAge": 1, "endDate": "2020-03-31", "netIncome": 32381013, "changeToLiabilities": 0}, {"maxAge": 1, "endDate": "2019-12-31", "netIncome": 6834000, "changeToLiabilities": 0}, {"maxAge": 1, "endDate": "2019-09-30", "netIncome": 3355000, "changeToLiabilities": 0}], "maxAge": 86400}, "insiderHolders": {"holders": [{"maxAge": 1, "name": "Balbhadra Infratech Pvt Ltd", "relation": "Promoter", "url": "", "transactionDescription": "Acquisition", "latestTransDate": "2015-03-25", "positionDirect": 540000, "positionDirectDate": "2015-03-25"}, {"maxAge": 1, "name": "Dalmia (Kumudini)", "relation": "Promoter", "url": "", "transactionDescription": "Other", "latestTransDate": "2015-03-17", "positionDirect": 0, "positionDirectDate": "2015-03-17"}, {"maxAge": 1, "name": "Dalmia (Sunita)", "relation": "Promoter", "url": "", "transactionDescription": "Acquisition", "latestTransDate": "2014-12-23", "positionDirect": 772400, "positionDirectDate": "2014-12-23"}, {"maxAge": 1, "name": "Dalmia (Yogesh Kumar)", "relation": "Non Executive Chairman", "url": "", "transactionDescription": "Acquisition", "latestTransDate": "2017-04-06", "positionDirect": 1491500, "positionDirectDate": "2017-04-06"}, {"maxAge": 1, "name": "Molisati Vinimay Pvt Ltd", "relation": "Promoter", "url": "", "transactionDescription": "Acquisition", "latestTransDate": "2016-02-29", "positionDirect": 2550000, "positionDirectDate": "2016-02-29"}, {"maxAge": 1, "name": "Tirupati Vincom Pvt Ltd", "relation": "Institution- Corporation", "url": "", "transactionDescription": "Other", "latestTransDate": "2013-10-07", "positionDirect": 2000000, "positionDirectDate": "2013-10-07"}], "maxAge": 1}, "earnings": {"maxAge": 86400, "earningsChart": {"quarterly": [], "earningsDate": ["2020-08-01 05:30:S"]}, "financialsChart": {"yearly": [{"date": 2017, "revenue": 597778448, "earnings": 9567365}, {"date": 2018, "revenue": 698100304, "earnings": 35799363}, {"date": 2019, "revenue": 1163552725, "earnings": 62958859}, {"date": 2020, "revenue": 1179924635, "earnings": 54045013}], "quarterly": [{"date": "3Q2019", "revenue": 158865000, "earnings": 3355000}, {"date": "4Q2019", "revenue": 268186000, "earnings": 6834000}, {"date": "1Q2020", "revenue": 451541635, "earnings": 32381013}, {"date": "2Q2020", "revenue": 474422000, "earnings": 16120000}]}, "financialCurrency": "INR"}, "calendarEvents": {"maxAge": 1, "earnings": {"earningsDate": ["2020-08-01 05:30:S"]}}, "upgradeDowngradeHistory": {"history": [], "maxAge": 86400}, "price": {"maxAge": 1, "regularMarketChangePercent": -0.02312921, "regularMarketChange": -0.8499985, "regularMarketTime": "2021-04-30 13:21:17", "priceHint": 2, "regularMarketPrice": 35.9, "regularMarketDayHigh": 35.9, "regularMarketDayLow": 35.9, "regularMarketVolume": 1, "averageDailyVolume10Day": 3126, "averageDailyVolume3Month": 2971, "regularMarketPreviousClose": 36.75, "regularMarketSource": "FREE_REALTIME", "regularMarketOpen": 35.9, "exchange": "BSE", "exchangeName": "BSE", "exchangeDataDelayedBy": 0, "marketState": "CLOSED", "quoteType": "EQUITY", "symbol": "SURAJ.BO", "underlyingSymbol": null, "shortName": "SURAJ PRODUCTS LTD.", "longName": "Suraj Products Limited", "currency": "INR", "quoteSourceName": "Delayed Quote", "currencySymbol": "\u20b9", "fromCurrency": null, "lastMarket": null, "marketCap": 409260032}, "balanceSheetHistory": {"balanceSheetStatements": [{"maxAge": 1, "endDate": "2020-03-31", "cash": 2895350, "shortTermInvestments": 10460192, "netReceivables": 62924777, "inventory": 472514310, "otherCurrentAssets": 79281221, "totalCurrentAssets": 628075850, "propertyPlantEquipment": 822653858, "otherAssets": 42192540, "deferredLongTermAssetCharges": 35664871, "totalAssets": 1492922248, "accountsPayable": 131064504, "shortLongTermDebt": 48201354, "otherCurrentLiab": 6872894, "longTermDebt": 554826406, "otherLiab": 6737188, "totalCurrentLiabilities": 471476601, "totalLiab": 1037659688, "commonStock": 114000000, "retainedEarnings": 286562560, "capitalSurplus": 54700000, "totalStockholderEquity": 455262560, "netTangibleAssets": 455262560}, {"maxAge": 1, "endDate": "2019-03-31", "cash": 2565316, "shortTermInvestments": 9747642, "netReceivables": 27013200, "inventory": 258995312, "otherCurrentAssets": 67026208, "totalCurrentAssets": 365347678, "propertyPlantEquipment": 708892623, "otherAssets": 36680284, "deferredLongTermAssetCharges": 13271456, "totalAssets": 1110920585, "accountsPayable": 36086064, "shortLongTermDebt": 49794372, "otherCurrentLiab": 4754752, "longTermDebt": 406217558, "otherLiab": 17283698, "totalCurrentLiabilities": 281582147, "totalLiab": 709703038, "commonStock": 114000000, "retainedEarnings": 232517547, "capitalSurplus": 54700000, "totalStockholderEquity": 401217547, "netTangibleAssets": 401217547}, {"maxAge": 1, "endDate": "2018-03-31", "cash": 2104229, "shortTermInvestments": 11507294, "netReceivables": 29157865, "inventory": 254639498, "otherCurrentAssets": 96360189, "totalCurrentAssets": 393769075, "propertyPlantEquipment": 477704102, "otherAssets": 15054005, "deferredLongTermAssetCharges": 1446453, "totalAssets": 886527182, "accountsPayable": 14788577, "shortLongTermDebt": 27811132, "otherCurrentLiab": 8241930, "longTermDebt": 301095458, "totalCurrentLiabilities": 242553272, "totalLiab": 548268494, "commonStock": 114000000, "retainedEarnings": 169558688, "capitalSurplus": 54700000, "totalStockholderEquity": 338258688, "netTangibleAssets": 338258688}, {"maxAge": 1, "endDate": "2017-03-31", "cash": 23494831, "shortTermInvestments": 10111357, "netReceivables": 34047855, "inventory": 255598204, "otherCurrentAssets": 58671947, "totalCurrentAssets": 381924194, "propertyPlantEquipment": 392488850, "otherAssets": 14205836, "totalAssets": 788618880, "accountsPayable": 19260361, "shortLongTermDebt": 1026312, "otherCurrentLiab": 4788968, "longTermDebt": 270704439, "otherLiab": 10374896, "totalCurrentLiabilities": 200547557, "totalLiab": 486159555, "commonStock": 114000000, "retainedEarnings": 133759325, "capitalSurplus": 54700000, "totalStockholderEquity": 302459325, "netTangibleAssets": 302459325}], "maxAge": 86400}, "earningsTrend": {"trend": [{"maxAge": 1, "period": "0q", "endDate": null, "growth": {}, "earningsEstimate": {"avg": 0.0, "low": 0.0, "high": 0.0, "yearAgoEps": {}, "numberOfAnalysts": 0, "growth": {}}, "revenueEstimate": {"avg": 0, "low": 0, "high": 0, "numberOfAnalysts": 0, "yearAgoRevenue": {}, "growth": {}}, "epsTrend": {"current": 0.0, "7daysAgo": 0.0, "30daysAgo": 0.0, "60daysAgo": 0.0, "90daysAgo": 0.0}, "epsRevisions": {"upLast7days": 0, "upLast30days": 0, "downLast30days": 0, "downLast90days": {}}}, {"maxAge": 1, "period": "+1q", "endDate": null, "growth": {}, "earningsEstimate": {"avg": 0.0, "low": 0.0, "high": 0.0, "yearAgoEps": {}, "numberOfAnalysts": 0, "growth": {}}, "revenueEstimate": {"avg": 0, "low": 0, "high": 0, "numberOfAnalysts": 0, "yearAgoRevenue": {}, "growth": {}}, "epsTrend": {"current": 0.0, "7daysAgo": 0.0, "30daysAgo": 0.0, "60daysAgo": 0.0, "90daysAgo": 0.0}, "epsRevisions": {"upLast7days": 0, "upLast30days": 0, "downLast30days": 0, "downLast90days": {}}}, {"maxAge": 1, "period": "0y", "endDate": null, "growth": {}, "earningsEstimate": {"avg": 0.0, "low": 0.0, "high": 0.0, "yearAgoEps": {}, "numberOfAnalysts": 0, "growth": {}}, "revenueEstimate": {"avg": 0, "low": 0, "high": 0, "numberOfAnalysts": 0, "yearAgoRevenue": {}, "growth": {}}, "epsTrend": {"current": 0.0, "7daysAgo": 0.0, "30daysAgo": 0.0, "60daysAgo": 0.0, "90daysAgo": 0.0}, "epsRevisions": {"upLast7days": 0, "upLast30days": 0, "downLast30days": 0, "downLast90days": {}}}, {"maxAge": 1, "period": "+1y", "endDate": null, "growth": {}, "earningsEstimate": {"avg": 0.0, "low": 0.0, "high": 0.0, "yearAgoEps": {}, "numberOfAnalysts": 0, "growth": {}}, "revenueEstimate": {"avg": 0, "low": 0, "high": 0, "numberOfAnalysts": 0, "yearAgoRevenue": {}, "growth": {}}, "epsTrend": {"current": 0.0, "7daysAgo": 0.0, "30daysAgo": 0.0, "60daysAgo": 0.0, "90daysAgo": 0.0}, "epsRevisions": {"upLast7days": 0, "upLast30days": 0, "downLast30days": 0, "downLast90days": {}}}, {"maxAge": 1, "period": "+5y", "endDate": null, "growth": {}, "earningsEstimate": {"avg": {}, "low": {}, "high": {}, "yearAgoEps": {}, "numberOfAnalysts": {}, "growth": {}}, "revenueEstimate": {"avg": {}, "low": {}, "high": {}, "numberOfAnalysts": {}, "yearAgoRevenue": {}, "growth": {}}, "epsTrend": {"current": {}, "7daysAgo": {}, "30daysAgo": {}, "60daysAgo": {}, "90daysAgo": {}}, "epsRevisions": {"upLast7days": {}, "upLast30days": {}, "downLast30days": {}, "downLast90days": {}}}, {"maxAge": 1, "period": "-5y", "endDate": null, "growth": {}, "earningsEstimate": {"avg": {}, "low": {}, "high": {}, "yearAgoEps": {}, "numberOfAnalysts": {}, "growth": {}}, "revenueEstimate": {"avg": {}, "low": {}, "high": {}, "numberOfAnalysts": {}, "yearAgoRevenue": {}, "growth": {}}, "epsTrend": {"current": {}, "7daysAgo": {}, "30daysAgo": {}, "60daysAgo": {}, "90daysAgo": {}}, "epsRevisions": {"upLast7days": {}, "upLast30days": {}, "downLast30days": {}, "downLast90days": {}}}], "maxAge": 1}, "financialData": {"maxAge": 86400, "currentPrice": 35.9, "targetHighPrice": 59.0, "targetLowPrice": 59.0, "targetMeanPrice": 59.0, "targetMedianPrice": 59.0, "recommendationKey": "none", "numberOfAnalystOpinions": 1, "grossProfits": 244435251, "financialCurrency": "INR"}}}