{"SURANAT&P.NS": {"assetProfile": {"address1": "Surya Towers", "address2": "5th Floor Sardar Patel Road", "city": "Secunderabad", "zip": "500003", "country": "India", "phone": "91 40 2784 5119", "fax": "91 40 2784 8851", "website": "http://www.suranatele.com", "industry": "Utilities\u2014Independent Power Producers", "sector": "Utilities", "longBusinessSummary": "Surana Telecom and Power Limited engages in the generation and sale of solar and wind energy, and trade of solar modules in India. The company operates a solar power generation plant with an installed capacity of 23 MW; and wind power generation plant with an installed capacity of 1.25 MW. It also manufactures jelly filled cables, solar photovoltaic modules, aluminum and alloy aluminum rods, optical fiber cables, joining kits, and CDMA mobile handsets. The company was formerly known as Surana Telecom Ltd and changed its name to Surana Telecom and Power Limited in October 2007. Surana Telecom and Power Limited was incorporated in 1989 and is based in Secunderabad, India.", "fullTimeEmployees": 25, "companyOfficers": [{"maxAge": 1, "name": "Mr. Narender  Surana", "age": 60, "title": "Chairman & MD", "yearBorn": 1960, "fiscalYear": 2020, "totalPay": 8400000, "exercisedValue": 0, "unexercisedValue": 0}, {"maxAge": 1, "name": "Ms. Vinita  Surana", "age": 36, "title": "Chief Financial Officer", "yearBorn": 1984, "fiscalYear": 2020, "totalPay": 2940000, "exercisedValue": 0, "unexercisedValue": 0}, {"maxAge": 1, "name": "Mr. Dudam  Srinivas", "title": "Compliance Officer & Company Sec.", "fiscalYear": 2020, "totalPay": 1212000, "exercisedValue": 0, "unexercisedValue": 0}, {"maxAge": 1, "name": "Mr. Baunakar  Shekarnath", "age": 55, "title": "Whole-Time Director", "yearBorn": 1965, "fiscalYear": 2020, "totalPay": 0, "exercisedValue": 0, "unexercisedValue": 0}], "compensationAsOfEpochDate": "2020-12-31 05:30:00", "maxAge": 86400}, "cashflowStatementHistory": {"cashflowStatements": [{"maxAge": 1, "endDate": "2018-03-31", "netIncome": 22634000, "changeToLiabilities": 0}, {"maxAge": 1, "endDate": "2017-03-31", "netIncome": 18296730, "depreciation": 103051849, "changeToNetincome": 67688071, "changeToAccountReceivables": -22578271, "changeToLiabilities": 107025177, "changeToInventory": 88865197, "changeToOperatingActivities": -26274624, "totalCashFromOperatingActivities": 338146604, "capitalExpenditures": -389305639, "investments": -71202161, "otherCashflowsFromInvestingActivities": 4090692, "totalCashflowsFromInvestingActivities": -455597108, "dividendsPaid": -503860, "netBorrowings": 61959916, "otherCashflowsFromFinancingActivities": -56137912, "totalCashFromFinancingActivities": 130318144, "changeInCash": 12867640}, {"maxAge": 1, "endDate": "2016-03-31", "netIncome": 12977724, "depreciation": 78910897, "changeToNetincome": 45781709, "changeToAccountReceivables": -20367351, "changeToLiabilities": 45258022, "changeToInventory": 263326, "changeToOperatingActivities": 715002634, "totalCashFromOperatingActivities": 879791984, "capitalExpenditures": -878182841, "investments": 575414, "otherCashflowsFromInvestingActivities": 5746689, "totalCashflowsFromInvestingActivities": -871860738, "dividendsPaid": -15166237, "netBorrowings": 53714686, "otherCashflowsFromFinancingActivities": -51582138, "totalCashFromFinancingActivities": -13033689, "changeInCash": -5102443}, {"maxAge": 1, "endDate": "2015-03-31", "netIncome": 17777904, "depreciation": 79120595, "changeToNetincome": 36380346, "changeToAccountReceivables": -1164298, "changeToLiabilities": 27349925, "changeToInventory": -152132195, "changeToOperatingActivities": -726637754, "totalCashFromOperatingActivities": -717377996, "capitalExpenditures": -38625789, "investments": 9785858, "otherCashflowsFromInvestingActivities": 9323127, "totalCashflowsFromInvestingActivities": -19516804, "dividendsPaid": -14967580, "netBorrowings": 785935401, "otherCashflowsFromFinancingActivities": -24558500, "totalCashFromFinancingActivities": 746409321, "changeInCash": 9514521}], "maxAge": 86400}, "institutionOwnership": {"ownershipList": [], "maxAge": 1}, "majorHoldersBreakdown": {"maxAge": 1, "insidersPercentHeld": 0.76835996, "institutionsPercentHeld": 0.0, "institutionsFloatPercentHeld": 0.0, "institutionsCount": 0}, "balanceSheetHistoryQuarterly": {"balanceSheetStatements": [{"maxAge": 1, "endDate": "2015-09-30"}, {"maxAge": 1, "endDate": "2009-03-31", "cash": 43684692, "shortTermInvestments": 20888676, "netReceivables": 316131367, "inventory": 198869207, "otherCurrentAssets": 64844835, "totalCurrentAssets": 644418777, "longTermInvestments": 128327568, "propertyPlantEquipment": 461989991, "otherAssets": 180410, "totalAssets": 1234916746, "accountsPayable": 115154102, "shortLongTermDebt": 155312754, "otherCurrentLiab": 121984291, "longTermDebt": 61298071, "otherLiab": 7854080, "deferredLongTermLiab": 180410, "totalCurrentLiabilities": 331453076, "totalLiab": 400605227, "commonStock": 104022000, "retainedEarnings": 572494721, "treasuryStock": 157794798, "otherStockholderEquity": 157794798, "totalStockholderEquity": 834311519, "netTangibleAssets": 834311519}, {"maxAge": 1, "endDate": "2008-12-31"}, {"maxAge": 1, "endDate": "2008-09-30"}], "maxAge": 86400}, "indexTrend": {"maxAge": 1, "symbol": "SP5", "peRatio": 19.7411, "pegRatio": 1.34172, "estimates": [{"period": "0q", "growth": 0.549}, {"period": "+1q", "growth": 0.431}, {"period": "0y", "growth": 0.305}, {"period": "+1y", "growth": 0.109}, {"period": "+5y", "growth": 0.120865}, {"period": "-5y"}]}, "defaultKeyStatistics": {"maxAge": 1, "priceHint": 4, "enterpriseValue": 1108776192, "profitMargins": 0.11496, "floatShares": 26992228, "sharesOutstanding": 135760000, "heldPercentInsiders": 0.76835996, "heldPercentInstitutions": 0.0, "beta": 1.312471, "category": null, "fundFamily": null, "legalType": null, "lastFiscalYearEnd": "2020-03-31 05:30:00", "nextFiscalYearEnd": "2022-03-31 05:30:00", "mostRecentQuarter": "2020-12-31 05:30:00", "earningsQuarterlyGrowth": -0.302, "netIncomeToCommon": 33882948, "lastSplitFactor": "5:1", "lastSplitDate": "2014-11-25 05:30:00", "enterpriseToRevenue": 3.762, "enterpriseToEbitda": 5.885}, "summaryProfile": {"address1": "Surya Towers", "address2": "5th Floor Sardar Patel Road", "city": "Secunderabad", "zip": "500003", "country": "India", "phone": "91 40 2784 5119", "fax": "91 40 2784 8851", "website": "http://www.suranatele.com", "industry": "Utilities\u2014Independent Power Producers", "sector": "Utilities", "longBusinessSummary": "Surana Telecom and Power Limited engages in the generation and sale of solar and wind energy, and trade of solar modules in India. The company operates a solar power generation plant with an installed capacity of 23 MW; and wind power generation plant with an installed capacity of 1.25 MW. It also manufactures jelly filled cables, solar photovoltaic modules, aluminum and alloy aluminum rods, optical fiber cables, joining kits, and CDMA mobile handsets. The company was formerly known as Surana Telecom Ltd and changed its name to Surana Telecom and Power Limited in October 2007. Surana Telecom and Power Limited was incorporated in 1989 and is based in Secunderabad, India.", "fullTimeEmployees": 25, "companyOfficers": [], "maxAge": 86400}, "netSharePurchaseActivity": {"maxAge": 1, "period": "6m", "buyInfoCount": 0, "buyInfoShares": 0, "sellInfoCount": 0, "netInfoCount": 0, "netInfoShares": 0, "netPercentInsiderShares": 0.0, "totalInsiderShares": 107599208}, "quoteType": {"exchange": "NSI", "quoteType": "EQUITY", "symbol": "SURANAT&P.NS", "underlyingSymbol": "SURANAT&P.NS", "shortName": "SURANA TEL & POWER", "longName": "Surana Telecom and Power Limited", "firstTradeDateEpochUtc": "2002-07-01 09:15:00", "timeZoneFullName": "Asia/Kolkata", "timeZoneShortName": "IST", "uuid": "14958ec2-97db-3754-9f02-2d16f4b1e058", "gmtOffSetMilliseconds": 19800000, "maxAge": 1}, "incomeStatementHistory": {"incomeStatementHistory": [{"maxAge": 1, "endDate": "2018-03-31", "totalRevenue": 333607000, "costOfRevenue": 57704000, "grossProfit": 275903000, "researchDevelopment": {}, "sellingGeneralAdministrative": 11745000, "nonRecurring": {}, "otherOperatingExpenses": 57333000, "totalOperatingExpenses": 263103000, "operatingIncome": 70504000, "totalOtherIncomeExpenseNet": -45691000, "ebit": 70504000, "interestExpense": -69486000, "incomeBeforeTax": 24813000, "incomeTaxExpense": 6045000, "minorityInterest": 93045000, "netIncomeFromContinuingOps": 18768000, "discontinuedOperations": {}, "extraordinaryItems": {}, "effectOfAccountingCharges": {}, "otherItems": {}, "netIncome": 22634000, "netIncomeApplicableToCommonShares": 22634000}, {"maxAge": 1, "endDate": "2017-03-31", "totalRevenue": 330420457, "costOfRevenue": 99348708, "grossProfit": 231071749, "researchDevelopment": {}, "sellingGeneralAdministrative": 9989341, "nonRecurring": {}, "otherOperatingExpenses": 41931919, "totalOperatingExpenses": 254369557, "operatingIncome": 76050900, "totalOtherIncomeExpenseNet": -51507292, "ebit": 76050900, "interestExpense": -61350317, "incomeBeforeTax": 24543608, "incomeTaxExpense": 4695930, "minorityInterest": 35759086, "netIncomeFromContinuingOps": 19847678, "discontinuedOperations": {}, "extraordinaryItems": {}, "effectOfAccountingCharges": {}, "otherItems": {}, "netIncome": 18296730, "netIncomeApplicableToCommonShares": 18296730}, {"maxAge": 1, "endDate": "2016-03-31", "totalRevenue": 254566292, "costOfRevenue": 82791131, "grossProfit": 171775161, "researchDevelopment": {}, "sellingGeneralAdministrative": 11317001, "nonRecurring": {}, "otherOperatingExpenses": 26380551, "totalOperatingExpenses": 199399580, "operatingIncome": 55166712, "totalOtherIncomeExpenseNet": -39317285, "ebit": 55166712, "interestExpense": -43332323, "incomeBeforeTax": 15849427, "incomeTaxExpense": 2936036, "minorityInterest": 29308138, "netIncomeFromContinuingOps": 12913391, "discontinuedOperations": {}, "extraordinaryItems": {}, "effectOfAccountingCharges": {}, "otherItems": {}, "netIncome": 12977724, "netIncomeApplicableToCommonShares": 12977724}, {"maxAge": 1, "endDate": "2015-03-31", "totalRevenue": 179372998, "costOfRevenue": 39224566, "grossProfit": 140148432, "researchDevelopment": {}, "sellingGeneralAdministrative": 5341537, "nonRecurring": {}, "otherOperatingExpenses": 12222336, "totalOperatingExpenses": 135922506, "operatingIncome": 43450492, "totalOtherIncomeExpenseNet": -24678584, "ebit": 43450492, "interestExpense": -34759954, "incomeBeforeTax": 18771908, "incomeTaxExpense": 3455236, "minorityInterest": 21973471, "netIncomeFromContinuingOps": 15316672, "discontinuedOperations": {}, "extraordinaryItems": {}, "effectOfAccountingCharges": {}, "otherItems": {}, "netIncome": 17777904, "netIncomeApplicableToCommonShares": 17777904}], "maxAge": 86400}, "fundOwnership": {"ownershipList": [], "maxAge": 1}, "summaryDetail": {"maxAge": 1, "priceHint": 4, "previousClose": 4.3, "open": 4.15, "dayLow": 4.15, "dayHigh": 4.3, "regularMarketPreviousClose": 4.3, "regularMarketOpen": 4.15, "regularMarketDayLow": 4.15, "regularMarketDayHigh": 4.3, "exDividendDate": "2015-09-23 05:30:00", "payoutRatio": 0.0, "beta": 1.312471, "volume": 44946, "regularMarketVolume": 44946, "averageVolume": 125672, "averageVolume10days": 40930, "averageDailyVolume10Day": 40930, "bid": 0.0, "ask": 0.0, "bidSize": 0, "askSize": 0, "marketCap": 556851136, "fiftyTwoWeekLow": 2.15, "fiftyTwoWeekHigh": 7.6, "priceToSalesTrailing12Months": 1.8893728, "fiftyDayAverage": 4.507576, "twoHundredDayAverage": 4.4460716, "currency": "INR", "fromCurrency": null, "lastMarket": null, "algorithm": null, "tradeable": false}, "incomeStatementHistoryQuarterly": {"incomeStatementHistory": [{"maxAge": 1, "endDate": "2015-09-30", "totalRevenue": 54808000, "costOfRevenue": 17313000, "grossProfit": 37495000, "researchDevelopment": {}, "sellingGeneralAdministrative": 1341000, "nonRecurring": {}, "otherOperatingExpenses": 14291000, "totalOperatingExpenses": 48612000, "operatingIncome": 6196000, "totalOtherIncomeExpenseNet": -3229000, "ebit": 6196000, "interestExpense": -8751000, "incomeBeforeTax": 2967000, "incomeTaxExpense": 750000, "minorityInterest": {}, "netIncomeFromContinuingOps": 2217000, "discontinuedOperations": {}, "extraordinaryItems": {}, "effectOfAccountingCharges": {}, "otherItems": {}, "netIncome": 2217000, "netIncomeApplicableToCommonShares": 2217000}, {"maxAge": 1, "endDate": "2009-03-31", "totalRevenue": 259617095, "costOfRevenue": 125626604, "grossProfit": 133990491, "researchDevelopment": {}, "sellingGeneralAdministrative": 86316696, "nonRecurring": {}, "otherOperatingExpenses": 9489389, "totalOperatingExpenses": 227025788, "operatingIncome": 32591307, "totalOtherIncomeExpenseNet": -29423680, "ebit": 32591307, "interestExpense": -8751000, "incomeBeforeTax": 3167627, "incomeTaxExpense": -1371320, "minorityInterest": {}, "netIncomeFromContinuingOps": 4538947, "discontinuedOperations": {}, "extraordinaryItems": {}, "effectOfAccountingCharges": {}, "otherItems": {}, "netIncome": 4538947, "netIncomeApplicableToCommonShares": 4538947}, {"maxAge": 1, "endDate": "2008-12-31", "totalRevenue": 243024000, "costOfRevenue": 257742000, "grossProfit": -14718000, "researchDevelopment": {}, "sellingGeneralAdministrative": 86316696, "nonRecurring": {}, "otherOperatingExpenses": 9489389, "totalOperatingExpenses": 263887000, "operatingIncome": -20863000, "totalOtherIncomeExpenseNet": 21895000, "ebit": -20863000, "interestExpense": -2320000, "incomeBeforeTax": 1032000, "incomeTaxExpense": 75000, "minorityInterest": {}, "netIncomeFromContinuingOps": 957000, "discontinuedOperations": {}, "extraordinaryItems": {}, "effectOfAccountingCharges": {}, "otherItems": {}, "netIncome": 957000, "netIncomeApplicableToCommonShares": 957000}, {"maxAge": 1, "endDate": "2008-09-30", "totalRevenue": 200528000, "costOfRevenue": 205819000, "grossProfit": -5291000, "researchDevelopment": {}, "sellingGeneralAdministrative": 86316696, "nonRecurring": {}, "otherOperatingExpenses": 9489389, "totalOperatingExpenses": 211128000, "operatingIncome": -10600000, "totalOtherIncomeExpenseNet": 13591000, "ebit": -10600000, "interestExpense": -2915000, "incomeBeforeTax": 2991000, "incomeTaxExpense": 100000, "minorityInterest": {}, "netIncomeFromContinuingOps": 2891000, "discontinuedOperations": {}, "extraordinaryItems": {}, "effectOfAccountingCharges": {}, "otherItems": {}, "netIncome": 2891000, "netIncomeApplicableToCommonShares": 2891000}], "maxAge": 86400}, "cashflowStatementHistoryQuarterly": {"cashflowStatements": [{"maxAge": 1, "endDate": "2015-09-30", "netIncome": 2217000, "changeToLiabilities": 0}, {"maxAge": 1, "endDate": "2009-03-31", "netIncome": 4538947, "changeToLiabilities": 0}, {"maxAge": 1, "endDate": "2008-12-31", "netIncome": 957000, "changeToLiabilities": 0}, {"maxAge": 1, "endDate": "2008-09-30", "netIncome": 2891000, "changeToLiabilities": 0}], "maxAge": 86400}, "insiderHolders": {"holders": [], "maxAge": 1}, "calendarEvents": {"maxAge": 1, "earnings": {"earningsDate": []}, "exDividendDate": "2015-09-23 05:30:00"}, "price": {"maxAge": 1, "regularMarketChangePercent": -0.03488374, "regularMarketChange": -0.1500001, "regularMarketTime": "2021-04-30 15:29:58", "priceHint": 4, "regularMarketPrice": 4.15, "regularMarketDayHigh": 4.3, "regularMarketDayLow": 4.15, "regularMarketVolume": 44946, "averageDailyVolume10Day": 40930, "averageDailyVolume3Month": 125672, "regularMarketPreviousClose": 4.3, "regularMarketSource": "FREE_REALTIME", "regularMarketOpen": 4.15, "exchange": "NSI", "exchangeName": "NSE", "exchangeDataDelayedBy": 15, "marketState": "CLOSED", "quoteType": "EQUITY", "symbol": "SURANAT&P.NS", "underlyingSymbol": null, "shortName": "SURANA TEL & POWER", "longName": "Surana Telecom and Power Limited", "currency": "INR", "quoteSourceName": "Delayed Quote", "currencySymbol": "\u20b9", "fromCurrency": null, "lastMarket": null, "marketCap": 556851136}, "balanceSheetHistory": {"balanceSheetStatements": [{"maxAge": 1, "endDate": "2018-03-31", "cash": 21044000, "netReceivables": 27170000, "inventory": 28025000, "otherCurrentAssets": 11697000, "totalCurrentAssets": 87936000, "longTermInvestments": 247288000, "propertyPlantEquipment": 1190285000, "otherAssets": 87581000, "totalAssets": 1613090000, "accountsPayable": 1584000, "shortLongTermDebt": 548219000, "otherCurrentLiab": 13869000, "longTermDebt": 494610000, "otherLiab": 7084000, "minorityInterest": 93045000, "totalCurrentLiabilities": 69142000, "totalLiab": 570836000, "commonStock": 135759000, "treasuryStock": 813450000, "otherStockholderEquity": 813450000, "totalStockholderEquity": 949209000, "netTangibleAssets": 949209000}, {"maxAge": 1, "endDate": "2017-03-31", "cash": 36391752, "netReceivables": 75056896, "inventory": 100173909, "otherCurrentAssets": 34913443, "totalCurrentAssets": 247153980, "longTermInvestments": 167078588, "propertyPlantEquipment": 2079146449, "intangibleAssets": 34268, "otherAssets": 71640296, "totalAssets": 2565053581, "accountsPayable": 250799029, "shortLongTermDebt": 1257194092, "otherCurrentLiab": 25636017, "longTermDebt": 1134162117, "otherLiab": 2828541, "minorityInterest": 35759086, "totalCurrentLiabilities": 399527021, "totalLiab": 1536517679, "commonStock": 135759963, "retainedEarnings": 684853362, "treasuryStock": 47163491, "otherStockholderEquity": 47163491, "totalStockholderEquity": 867776816, "netTangibleAssets": 867742548}, {"maxAge": 1, "endDate": "2016-03-31", "cash": 27555963, "netReceivables": 60196117, "inventory": 189039106, "otherCurrentAssets": 46911745, "totalCurrentAssets": 323702931, "longTermInvestments": 97301603, "propertyPlantEquipment": 1551844992, "intangibleAssets": 82008, "otherAssets": 36881660, "totalAssets": 2009813194, "accountsPayable": 140437888, "shortLongTermDebt": 1194623651, "otherCurrentLiab": 33696565, "longTermDebt": 1118808097, "otherLiab": 2581781, "minorityInterest": 29308138, "totalCurrentLiabilities": 250010007, "totalLiab": 1371399885, "commonStock": 104022000, "retainedEarnings": 457919680, "treasuryStock": 47163491, "otherStockholderEquity": 47163491, "totalStockholderEquity": 609105171, "netTangibleAssets": 609023163}, {"maxAge": 1, "endDate": "2015-03-31", "cash": 18652322, "netReceivables": 48831389, "inventory": 189302432, "otherCurrentAssets": 742638785, "totalCurrentAssets": 999424928, "longTermInvestments": 101018300, "propertyPlantEquipment": 754490331, "intangibleAssets": 129748, "otherAssets": 44388968, "totalAssets": 1899452275, "accountsPayable": 70069403, "shortLongTermDebt": 1140908963, "otherCurrentLiab": 69082488, "longTermDebt": 1048373623, "otherLiab": 1876253, "minorityInterest": 21973471, "totalCurrentLiabilities": 231712231, "totalLiab": 1281962107, "commonStock": 104022000, "retainedEarnings": 444941955, "treasuryStock": 46552742, "otherStockholderEquity": 46552742, "totalStockholderEquity": 595516697, "netTangibleAssets": 595386949}], "maxAge": 86400}, "financialData": {"maxAge": 86400, "currentPrice": 4.15, "recommendationKey": "none", "totalCash": 12632000, "totalCashPerShare": 0.09, "ebitda": 188399328, "totalDebt": 452092000, "totalRevenue": 294728032, "debtToEquity": 40.541, "revenuePerShare": 1.904, "grossProfits": 275903000, "earningsGrowth": -0.111, "revenueGrowth": 0.59, "grossMargins": 0.90351, "ebitdaMargins": 0.63923, "operatingMargins": 0.20551, "profitMargins": 0.11496, "financialCurrency": "INR"}}}