{"SURATEX.BO": {"cashflowStatementHistory": {"cashflowStatements": [{"maxAge": 1, "endDate": "2020-03-31", "netIncome": 78032000, "depreciation": 4639000, "changeToNetincome": -28066000, "changeToAccountReceivables": -24228000, "changeToLiabilities": -125461000, "changeToInventory": 83157000, "changeToOperatingActivities": -1548000, "totalCashFromOperatingActivities": -13475000, "capitalExpenditures": -226000, "investments": 272560000, "otherCashflowsFromInvestingActivities": 13084000, "totalCashflowsFromInvestingActivities": 293640000, "netBorrowings": -1687000, "otherCashflowsFromFinancingActivities": -133618000, "totalCashFromFinancingActivities": -135305000, "changeInCash": 144860000}, {"maxAge": 1, "endDate": "2019-03-31", "netIncome": 121485000, "depreciation": 3506000, "changeToNetincome": -47648000, "changeToAccountReceivables": -47920000, "changeToLiabilities": 29815000, "changeToInventory": 11969000, "changeToOperatingActivities": -19485000, "totalCashFromOperatingActivities": 51722000, "capitalExpenditures": -1975000, "investments": -235881000, "otherCashflowsFromInvestingActivities": 17456000, "totalCashflowsFromInvestingActivities": -174538000, "netBorrowings": -17233000, "otherCashflowsFromFinancingActivities": 32408000, "totalCashFromFinancingActivities": 15175000, "changeInCash": -107641000}, {"maxAge": 1, "endDate": "2018-03-31", "netIncome": 81855000, "depreciation": 4975000, "changeToNetincome": 20260000, "changeToAccountReceivables": 47642000, "changeToLiabilities": 124686000, "changeToInventory": -10536000, "changeToOperatingActivities": -2875000, "totalCashFromOperatingActivities": 266007000, "capitalExpenditures": -1975000, "investments": -118488000, "otherCashflowsFromInvestingActivities": 3488000, "totalCashflowsFromInvestingActivities": -115000000, "netBorrowings": 12116000, "otherCashflowsFromFinancingActivities": -7345000, "totalCashFromFinancingActivities": 4771000, "changeInCash": 155778000}, {"maxAge": 1, "endDate": "2017-03-31", "netIncome": 166243000, "depreciation": 7893000, "changeToNetincome": -60637000, "changeToAccountReceivables": -74147000, "changeToLiabilities": -15650000, "changeToInventory": -60837000, "changeToOperatingActivities": -2875000, "totalCashFromOperatingActivities": -37135000, "capitalExpenditures": -52000, "investments": 45834000, "otherCashflowsFromInvestingActivities": 3488000, "totalCashflowsFromInvestingActivities": 52228000, "netBorrowings": -6987000, "otherCashflowsFromFinancingActivities": -870000, "totalCashFromFinancingActivities": -7857000, "changeInCash": 7236000}], "maxAge": 86400}, "institutionOwnership": {"maxAge": 1, "ownershipList": []}, "balanceSheetHistoryQuarterly": {"balanceSheetStatements": [{"maxAge": 1, "endDate": "2020-06-30", "totalStockholderEquity": 1248204000, "netTangibleAssets": 1248204000}, {"maxAge": 1, "endDate": "2020-03-31", "cash": 201373000, "shortTermInvestments": 1896000, "netReceivables": 49414000, "inventory": 75226000, "otherCurrentAssets": 187884000, "totalCurrentAssets": 828625000, "longTermInvestments": 64785000, "propertyPlantEquipment": 59857000, "otherAssets": 393777000, "totalAssets": 1347044000, "accountsPayable": 66088000, "otherCurrentLiab": 1878000, "otherLiab": 14082000, "totalCurrentLiabilities": 78033000, "totalLiab": 98840000, "commonStock": 222064000, "retainedEarnings": 1094848000, "treasuryStock": -68708000, "otherStockholderEquity": -68708000, "totalStockholderEquity": 1248204000, "netTangibleAssets": 1248204000}, {"maxAge": 1, "endDate": "2019-12-31", "totalStockholderEquity": 1227811000, "netTangibleAssets": 1227811000}, {"maxAge": 1, "endDate": "2019-09-30", "cash": 209590000, "shortTermInvestments": 446978000, "netReceivables": 40986000, "inventory": 97424000, "otherCurrentAssets": 54955000, "totalCurrentAssets": 849933000, "longTermInvestments": 26414000, "propertyPlantEquipment": 52298000, "otherAssets": 396094000, "deferredLongTermAssetCharges": 1536000, "totalAssets": 1324739000, "accountsPayable": 74890000, "otherCurrentLiab": 16134000, "otherLiab": 4454000, "totalCurrentLiabilities": 92474000, "totalLiab": 96928000, "commonStock": 222064000, "treasuryStock": 1005747000, "otherStockholderEquity": 1005747000, "totalStockholderEquity": 1227811000, "netTangibleAssets": 1227811000}], "maxAge": 86400}, "indexTrend": {"maxAge": 1, "symbol": "SP5", "peRatio": 19.7411, "pegRatio": 1.34172, "estimates": [{"period": "0q", "growth": 0.549}, {"period": "+1q", "growth": 0.431}, {"period": "0y", "growth": 0.305}, {"period": "+1y", "growth": 0.109}, {"period": "+5y", "growth": 0.120859005}, {"period": "-5y"}]}, "insiderTransactions": {"transactions": [{"maxAge": 1, "shares": 80026, "filerUrl": "", "transactionText": "", "filerName": "Vareli Trading Co Ltd", "filerRelation": "Promoter", "moneyText": "", "startDate": "2019-02-27", "ownership": "D"}, {"maxAge": 1, "shares": 80026, "filerUrl": "", "transactionText": "", "filerName": "Shah (Praful A)", "filerRelation": "Promoter", "moneyText": "", "startDate": "2019-02-27", "ownership": "D"}], "maxAge": 1}, "quoteType": {"exchange": "BSE", "quoteType": "EQUITY", "symbol": "SURATEX.BO", "underlyingSymbol": "SURATEX.BO", "shortName": "SURAT TEXTILE MILLS LTD.", "longName": "Surat Textile Mills Limited", "firstTradeDateEpochUtc": "2002-07-01 09:15:00", "timeZoneFullName": "Asia/Kolkata", "timeZoneShortName": "IST", "uuid": "ba2c7c78-4979-33ff-8175-389240656904", "messageBoardId": null, "gmtOffSetMilliseconds": 19800000, "maxAge": 1}, "incomeStatementHistory": {"incomeStatementHistory": [{"maxAge": 1, "endDate": "2020-03-31", "totalRevenue": 1802846000, "costOfRevenue": 1410380000, "grossProfit": 392466000, "researchDevelopment": {}, "sellingGeneralAdministrative": 28144000, "nonRecurring": {}, "otherOperatingExpenses": 286653000, "totalOperatingExpenses": 1733406000, "operatingIncome": 69440000, "totalOtherIncomeExpenseNet": 38431000, "ebit": 69440000, "interestExpense": -3281000, "incomeBeforeTax": 107871000, "incomeTaxExpense": 29839000, "minorityInterest": {}, "netIncomeFromContinuingOps": 78032000, "discontinuedOperations": {}, "extraordinaryItems": {}, "effectOfAccountingCharges": {}, "otherItems": {}, "netIncome": 78032000, "netIncomeApplicableToCommonShares": 78032000}, {"maxAge": 1, "endDate": "2019-03-31", "totalRevenue": 2162810000, "costOfRevenue": 1767071000, "grossProfit": 395739000, "researchDevelopment": {}, "sellingGeneralAdministrative": 29621000, "nonRecurring": {}, "otherOperatingExpenses": 280515000, "totalOperatingExpenses": 2080713000, "operatingIncome": 82097000, "totalOtherIncomeExpenseNet": 25352000, "ebit": 82097000, "interestExpense": -6253000, "incomeBeforeTax": 107449000, "incomeTaxExpense": -14036000, "minorityInterest": {}, "netIncomeFromContinuingOps": 121485000, "discontinuedOperations": {}, "extraordinaryItems": {}, "effectOfAccountingCharges": {}, "otherItems": {}, "netIncome": 121485000, "netIncomeApplicableToCommonShares": 121485000}, {"maxAge": 1, "endDate": "2018-03-31", "totalRevenue": 2005104000, "costOfRevenue": 1564051000, "grossProfit": 441053000, "researchDevelopment": {}, "sellingGeneralAdministrative": 34835000, "nonRecurring": {}, "otherOperatingExpenses": 270884000, "totalOperatingExpenses": 1874745000, "operatingIncome": 130359000, "totalOtherIncomeExpenseNet": 19292000, "ebit": 130359000, "interestExpense": -6150000, "incomeBeforeTax": 149651000, "incomeTaxExpense": 67796000, "minorityInterest": {}, "netIncomeFromContinuingOps": 81855000, "discontinuedOperations": {}, "extraordinaryItems": {}, "effectOfAccountingCharges": {}, "otherItems": {}, "netIncome": 81855000, "netIncomeApplicableToCommonShares": 81855000}, {"maxAge": 1, "endDate": "2017-03-31", "totalRevenue": 1387172000, "costOfRevenue": 879330000, "grossProfit": 507842000, "researchDevelopment": {}, "sellingGeneralAdministrative": 29129000, "nonRecurring": {}, "otherOperatingExpenses": 348891000, "totalOperatingExpenses": 1265243000, "operatingIncome": 121929000, "totalOtherIncomeExpenseNet": 22590000, "ebit": 121929000, "interestExpense": -2960000, "incomeBeforeTax": 144519000, "incomeTaxExpense": -21724000, "minorityInterest": {}, "netIncomeFromContinuingOps": 166243000, "discontinuedOperations": {}, "extraordinaryItems": {}, "effectOfAccountingCharges": {}, "otherItems": {}, "netIncome": 166243000, "netIncomeApplicableToCommonShares": 166243000}], "maxAge": 86400}, "fundOwnership": {"maxAge": 1, "ownershipList": []}, "summaryDetail": {"maxAge": 1, "priceHint": 4, "previousClose": 3.4, "open": 3.4, "dayLow": 3.3, "dayHigh": 3.7, "regularMarketPreviousClose": 3.4, "regularMarketOpen": 3.4, "regularMarketDayLow": 3.3, "regularMarketDayHigh": 3.7, "trailingPE": 11.234177, "volume": 175986, "regularMarketVolume": 175986, "averageVolume": 481609, "averageVolume10days": 286861, "averageDailyVolume10Day": 286861, "bid": 3.55, "ask": 3.59, "bidSize": 0, "askSize": 0, "marketCap": 788327168, "fiftyTwoWeekLow": 0.86, "fiftyTwoWeekHigh": 4.96, "fiftyDayAverage": 4.0064707, "twoHundredDayAverage": 2.9316912, "currency": "INR", "fromCurrency": null, "toCurrency": null, "lastMarket": null, "algorithm": null, "tradeable": false}, "incomeStatementHistoryQuarterly": {"incomeStatementHistory": [{"maxAge": 1, "endDate": "2020-06-30", "totalRevenue": 75091000, "costOfRevenue": 51209000, "grossProfit": 23882000, "researchDevelopment": {}, "sellingGeneralAdministrative": 4817000, "nonRecurring": {}, "otherOperatingExpenses": 25457000, "totalOperatingExpenses": 82451000, "operatingIncome": -7360000, "totalOtherIncomeExpenseNet": 15574000, "ebit": -7360000, "interestExpense": -250000, "incomeBeforeTax": 8214000, "incomeTaxExpense": 3415000, "minorityInterest": {}, "netIncomeFromContinuingOps": 4799000, "discontinuedOperations": {}, "extraordinaryItems": {}, "effectOfAccountingCharges": {}, "otherItems": {}, "netIncome": 4799000, "netIncomeApplicableToCommonShares": 4799000}, {"maxAge": 1, "endDate": "2020-03-31", "totalRevenue": 431526000, "costOfRevenue": 346933000, "grossProfit": 84593000, "researchDevelopment": {}, "sellingGeneralAdministrative": 11954000, "nonRecurring": {}, "otherOperatingExpenses": 62055000, "totalOperatingExpenses": 427210000, "operatingIncome": 4316000, "totalOtherIncomeExpenseNet": 9086000, "ebit": 4316000, "interestExpense": -250000, "incomeBeforeTax": 13402000, "incomeTaxExpense": 3860000, "minorityInterest": {}, "netIncomeFromContinuingOps": 9542000, "discontinuedOperations": {}, "extraordinaryItems": {}, "effectOfAccountingCharges": {}, "otherItems": {}, "netIncome": 9542000, "netIncomeApplicableToCommonShares": 9542000}, {"maxAge": 1, "endDate": "2019-12-31", "totalRevenue": 469955000, "costOfRevenue": 357292000, "grossProfit": 112663000, "researchDevelopment": {}, "sellingGeneralAdministrative": 5576000, "nonRecurring": {}, "otherOperatingExpenses": 80563000, "totalOperatingExpenses": 443838000, "operatingIncome": 26117000, "totalOtherIncomeExpenseNet": 12192000, "ebit": 26117000, "interestExpense": -1028000, "incomeBeforeTax": 38309000, "incomeTaxExpense": 8290000, "minorityInterest": {}, "netIncomeFromContinuingOps": 30019000, "discontinuedOperations": {}, "extraordinaryItems": {}, "effectOfAccountingCharges": {}, "otherItems": {}, "netIncome": 30019000, "netIncomeApplicableToCommonShares": 30019000}, {"maxAge": 1, "endDate": "2019-09-30", "totalRevenue": 527890000, "costOfRevenue": 409307000, "grossProfit": 118583000, "researchDevelopment": {}, "sellingGeneralAdministrative": 6008000, "nonRecurring": {}, "otherOperatingExpenses": 85455000, "totalOperatingExpenses": 501545000, "operatingIncome": 26345000, "totalOtherIncomeExpenseNet": 11832000, "ebit": 26345000, "interestExpense": -1043000, "incomeBeforeTax": 38177000, "incomeTaxExpense": 10510000, "minorityInterest": {}, "netIncomeFromContinuingOps": 27667000, "discontinuedOperations": {}, "extraordinaryItems": {}, "effectOfAccountingCharges": {}, "otherItems": {}, "netIncome": 27667000, "netIncomeApplicableToCommonShares": 27667000}], "maxAge": 86400}, "cashflowStatementHistoryQuarterly": {"cashflowStatements": [{"maxAge": 1, "endDate": "2020-06-30", "netIncome": 4799000, "changeToLiabilities": 0}, {"maxAge": 1, "endDate": "2020-03-31", "netIncome": 9542000, "changeToLiabilities": 0}, {"maxAge": 1, "endDate": "2019-12-31", "netIncome": 30019000, "changeToLiabilities": 0}, {"maxAge": 1, "endDate": "2019-09-30", "netIncome": 27667000, "changeToLiabilities": 0}], "maxAge": 86400}, "insiderHolders": {"holders": [{"maxAge": 1, "name": "Shah (Praful A)", "relation": "Promoter", "url": "", "transactionDescription": "Other", "latestTransDate": "2019-02-27", "positionDirect": 27830471, "positionDirectDate": "2019-02-27"}, {"maxAge": 1, "name": "Vareli Trading Co Ltd", "relation": "Promoter", "url": "", "transactionDescription": "Other", "latestTransDate": "2019-02-27", "positionDirect": 77580026, "positionDirectDate": "2019-02-27"}], "maxAge": 1}, "calendarEvents": {"maxAge": 1, "earnings": {"earningsDate": ["2020-09-15 05:30:S"]}}, "price": {"maxAge": 1, "regularMarketChangePercent": 0.044117603, "regularMarketChange": 0.14999986, "regularMarketTime": "2021-04-30 15:49:35", "priceHint": 4, "regularMarketPrice": 3.55, "regularMarketDayHigh": 3.7, "regularMarketDayLow": 3.3, "regularMarketVolume": 175986, "averageDailyVolume10Day": 286861, "averageDailyVolume3Month": 481609, "regularMarketPreviousClose": 3.4, "regularMarketSource": "FREE_REALTIME", "regularMarketOpen": 3.4, "exchange": "BSE", "exchangeName": "BSE", "exchangeDataDelayedBy": 0, "marketState": "CLOSED", "quoteType": "EQUITY", "symbol": "SURATEX.BO", "underlyingSymbol": null, "shortName": "SURAT TEXTILE MILLS LTD.", "longName": "Surat Textile Mills Limited", "currency": "INR", "quoteSourceName": "Delayed Quote", "currencySymbol": "\u20b9", "fromCurrency": null, "toCurrency": null, "lastMarket": null, "marketCap": 788327168}, "balanceSheetHistory": {"balanceSheetStatements": [{"maxAge": 1, "endDate": "2020-03-31", "cash": 201373000, "shortTermInvestments": 1896000, "netReceivables": 49414000, "inventory": 75226000, "otherCurrentAssets": 187884000, "totalCurrentAssets": 828625000, "longTermInvestments": 64785000, "propertyPlantEquipment": 59857000, "otherAssets": 393777000, "totalAssets": 1347044000, "accountsPayable": 66088000, "otherCurrentLiab": 1878000, "otherLiab": 14082000, "totalCurrentLiabilities": 78033000, "totalLiab": 98840000, "commonStock": 222064000, "retainedEarnings": 1094848000, "treasuryStock": -68708000, "otherStockholderEquity": -68708000, "totalStockholderEquity": 1248204000, "netTangibleAssets": 1248204000}, {"maxAge": 1, "endDate": "2019-03-31", "cash": 56513000, "shortTermInvestments": 239000, "netReceivables": 56579000, "inventory": 158382000, "otherCurrentAssets": 33246000, "totalCurrentAssets": 912965000, "longTermInvestments": 48634000, "propertyPlantEquipment": 53788000, "otherAssets": 402825000, "deferredLongTermAssetCharges": 8267000, "totalAssets": 1418212000, "accountsPayable": 191803000, "otherCurrentLiab": 2127000, "otherLiab": 4032000, "totalCurrentLiabilities": 205093000, "totalLiab": 209125000, "commonStock": 222064000, "retainedEarnings": 1016816000, "treasuryStock": -29793000, "otherStockholderEquity": -29793000, "totalStockholderEquity": 1209087000, "netTangibleAssets": 1209087000}, {"maxAge": 1, "endDate": "2018-03-31", "cash": 164154000, "shortTermInvestments": 503000, "netReceivables": 24135000, "inventory": 170351000, "otherCurrentAssets": 99904000, "totalCurrentAssets": 817428000, "longTermInvestments": 87263000, "propertyPlantEquipment": 64055000, "otherAssets": 434125000, "deferredLongTermAssetCharges": 39754000, "totalAssets": 1402871000, "accountsPayable": 162599000, "shortLongTermDebt": 2159000, "otherCurrentLiab": 76294000, "otherLiab": 8801000, "totalCurrentLiabilities": 273428000, "totalLiab": 282229000, "commonStock": 222064000, "retainedEarnings": 895331000, "treasuryStock": 3247000, "otherStockholderEquity": 3247000, "totalStockholderEquity": 1120642000, "netTangibleAssets": 1120642000}, {"maxAge": 1, "endDate": "2017-03-31", "cash": 8924000, "shortTermInvestments": 210186000, "netReceivables": 136402000, "inventory": 448885000, "otherCurrentAssets": 23256000, "totalCurrentAssets": 827653000, "longTermInvestments": 82473000, "propertyPlantEquipment": 168416000, "otherAssets": 100146000, "deferredLongTermAssetCharges": 86238000, "totalAssets": 1178688000, "accountsPayable": 29757000, "shortLongTermDebt": 2958000, "otherCurrentLiab": 88465000, "longTermDebt": 2159000, "otherLiab": 18557000, "totalCurrentLiabilities": 124573000, "totalLiab": 145289000, "commonStock": 222064000, "retainedEarnings": 811335000, "totalStockholderEquity": 1033399000, "netTangibleAssets": 1033399000}], "maxAge": 86400}, "financialData": {"maxAge": 86400, "currentPrice": 3.55, "recommendationKey": "none", "grossProfits": 392466000, "financialCurrency": "INR"}}}