{"SURYALA.BO": {"recommendationTrend": {"trend": [{"period": "0m", "strongBuy": 0, "buy": 0, "hold": 0, "sell": 0, "strongSell": 0}, {"period": "-1m", "strongBuy": 0, "buy": 0, "hold": 0, "sell": 0, "strongSell": 0}, {"period": "-2m", "strongBuy": 0, "buy": 0, "hold": 0, "sell": 0, "strongSell": 0}, {"period": "-3m", "strongBuy": 0, "buy": 0, "hold": 0, "sell": 0, "strongSell": 0}], "maxAge": 86400}, "cashflowStatementHistory": {"cashflowStatements": [{"maxAge": 1, "endDate": "2020-03-31", "netIncome": 141063000, "depreciation": 110292000, "changeToNetincome": 111413000, "changeToAccountReceivables": 95109000, "changeToLiabilities": 0, "changeToInventory": -6533000, "changeToOperatingActivities": -50232000, "totalCashFromOperatingActivities": 401396000, "capitalExpenditures": -41827000, "otherCashflowsFromInvestingActivities": 8666000, "totalCashflowsFromInvestingActivities": -30626000, "dividendsPaid": -2276000, "netBorrowings": -263521000, "otherCashflowsFromFinancingActivities": -103467000, "totalCashFromFinancingActivities": -369264000, "changeInCash": 1506000}, {"maxAge": 1, "endDate": "2019-03-31", "netIncome": 142280000, "depreciation": 83687000, "changeToNetincome": 102795000, "changeToAccountReceivables": -76479000, "changeToLiabilities": 0, "changeToInventory": -61732000, "changeToOperatingActivities": 19877000, "totalCashFromOperatingActivities": 210712000, "capitalExpenditures": -708367000, "otherCashflowsFromInvestingActivities": 9299000, "totalCashflowsFromInvestingActivities": -696013000, "dividendsPaid": -1897000, "netBorrowings": 561322000, "otherCashflowsFromFinancingActivities": -74423000, "totalCashFromFinancingActivities": 485002000, "changeInCash": -299000}, {"maxAge": 1, "endDate": "2018-03-31", "netIncome": 78870000, "depreciation": 76204000, "changeToNetincome": 58329000, "changeToAccountReceivables": 38064000, "changeToLiabilities": 0, "changeToInventory": 29351000, "changeToOperatingActivities": -20037000, "totalCashFromOperatingActivities": 261051000, "capitalExpenditures": -118123000, "otherCashflowsFromInvestingActivities": 48457000, "totalCashflowsFromInvestingActivities": -64110000, "dividendsPaid": -1897000, "netBorrowings": -129164000, "otherCashflowsFromFinancingActivities": -68445000, "totalCashFromFinancingActivities": -199506000, "changeInCash": -2565000}, {"maxAge": 1, "endDate": "2017-03-31", "netIncome": 88265000, "depreciation": 80761000, "changeToNetincome": 86306000, "changeToAccountReceivables": -23677000, "changeToLiabilities": 0, "changeToInventory": -31752000, "changeToOperatingActivities": 17310000, "totalCashFromOperatingActivities": 217384000, "capitalExpenditures": -85704000, "otherCashflowsFromInvestingActivities": 5079000, "totalCashflowsFromInvestingActivities": -80115000, "dividendsPaid": -2530000, "netBorrowings": -58019000, "otherCashflowsFromFinancingActivities": -73932000, "totalCashFromFinancingActivities": -134481000, "changeInCash": 2787000}], "maxAge": 86400}, "institutionOwnership": {"ownershipList": [], "maxAge": 1}, "balanceSheetHistoryQuarterly": {"balanceSheetStatements": [{"maxAge": 1, "endDate": "2020-06-30", "totalStockholderEquity": 1290199000, "netTangibleAssets": 1289789000}, {"maxAge": 1, "endDate": "2020-03-31", "cash": 4141000, "shortTermInvestments": 16586000, "netReceivables": 342390000, "inventory": 253562000, "otherCurrentAssets": 29173000, "totalCurrentAssets": 649288000, "longTermInvestments": 3984000, "propertyPlantEquipment": 1964933000, "intangibleAssets": 410000, "otherAssets": 92048000, "totalAssets": 2710663000, "accountsPayable": 29144000, "shortLongTermDebt": 111001000, "otherCurrentLiab": 65938000, "longTermDebt": 680445000, "otherLiab": 264238000, "totalCurrentLiabilities": 467592000, "totalLiab": 1417537000, "commonStock": 42670000, "retainedEarnings": 955000000, "treasuryStock": 163709000, "capitalSurplus": 128820000, "otherStockholderEquity": 163709000, "totalStockholderEquity": 1290199000, "netTangibleAssets": 1289789000}, {"maxAge": 1, "endDate": "2019-12-31", "totalStockholderEquity": 1196500000, "netTangibleAssets": 1196000000}, {"maxAge": 1, "endDate": "2019-09-30", "cash": 3900000, "shortTermInvestments": 19400000, "netReceivables": 310600000, "inventory": 205200000, "otherCurrentAssets": 136300000, "totalCurrentAssets": 675400000, "longTermInvestments": 91200000, "propertyPlantEquipment": 1993200000, "intangibleAssets": 500000, "otherAssets": 200000, "totalAssets": 2760500000, "accountsPayable": 29100000, "otherCurrentLiab": 195500000, "longTermDebt": 795900000, "otherLiab": 254800000, "totalCurrentLiabilities": 513300000, "totalLiab": 1564000000, "commonStock": 42700000, "treasuryStock": 1153800000, "otherStockholderEquity": 1153800000, "totalStockholderEquity": 1196500000, "netTangibleAssets": 1196000000}], "maxAge": 86400}, "earningsHistory": {"history": [{"maxAge": 1, "epsActual": {}, "epsEstimate": {}, "epsDifference": {}, "surprisePercent": {}, "quarter": {}, "period": "-4q"}, {"maxAge": 1, "epsActual": {}, "epsEstimate": {}, "epsDifference": {}, "surprisePercent": {}, "quarter": {}, "period": "-3q"}, {"maxAge": 1, "epsActual": {}, "epsEstimate": {}, "epsDifference": {}, "surprisePercent": {}, "quarter": {}, "period": "-2q"}, {"maxAge": 1, "epsActual": {}, "epsEstimate": {}, "epsDifference": {}, "surprisePercent": {}, "quarter": {}, "period": "-1q"}], "maxAge": 86400}, "indexTrend": {"maxAge": 1, "symbol": "SP5", "peRatio": 19.7411, "pegRatio": 1.34172, "estimates": [{"period": "0q", "growth": 0.549}, {"period": "+1q", "growth": 0.431}, {"period": "0y", "growth": 0.305}, {"period": "+1y", "growth": 0.109}, {"period": "+5y", "growth": 0.120859005}, {"period": "-5y"}]}, "industryTrend": {"maxAge": 1, "symbol": null, "estimates": []}, "insiderTransactions": {"transactions": [{"maxAge": 1, "shares": 240000, "filerUrl": "", "transactionText": "", "filerName": "Agarwal (Mahender Kumar)", "filerRelation": "Joint Managing director", "moneyText": "", "startDate": "2015-10-26", "ownership": "D"}, {"maxAge": 1, "shares": 240000, "filerUrl": "", "transactionText": "", "filerName": "Agarwal (Vithaldas)", "filerRelation": "Managing Director", "moneyText": "", "startDate": "2015-10-26", "ownership": "D"}, {"maxAge": 1, "shares": 160000, "filerUrl": "", "transactionText": "", "filerName": "Agarwal (Madhavi)", "filerRelation": "Director (Executive)", "moneyText": "", "startDate": "2015-03-25", "ownership": "D"}, {"maxAge": 1, "shares": 160000, "filerUrl": "", "transactionText": "", "filerName": "Agarwal (Mahender Kumar)", "filerRelation": "Joint Managing director", "moneyText": "", "startDate": "2015-03-25", "ownership": "D"}, {"maxAge": 1, "shares": 240000, "filerUrl": "", "transactionText": "", "filerName": "Agarwal (Vithaldas)", "filerRelation": "Managing Director", "moneyText": "", "startDate": "2015-03-25", "ownership": "D"}, {"maxAge": 1, "shares": 130000, "filerUrl": "", "transactionText": "", "filerName": "Agarwal (Mahender Kumar)", "filerRelation": "Joint Managing director", "moneyText": "", "startDate": "2012-02-15", "ownership": "D"}, {"maxAge": 1, "shares": 160000, "filerUrl": "", "transactionText": "", "filerName": "Agarwal (Vithaldas)", "filerRelation": "Managing Director", "moneyText": "", "startDate": "2012-02-15", "ownership": "D"}, {"maxAge": 1, "shares": 60000, "filerUrl": "", "transactionText": "", "filerName": "Agarwal (Yash)", "filerRelation": "Director (Executive)", "moneyText": "", "startDate": "2012-02-13", "ownership": "D"}], "maxAge": 1}, "quoteType": {"exchange": "BSE", "quoteType": "EQUITY", "symbol": "SURYALA.BO", "underlyingSymbol": "SURYALA.BO", "shortName": "SURYALATA SPINNING MILLS LTD.", "longName": "Suryalata Spinning Mills Limited", "firstTradeDateEpochUtc": "2002-07-01 09:15:00", "timeZoneFullName": "Asia/Kolkata", "timeZoneShortName": "IST", "uuid": "1ab6142d-d559-38e4-ad69-e1be0f575a67", "gmtOffSetMilliseconds": 19800000, "maxAge": 1}, "incomeStatementHistory": {"incomeStatementHistory": [{"maxAge": 1, "endDate": "2020-03-31", "totalRevenue": 3701465000, "costOfRevenue": 2314662000, "grossProfit": 1386803000, "researchDevelopment": {}, "sellingGeneralAdministrative": 292889000, "nonRecurring": {}, "otherOperatingExpenses": 680551000, "totalOperatingExpenses": 3398678000, "operatingIncome": 302787000, "totalOtherIncomeExpenseNet": -103724000, "ebit": 302787000, "interestExpense": -109145000, "incomeBeforeTax": 199063000, "incomeTaxExpense": 58000000, "minorityInterest": {}, "netIncomeFromContinuingOps": 141063000, "discontinuedOperations": {}, "extraordinaryItems": {}, "effectOfAccountingCharges": {}, "otherItems": {}, "netIncome": 141063000, "netIncomeApplicableToCommonShares": 141063000}, {"maxAge": 1, "endDate": "2019-03-31", "totalRevenue": 3898700000, "costOfRevenue": 2642190000, "grossProfit": 1256510000, "researchDevelopment": {}, "sellingGeneralAdministrative": 254478000, "nonRecurring": {}, "otherOperatingExpenses": 591091000, "totalOperatingExpenses": 3571730000, "operatingIncome": 326970000, "totalOtherIncomeExpenseNet": -94760000, "ebit": 326970000, "interestExpense": -80644000, "incomeBeforeTax": 232210000, "incomeTaxExpense": 89930000, "minorityInterest": {}, "netIncomeFromContinuingOps": 142280000, "discontinuedOperations": {}, "extraordinaryItems": {}, "effectOfAccountingCharges": {}, "otherItems": {}, "netIncome": 142280000, "netIncomeApplicableToCommonShares": 142280000}, {"maxAge": 1, "endDate": "2018-03-31", "totalRevenue": 3334946000, "costOfRevenue": 2268873000, "grossProfit": 1066073000, "researchDevelopment": {}, "sellingGeneralAdministrative": 237228000, "nonRecurring": {}, "otherOperatingExpenses": 562789000, "totalOperatingExpenses": 3145363000, "operatingIncome": 189583000, "totalOtherIncomeExpenseNet": -65571000, "ebit": 189583000, "interestExpense": -67384000, "incomeBeforeTax": 124012000, "incomeTaxExpense": 45142000, "minorityInterest": {}, "netIncomeFromContinuingOps": 78870000, "discontinuedOperations": {}, "extraordinaryItems": {}, "effectOfAccountingCharges": {}, "otherItems": {}, "netIncome": 78870000, "netIncomeApplicableToCommonShares": 78870000}, {"maxAge": 1, "endDate": "2017-03-31", "totalRevenue": 3465263000, "costOfRevenue": 2373959000, "grossProfit": 1091304000, "researchDevelopment": {}, "sellingGeneralAdministrative": 234016000, "nonRecurring": {}, "otherOperatingExpenses": 606952000, "totalOperatingExpenses": 3295859000, "operatingIncome": 169404000, "totalOtherIncomeExpenseNet": -32455000, "ebit": 169404000, "interestExpense": -74599000, "incomeBeforeTax": 136949000, "incomeTaxExpense": 48684000, "minorityInterest": {}, "netIncomeFromContinuingOps": 88265000, "discontinuedOperations": {}, "extraordinaryItems": {}, "effectOfAccountingCharges": {}, "otherItems": {}, "netIncome": 88265000, "netIncomeApplicableToCommonShares": 88265000}], "maxAge": 86400}, "fundOwnership": {"ownershipList": [], "maxAge": 1}, "summaryDetail": {"maxAge": 1, "priceHint": 2, "previousClose": 128.25, "open": 134.4, "dayLow": 126.0, "dayHigh": 134.4, "regularMarketPreviousClose": 128.25, "regularMarketOpen": 134.4, "regularMarketDayLow": 126.0, "regularMarketDayHigh": 134.4, "trailingPE": 4.757949, "forwardPE": 3.9486055, "volume": 101, "regularMarketVolume": 101, "averageVolume": 2751, "averageVolume10days": 1195, "averageDailyVolume10Day": 1195, "bid": 126.0, "ask": 133.85, "bidSize": 0, "askSize": 0, "marketCap": 537641984, "fiftyTwoWeekLow": 70.1, "fiftyTwoWeekHigh": 11970.0, "fiftyDayAverage": 108.59242, "twoHundredDayAverage": 89.211395, "trailingAnnualDividendRate": 1.0, "trailingAnnualDividendYield": 0.007797271, "currency": "INR", "fromCurrency": null, "lastMarket": null, "algorithm": null, "tradeable": false}, "sectorTrend": {"maxAge": 1, "symbol": null, "estimates": []}, "incomeStatementHistoryQuarterly": {"incomeStatementHistory": [{"maxAge": 1, "endDate": "2020-06-30", "totalRevenue": 175500000, "costOfRevenue": 20800000, "grossProfit": 154700000, "researchDevelopment": {}, "sellingGeneralAdministrative": 44900000, "nonRecurring": {}, "otherOperatingExpenses": 87600000, "totalOperatingExpenses": 180600000, "operatingIncome": -5100000, "totalOtherIncomeExpenseNet": -23400000, "ebit": -5100000, "interestExpense": -26000000, "incomeBeforeTax": -28500000, "incomeTaxExpense": -7400000, "minorityInterest": {}, "netIncomeFromContinuingOps": -21100000, "discontinuedOperations": {}, "extraordinaryItems": {}, "effectOfAccountingCharges": {}, "otherItems": {}, "netIncome": -21100000, "netIncomeApplicableToCommonShares": -21100000}, {"maxAge": 1, "endDate": "2020-03-31", "totalRevenue": 828165000, "costOfRevenue": 544562000, "grossProfit": 283603000, "researchDevelopment": {}, "sellingGeneralAdministrative": 77589000, "nonRecurring": {}, "otherOperatingExpenses": 101751000, "totalOperatingExpenses": 751378000, "operatingIncome": 76787000, "totalOtherIncomeExpenseNet": -13824000, "ebit": 76787000, "interestExpense": -19245000, "incomeBeforeTax": 62963000, "incomeTaxExpense": 9600000, "minorityInterest": {}, "netIncomeFromContinuingOps": 53363000, "discontinuedOperations": {}, "extraordinaryItems": {}, "effectOfAccountingCharges": {}, "otherItems": {}, "netIncome": 53363000, "netIncomeApplicableToCommonShares": 53363000}, {"maxAge": 1, "endDate": "2019-12-31", "totalRevenue": 944400000, "costOfRevenue": 558600000, "grossProfit": 385800000, "researchDevelopment": {}, "sellingGeneralAdministrative": 77600000, "nonRecurring": {}, "otherOperatingExpenses": 180600000, "totalOperatingExpenses": 844600000, "operatingIncome": 99800000, "totalOtherIncomeExpenseNet": -29700000, "ebit": 99800000, "interestExpense": -29700000, "incomeBeforeTax": 70100000, "incomeTaxExpense": 25400000, "minorityInterest": {}, "netIncomeFromContinuingOps": 44700000, "discontinuedOperations": {}, "extraordinaryItems": {}, "effectOfAccountingCharges": {}, "otherItems": {}, "netIncome": 44700000, "netIncomeApplicableToCommonShares": 44700000}, {"maxAge": 1, "endDate": "2019-09-30", "totalRevenue": 946000000, "costOfRevenue": 561900000, "grossProfit": 384100000, "researchDevelopment": {}, "sellingGeneralAdministrative": 73900000, "nonRecurring": {}, "otherOperatingExpenses": 196200000, "totalOperatingExpenses": 859800000, "operatingIncome": 86200000, "totalOtherIncomeExpenseNet": -31000000, "ebit": 86200000, "interestExpense": -31000000, "incomeBeforeTax": 55200000, "incomeTaxExpense": 19300000, "minorityInterest": {}, "netIncomeFromContinuingOps": 35900000, "discontinuedOperations": {}, "extraordinaryItems": {}, "effectOfAccountingCharges": {}, "otherItems": {}, "netIncome": 35900000, "netIncomeApplicableToCommonShares": 35900000}], "maxAge": 86400}, "cashflowStatementHistoryQuarterly": {"cashflowStatements": [{"maxAge": 1, "endDate": "2020-06-30", "netIncome": -21100000, "changeToLiabilities": 0}, {"maxAge": 1, "endDate": "2020-03-31", "netIncome": 53363000, "changeToLiabilities": 0}, {"maxAge": 1, "endDate": "2019-12-31", "netIncome": 44700000, "changeToLiabilities": 0}, {"maxAge": 1, "endDate": "2019-09-30", "netIncome": 35900000, "changeToLiabilities": 0}], "maxAge": 86400}, "insiderHolders": {"holders": [{"maxAge": 1, "name": "Agarwal (Madhavi)", "relation": "Director (Executive)", "url": "", "transactionDescription": "Acquisition", "latestTransDate": "2015-03-25", "positionDirect": 664161, "positionDirectDate": "2015-03-25"}, {"maxAge": 1, "name": "Agarwal (Mahender Kumar)", "relation": "Joint Managing director", "url": "", "transactionDescription": "Purchase", "latestTransDate": "2015-10-26", "positionDirect": 1247133, "positionDirectDate": "2015-10-26"}, {"maxAge": 1, "name": "Agarwal (Vithaldas)", "relation": "Managing Director", "url": "", "transactionDescription": "Sale", "latestTransDate": "2015-10-26", "positionDirect": 818844, "positionDirectDate": "2015-10-26"}, {"maxAge": 1, "name": "Agarwal (Yash)", "relation": "Director (Executive)", "url": "", "transactionDescription": "Acquisition", "latestTransDate": "2012-02-13", "positionDirect": 81130, "positionDirectDate": "2012-02-13"}], "maxAge": 1}, "earnings": {"maxAge": 86400, "earningsChart": {"quarterly": [], "earningsDate": ["2020-09-12 05:30:S"]}, "financialsChart": {"yearly": [{"date": 2017, "revenue": 3465263000, "earnings": 88265000}, {"date": 2018, "revenue": 3334946000, "earnings": 78870000}, {"date": 2019, "revenue": 3898700000, "earnings": 142280000}, {"date": 2020, "revenue": 3701465000, "earnings": 141063000}], "quarterly": [{"date": "3Q2019", "revenue": 946000000, "earnings": 35900000}, {"date": "4Q2019", "revenue": 944400000, "earnings": 44700000}, {"date": "1Q2020", "revenue": 828165000, "earnings": 53363000}, {"date": "2Q2020", "revenue": 175500000, "earnings": -21100000}]}, "financialCurrency": "INR"}, "calendarEvents": {"maxAge": 1, "earnings": {"earningsDate": ["2020-09-12 05:30:S"]}}, "upgradeDowngradeHistory": {"history": [], "maxAge": 86400}, "price": {"maxAge": 1, "regularMarketChangePercent": -0.01754386, "regularMarketChange": -2.25, "regularMarketTime": "2021-04-30 15:17:37", "priceHint": 2, "regularMarketPrice": 126.0, "regularMarketDayHigh": 134.4, "regularMarketDayLow": 126.0, "regularMarketVolume": 101, "averageDailyVolume10Day": 1195, "averageDailyVolume3Month": 2751, "regularMarketPreviousClose": 128.25, "regularMarketSource": "FREE_REALTIME", "regularMarketOpen": 134.4, "exchange": "BSE", "exchangeName": "BSE", "exchangeDataDelayedBy": 0, "marketState": "CLOSED", "quoteType": "EQUITY", "symbol": "SURYALA.BO", "underlyingSymbol": null, "shortName": "SURYALATA SPINNING MILLS LTD.", "longName": "Suryalata Spinning Mills Limited", "currency": "INR", "quoteSourceName": "Delayed Quote", "currencySymbol": "\u20b9", "fromCurrency": null, "lastMarket": null, "marketCap": 537641984}, "balanceSheetHistory": {"balanceSheetStatements": [{"maxAge": 1, "endDate": "2020-03-31", "cash": 4141000, "shortTermInvestments": 16586000, "netReceivables": 342390000, "inventory": 253562000, "otherCurrentAssets": 29173000, "totalCurrentAssets": 649288000, "longTermInvestments": 3984000, "propertyPlantEquipment": 1964933000, "intangibleAssets": 410000, "otherAssets": 92048000, "totalAssets": 2710663000, "accountsPayable": 29144000, "shortLongTermDebt": 111001000, "otherCurrentLiab": 65938000, "longTermDebt": 680445000, "otherLiab": 264238000, "totalCurrentLiabilities": 467592000, "totalLiab": 1417537000, "commonStock": 42670000, "retainedEarnings": 955000000, "treasuryStock": 163709000, "capitalSurplus": 128820000, "otherStockholderEquity": 163709000, "totalStockholderEquity": 1290199000, "netTangibleAssets": 1289789000}, {"maxAge": 1, "endDate": "2019-03-31", "cash": 2635000, "shortTermInvestments": 15009000, "netReceivables": 454895000, "inventory": 247029000, "otherCurrentAssets": 15106000, "totalCurrentAssets": 737416000, "longTermInvestments": 3982000, "propertyPlantEquipment": 2035036000, "intangibleAssets": 694000, "otherAssets": 90151000, "totalAssets": 2867279000, "accountsPayable": 31682000, "shortLongTermDebt": 72866000, "otherCurrentLiab": 132911000, "longTermDebt": 783901000, "otherLiab": 245095000, "totalCurrentLiabilities": 676962000, "totalLiab": 1713757000, "commonStock": 42670000, "retainedEarnings": 816680000, "treasuryStock": 162425000, "capitalSurplus": 128820000, "otherStockholderEquity": 162425000, "totalStockholderEquity": 1150595000, "netTangibleAssets": 1149901000}, {"maxAge": 1, "endDate": "2018-03-31", "cash": 2934000, "shortTermInvestments": 26000, "netReceivables": 404438000, "inventory": 185297000, "otherCurrentAssets": 16928000, "totalCurrentAssets": 611989000, "longTermInvestments": 3285000, "propertyPlantEquipment": 1412998000, "intangibleAssets": 978000, "otherAssets": 77925000, "totalAssets": 2103890000, "accountsPayable": 40354000, "shortLongTermDebt": 111794000, "otherCurrentLiab": 102834000, "longTermDebt": 196966000, "otherLiab": 212343000, "totalCurrentLiabilities": 680806000, "totalLiab": 1091977000, "commonStock": 42670000, "retainedEarnings": 681187000, "treasuryStock": 159236000, "capitalSurplus": 128820000, "otherStockholderEquity": 159236000, "totalStockholderEquity": 1011913000, "netTangibleAssets": 1010935000}, {"maxAge": 1, "endDate": "2017-03-31", "cash": 5499000, "shortTermInvestments": 38000, "netReceivables": 413136000, "inventory": 214036000, "otherCurrentAssets": 80566000, "totalCurrentAssets": 715713000, "longTermInvestments": 3285000, "propertyPlantEquipment": 1378425000, "intangibleAssets": 850000, "otherAssets": 75260000, "totalAssets": 2173533000, "accountsPayable": 32784000, "shortLongTermDebt": 161029000, "otherCurrentLiab": 128402000, "longTermDebt": 310313000, "otherLiab": 170411000, "totalCurrentLiabilities": 754854000, "totalLiab": 1238201000, "commonStock": 42670000, "retainedEarnings": 604606000, "treasuryStock": 159236000, "capitalSurplus": 128820000, "otherStockholderEquity": 159236000, "totalStockholderEquity": 935332000, "netTangibleAssets": 934482000}], "maxAge": 86400}, "earningsTrend": {"trend": [{"maxAge": 1, "period": "0q", "endDate": null, "growth": {}, "earningsEstimate": {"avg": 0.0, "low": 0.0, "high": 0.0, "yearAgoEps": {}, "numberOfAnalysts": 0, "growth": {}}, "revenueEstimate": {"avg": 0, "low": 0, "high": 0, "numberOfAnalysts": 0, "yearAgoRevenue": {}, "growth": {}}, "epsTrend": {"current": 0.0, "7daysAgo": 0.0, "30daysAgo": 0.0, "60daysAgo": 0.0, "90daysAgo": 0.0}, "epsRevisions": {"upLast7days": 0, "upLast30days": 0, "downLast30days": 0, "downLast90days": {}}}, {"maxAge": 1, "period": "+1q", "endDate": null, "growth": {}, "earningsEstimate": {"avg": 0.0, "low": 0.0, "high": 0.0, "yearAgoEps": {}, "numberOfAnalysts": 0, "growth": {}}, "revenueEstimate": {"avg": 0, "low": 0, "high": 0, "numberOfAnalysts": 0, "yearAgoRevenue": {}, "growth": {}}, "epsTrend": {"current": 0.0, "7daysAgo": 0.0, "30daysAgo": 0.0, "60daysAgo": 0.0, "90daysAgo": 0.0}, "epsRevisions": {"upLast7days": 0, "upLast30days": 0, "downLast30days": 0, "downLast90days": {}}}, {"maxAge": 1, "period": "0y", "endDate": null, "growth": {}, "earningsEstimate": {"avg": 0.0, "low": 0.0, "high": 0.0, "yearAgoEps": {}, "numberOfAnalysts": 0, "growth": {}}, "revenueEstimate": {"avg": 0, "low": 0, "high": 0, "numberOfAnalysts": 0, "yearAgoRevenue": {}, "growth": {}}, "epsTrend": {"current": 0.0, "7daysAgo": 0.0, "30daysAgo": 0.0, "60daysAgo": 0.0, "90daysAgo": 0.0}, "epsRevisions": {"upLast7days": 0, "upLast30days": 0, "downLast30days": 0, "downLast90days": {}}}, {"maxAge": 1, "period": "+1y", "endDate": null, "growth": {}, "earningsEstimate": {"avg": 0.0, "low": 0.0, "high": 0.0, "yearAgoEps": {}, "numberOfAnalysts": 0, "growth": {}}, "revenueEstimate": {"avg": 0, "low": 0, "high": 0, "numberOfAnalysts": 0, "yearAgoRevenue": {}, "growth": {}}, "epsTrend": {"current": 0.0, "7daysAgo": 0.0, "30daysAgo": 0.0, "60daysAgo": 0.0, "90daysAgo": 0.0}, "epsRevisions": {"upLast7days": 0, "upLast30days": 0, "downLast30days": 0, "downLast90days": {}}}, {"maxAge": 1, "period": "+5y", "endDate": null, "growth": {}, "earningsEstimate": {"avg": {}, "low": {}, "high": {}, "yearAgoEps": {}, "numberOfAnalysts": {}, "growth": {}}, "revenueEstimate": {"avg": {}, "low": {}, "high": {}, "numberOfAnalysts": {}, "yearAgoRevenue": {}, "growth": {}}, "epsTrend": {"current": {}, "7daysAgo": {}, "30daysAgo": {}, "60daysAgo": {}, "90daysAgo": {}}, "epsRevisions": {"upLast7days": {}, "upLast30days": {}, "downLast30days": {}, "downLast90days": {}}}, {"maxAge": 1, "period": "-5y", "endDate": null, "growth": {}, "earningsEstimate": {"avg": {}, "low": {}, "high": {}, "yearAgoEps": {}, "numberOfAnalysts": {}, "growth": {}}, "revenueEstimate": {"avg": {}, "low": {}, "high": {}, "numberOfAnalysts": {}, "yearAgoRevenue": {}, "growth": {}}, "epsTrend": {"current": {}, "7daysAgo": {}, "30daysAgo": {}, "60daysAgo": {}, "90daysAgo": {}}, "epsRevisions": {"upLast7days": {}, "upLast30days": {}, "downLast30days": {}, "downLast90days": {}}}], "maxAge": 1}, "financialData": {"maxAge": 86400, "currentPrice": 126.0, "targetHighPrice": 135.0, "targetLowPrice": 135.0, "targetMeanPrice": 135.0, "targetMedianPrice": 135.0, "recommendationKey": "none", "numberOfAnalystOpinions": 1, "grossProfits": 1386803000, "financialCurrency": "INR"}}}