{"SURYALAXMI.BO": {"recommendationTrend": {"trend": [{"period": "0m", "strongBuy": 0, "buy": 0, "hold": 0, "sell": 0, "strongSell": 0}, {"period": "-1m", "strongBuy": 0, "buy": 0, "hold": 0, "sell": 0, "strongSell": 0}, {"period": "-2m", "strongBuy": 0, "buy": 0, "hold": 0, "sell": 0, "strongSell": 0}, {"period": "-3m", "strongBuy": 0, "buy": 0, "hold": 0, "sell": 0, "strongSell": 0}], "maxAge": 86400}, "cashflowStatementHistory": {"cashflowStatements": [{"maxAge": 1, "endDate": "2020-03-31", "netIncome": -317746000, "depreciation": 220219000, "changeToNetincome": 348020000, "changeToAccountReceivables": 452748000, "changeToLiabilities": 218395000, "changeToInventory": -263469000, "changeToOperatingActivities": -9215000, "totalCashFromOperatingActivities": 648952000, "capitalExpenditures": -19607000, "otherCashflowsFromInvestingActivities": 8243000, "totalCashflowsFromInvestingActivities": 76036000, "dividendsPaid": -453000, "netBorrowings": -347910000, "otherCashflowsFromFinancingActivities": -355365000, "totalCashFromFinancingActivities": -703728000, "changeInCash": 21260000}, {"maxAge": 1, "endDate": "2019-03-31", "netIncome": -84383000, "depreciation": 229724000, "changeToNetincome": 319428000, "changeToAccountReceivables": 90938000, "changeToLiabilities": -146824000, "changeToInventory": 404413000, "changeToOperatingActivities": -32097000, "totalCashFromOperatingActivities": 781199000, "capitalExpenditures": -46313000, "otherCashflowsFromInvestingActivities": 15290000, "totalCashflowsFromInvestingActivities": -24994000, "dividendsPaid": -195000, "netBorrowings": -371217000, "otherCashflowsFromFinancingActivities": -378061000, "totalCashFromFinancingActivities": -749473000, "changeInCash": 6732000}, {"maxAge": 1, "endDate": "2018-03-31", "netIncome": 51505000, "depreciation": 287743000, "changeToNetincome": 314607000, "changeToAccountReceivables": -464009000, "changeToLiabilities": 239743000, "changeToInventory": 43902000, "changeToOperatingActivities": -184950000, "totalCashFromOperatingActivities": 289571000, "capitalExpenditures": -94609000, "otherCashflowsFromInvestingActivities": 8626000, "totalCashflowsFromInvestingActivities": -81171000, "dividendsPaid": -20285000, "netBorrowings": 187235000, "otherCashflowsFromFinancingActivities": -386859000, "totalCashFromFinancingActivities": -219909000, "changeInCash": -11509000}, {"maxAge": 1, "endDate": "2017-03-31", "netIncome": 195088000, "depreciation": 308735000, "changeToNetincome": 369163000, "changeToAccountReceivables": 59080000, "changeToLiabilities": 37532000, "changeToInventory": -212328000, "changeToOperatingActivities": 106319000, "totalCashFromOperatingActivities": 865172000, "capitalExpenditures": -280883000, "otherCashflowsFromInvestingActivities": 6855000, "totalCashflowsFromInvestingActivities": -273294000, "dividendsPaid": -35851000, "netBorrowings": -200591000, "otherCashflowsFromFinancingActivities": -380549000, "totalCashFromFinancingActivities": -616991000, "changeInCash": -25113000}], "maxAge": 86400}, "institutionOwnership": {"ownershipList": [], "maxAge": 1}, "balanceSheetHistoryQuarterly": {"balanceSheetStatements": [{"maxAge": 1, "endDate": "2020-06-30", "totalStockholderEquity": 2366338000, "netTangibleAssets": 2364204000}, {"maxAge": 1, "endDate": "2020-03-31", "cash": 38421000, "shortTermInvestments": 42021000, "netReceivables": 1757053000, "inventory": 1632411000, "otherCurrentAssets": 333815000, "totalCurrentAssets": 3815915000, "propertyPlantEquipment": 3387991000, "intangibleAssets": 2093000, "otherAssets": 57399000, "totalAssets": 7263398000, "accountsPayable": 1075450000, "shortLongTermDebt": 208852000, "otherCurrentLiab": 231845000, "longTermDebt": 1136732000, "otherLiab": 331334000, "totalCurrentLiabilities": 3425815000, "totalLiab": 4897060000, "commonStock": 166723000, "retainedEarnings": 1260680000, "treasuryStock": 107031000, "capitalSurplus": 825201000, "otherStockholderEquity": 107031000, "totalStockholderEquity": 2359635000, "netTangibleAssets": 2357542000}, {"maxAge": 1, "endDate": "2019-12-31", "totalStockholderEquity": 2567854000, "netTangibleAssets": 2565720000}, {"maxAge": 1, "endDate": "2019-09-30", "cash": 117647000, "shortTermInvestments": 612520000, "netReceivables": 1184529000, "inventory": 1708026000, "otherCurrentAssets": 283457000, "totalCurrentAssets": 3906179000, "propertyPlantEquipment": 3695628000, "intangibleAssets": 2134000, "otherAssets": 114846000, "totalAssets": 7718787000, "accountsPayable": 1203090000, "otherCurrentLiab": 647870000, "longTermDebt": 1126570000, "otherLiab": 413904000, "totalCurrentLiabilities": 3610459000, "totalLiab": 5150933000, "commonStock": 184453000, "treasuryStock": 2383401000, "otherStockholderEquity": 2383401000, "totalStockholderEquity": 2567854000, "netTangibleAssets": 2565720000}], "maxAge": 86400}, "earningsHistory": {"history": [{"maxAge": 1, "epsActual": {}, "epsEstimate": {}, "epsDifference": {}, "surprisePercent": {}, "quarter": {}, "period": "-4q"}, {"maxAge": 1, "epsActual": {}, "epsEstimate": {}, "epsDifference": {}, "surprisePercent": {}, "quarter": {}, "period": "-3q"}, {"maxAge": 1, "epsActual": {}, "epsEstimate": {}, "epsDifference": {}, "surprisePercent": {}, "quarter": {}, "period": "-2q"}, {"maxAge": 1, "epsActual": {}, "epsEstimate": {}, "epsDifference": {}, "surprisePercent": {}, "quarter": {}, "period": "-1q"}], "maxAge": 86400}, "indexTrend": {"maxAge": 1, "symbol": "SP5", "peRatio": 19.7411, "pegRatio": 1.34172, "estimates": [{"period": "0q", "growth": 0.549}, {"period": "+1q", "growth": 0.431}, {"period": "0y", "growth": 0.305}, {"period": "+1y", "growth": 0.109}, {"period": "+5y", "growth": 0.120865}, {"period": "-5y"}]}, "industryTrend": {"maxAge": 1, "symbol": null, "estimates": []}, "insiderTransactions": {"transactions": [{"maxAge": 1, "shares": 651808, "filerUrl": "", "transactionText": "", "filerName": "Agarwal (Aparna)", "filerRelation": "Promoter", "moneyText": "", "startDate": "2019-04-09", "ownership": "D"}, {"maxAge": 1, "shares": 1600000, "filerUrl": "", "transactionText": "", "filerName": "Savla (Shailesh Mulchand)", "filerRelation": "UNREPORTED", "moneyText": "", "startDate": "2014-08-16", "ownership": "D"}, {"maxAge": 1, "shares": 65000, "filerUrl": "", "transactionText": "", "filerName": "UTI Investment Advisory Serv Ind A/c Ascent I Fund", "filerRelation": "Investment Advisor", "moneyText": "", "startDate": "2010-09-21", "ownership": "D"}, {"maxAge": 1, "shares": 78300, "filerUrl": "", "transactionText": "", "filerName": "UTI Investment Advisory Serv Ind A/c Ascent I Fund", "filerRelation": "Investment Advisor", "moneyText": "", "startDate": "2010-09-20", "ownership": "D"}, {"maxAge": 1, "shares": 350000, "filerUrl": "", "transactionText": "", "filerName": "UTI Investment Advisory Serv Ind A/c Ascent I Fund", "filerRelation": "Investment Advisor", "moneyText": "", "startDate": "2010-09-17", "ownership": "D"}, {"maxAge": 1, "shares": 4732, "filerUrl": "", "transactionText": "", "filerName": "Agarwal (Padmini)", "filerRelation": "UNREPORTED", "moneyText": "", "startDate": "2010-03-30", "ownership": "D"}], "maxAge": 1}, "quoteType": {"exchange": "BSE", "quoteType": "EQUITY", "symbol": "SURYALAXMI.BO", "underlyingSymbol": "SURYALAXMI.BO", "shortName": "SURYALAKSHMI COTTON MILLS LTD.", "longName": "Suryalakshmi Cotton Mills Limited", "firstTradeDateEpochUtc": "2002-01-23 09:15:00", "timeZoneFullName": "Asia/Kolkata", "timeZoneShortName": "IST", "uuid": "fefdf496-3a2b-3911-b675-56529a0206ad", "gmtOffSetMilliseconds": 19800000, "maxAge": 1}, "incomeStatementHistory": {"incomeStatementHistory": [{"maxAge": 1, "endDate": "2020-03-31", "totalRevenue": 5388682000, "costOfRevenue": 3484688000, "grossProfit": 1903994000, "researchDevelopment": {}, "sellingGeneralAdministrative": 514129000, "nonRecurring": {}, "otherOperatingExpenses": 1103815000, "totalOperatingExpenses": 5322851000, "operatingIncome": 65831000, "totalOtherIncomeExpenseNet": -295367000, "ebit": 65831000, "interestExpense": -268882000, "incomeBeforeTax": -229536000, "incomeTaxExpense": -68772000, "minorityInterest": {}, "netIncomeFromContinuingOps": -160764000, "discontinuedOperations": -156982000, "extraordinaryItems": {}, "effectOfAccountingCharges": {}, "otherItems": {}, "netIncome": -317746000, "netIncomeApplicableToCommonShares": -317746000}, {"maxAge": 1, "endDate": "2019-03-31", "totalRevenue": 6653637000, "costOfRevenue": 4243013000, "grossProfit": 2410624000, "researchDevelopment": {}, "sellingGeneralAdministrative": 590996000, "nonRecurring": {}, "otherOperatingExpenses": 1403070000, "totalOperatingExpenses": 6466803000, "operatingIncome": 186834000, "totalOtherIncomeExpenseNet": -276030000, "ebit": 186834000, "interestExpense": -292569000, "incomeBeforeTax": -89196000, "incomeTaxExpense": -42175000, "minorityInterest": {}, "netIncomeFromContinuingOps": -47021000, "discontinuedOperations": -37362000, "extraordinaryItems": {}, "effectOfAccountingCharges": {}, "otherItems": {}, "netIncome": -84383000, "netIncomeApplicableToCommonShares": -84383000}, {"maxAge": 1, "endDate": "2018-03-31", "totalRevenue": 7605853000, "costOfRevenue": 4526775000, "grossProfit": 3079078000, "researchDevelopment": {}, "sellingGeneralAdministrative": 761660000, "nonRecurring": {}, "otherOperatingExpenses": 1666992000, "totalOperatingExpenses": 7244200000, "operatingIncome": 361653000, "totalOtherIncomeExpenseNet": -334501000, "ebit": 361653000, "interestExpense": -346276000, "incomeBeforeTax": 27152000, "incomeTaxExpense": -24353000, "minorityInterest": {}, "netIncomeFromContinuingOps": 51505000, "discontinuedOperations": -37362000, "extraordinaryItems": {}, "effectOfAccountingCharges": {}, "otherItems": {}, "netIncome": 51505000, "netIncomeApplicableToCommonShares": 51505000}, {"maxAge": 1, "endDate": "2017-03-31", "totalRevenue": 7770933000, "costOfRevenue": 4130776000, "grossProfit": 3640157000, "researchDevelopment": {}, "sellingGeneralAdministrative": 718369000, "nonRecurring": {}, "otherOperatingExpenses": 1960853000, "totalOperatingExpenses": 7120316000, "operatingIncome": 650617000, "totalOtherIncomeExpenseNet": -343696000, "ebit": 650617000, "interestExpense": -338308000, "incomeBeforeTax": 306921000, "incomeTaxExpense": 111833000, "minorityInterest": {}, "netIncomeFromContinuingOps": 195088000, "discontinuedOperations": -37362000, "extraordinaryItems": {}, "effectOfAccountingCharges": {}, "otherItems": {}, "netIncome": 195088000, "netIncomeApplicableToCommonShares": 195088000}], "maxAge": 86400}, "fundOwnership": {"ownershipList": [], "maxAge": 1}, "summaryDetail": {"maxAge": 1, "priceHint": 2, "previousClose": 29.2, "open": 29.25, "dayLow": 29.2, "dayHigh": 29.25, "regularMarketPreviousClose": 29.2, "regularMarketOpen": 29.25, "regularMarketDayLow": 29.2, "regularMarketDayHigh": 29.25, "forwardPE": 1.1302165, "volume": 1097, "regularMarketVolume": 1097, "averageVolume": 7118, "averageVolume10days": 4958, "averageDailyVolume10Day": 4958, "bid": 29.2, "ask": 31.3, "bidSize": 0, "askSize": 0, "marketCap": 487664768, "fiftyTwoWeekLow": 12.75, "fiftyTwoWeekHigh": 38.1, "fiftyDayAverage": 31.639395, "twoHundredDayAverage": 21.179045, "currency": "INR", "fromCurrency": null, "lastMarket": null, "algorithm": null, "tradeable": false}, "sectorTrend": {"maxAge": 1, "symbol": null, "estimates": []}, "incomeStatementHistoryQuarterly": {"incomeStatementHistory": [{"maxAge": 1, "endDate": "2020-06-30", "totalRevenue": 422830000, "costOfRevenue": 348359000, "grossProfit": 74471000, "researchDevelopment": {}, "sellingGeneralAdministrative": 42751000, "nonRecurring": {}, "otherOperatingExpenses": 82344000, "totalOperatingExpenses": 523521000, "operatingIncome": -100691000, "totalOtherIncomeExpenseNet": -68026000, "ebit": -100691000, "interestExpense": -79956000, "incomeBeforeTax": -168717000, "incomeTaxExpense": -52380000, "minorityInterest": {}, "netIncomeFromContinuingOps": -116337000, "discontinuedOperations": -4679000, "extraordinaryItems": {}, "effectOfAccountingCharges": {}, "otherItems": {}, "netIncome": -121016000, "netIncomeApplicableToCommonShares": -121016000}, {"maxAge": 1, "endDate": "2020-03-31", "totalRevenue": 1294870000, "costOfRevenue": 849539000, "grossProfit": 445331000, "researchDevelopment": {}, "sellingGeneralAdministrative": 126034000, "nonRecurring": {}, "otherOperatingExpenses": 236173000, "totalOperatingExpenses": 1266729000, "operatingIncome": 28141000, "totalOtherIncomeExpenseNet": -62609000, "ebit": 28141000, "interestExpense": -15037000, "incomeBeforeTax": -34468000, "incomeTaxExpense": -9506000, "minorityInterest": {}, "netIncomeFromContinuingOps": -24962000, "discontinuedOperations": -118513000, "extraordinaryItems": {}, "effectOfAccountingCharges": {}, "otherItems": {}, "netIncome": -143475000, "netIncomeApplicableToCommonShares": -143475000}, {"maxAge": 1, "endDate": "2019-12-31", "totalRevenue": 1449087000, "costOfRevenue": 878102000, "grossProfit": 570985000, "researchDevelopment": {}, "sellingGeneralAdministrative": 138524000, "nonRecurring": {}, "otherOperatingExpenses": 338652000, "totalOperatingExpenses": 1411106000, "operatingIncome": 37981000, "totalOtherIncomeExpenseNet": -76409000, "ebit": 37981000, "interestExpense": -84484000, "incomeBeforeTax": -38428000, "incomeTaxExpense": -11422000, "minorityInterest": {}, "netIncomeFromContinuingOps": -27006000, "discontinuedOperations": -17796000, "extraordinaryItems": {}, "effectOfAccountingCharges": {}, "otherItems": {}, "netIncome": -44802000, "netIncomeApplicableToCommonShares": -44802000}, {"maxAge": 1, "endDate": "2019-09-30", "totalRevenue": 1519642000, "costOfRevenue": 833354000, "grossProfit": 686288000, "researchDevelopment": {}, "sellingGeneralAdministrative": 201790000, "nonRecurring": {}, "otherOperatingExpenses": 399617000, "totalOperatingExpenses": 1496411000, "operatingIncome": 23231000, "totalOtherIncomeExpenseNet": -86300000, "ebit": 23231000, "interestExpense": -92386000, "incomeBeforeTax": -63069000, "incomeTaxExpense": -18991000, "minorityInterest": {}, "netIncomeFromContinuingOps": -44078000, "discontinuedOperations": -17796000, "extraordinaryItems": {}, "effectOfAccountingCharges": {}, "otherItems": {}, "netIncome": -44078000, "netIncomeApplicableToCommonShares": -44078000}], "maxAge": 86400}, "cashflowStatementHistoryQuarterly": {"cashflowStatements": [{"maxAge": 1, "endDate": "2020-06-30", "netIncome": -121016000, "changeToLiabilities": 0}, {"maxAge": 1, "endDate": "2020-03-31", "netIncome": -143475000, "changeToLiabilities": 0}, {"maxAge": 1, "endDate": "2019-12-31", "netIncome": -44802000, "changeToLiabilities": 0}, {"maxAge": 1, "endDate": "2019-09-30", "netIncome": -44078000, "changeToLiabilities": 0}], "maxAge": 86400}, "insiderHolders": {"holders": [{"maxAge": 1, "name": "Agarwal (Aparna)", "relation": "Promoter", "url": "", "transactionDescription": "Gift", "latestTransDate": "2019-04-09", "positionDirect": 0, "positionDirectDate": "2019-04-09"}, {"maxAge": 1, "name": "Agarwal (Padmini)", "relation": "UNREPORTED", "url": "", "transactionDescription": "Acquisition", "latestTransDate": "2010-03-30", "positionDirect": 830325, "positionDirectDate": "2010-03-30"}, {"maxAge": 1, "name": "Savla (Shailesh Mulchand)", "relation": "UNREPORTED", "url": "", "transactionDescription": "Other", "latestTransDate": "2014-08-16", "positionDirect": 1600000, "positionDirectDate": "2014-08-16"}, {"maxAge": 1, "name": "UTI Investment Advisory Serv Ind A/c Ascent I Fund", "relation": "Investment Advisor", "url": "", "transactionDescription": "Sale", "latestTransDate": "2010-09-21", "positionDirect": 235000, "positionDirectDate": "2010-09-21"}], "maxAge": 1}, "earnings": {"maxAge": 86400, "earningsChart": {"quarterly": [], "earningsDate": []}, "financialsChart": {"yearly": [{"date": 2017, "revenue": 7770933000, "earnings": 195088000}, {"date": 2018, "revenue": 7605853000, "earnings": 51505000}, {"date": 2019, "revenue": 6653637000, "earnings": -84383000}, {"date": 2020, "revenue": 5388682000, "earnings": -317746000}], "quarterly": [{"date": "3Q2019", "revenue": 1519642000, "earnings": -44078000}, {"date": "4Q2019", "revenue": 1449087000, "earnings": -44802000}, {"date": "1Q2020", "revenue": 1294870000, "earnings": -143475000}, {"date": "2Q2020", "revenue": 422830000, "earnings": -121016000}]}, "financialCurrency": "INR"}, "calendarEvents": {"maxAge": 1, "earnings": {"earningsDate": []}}, "upgradeDowngradeHistory": {"history": [], "maxAge": 86400}, "price": {"maxAge": 1, "regularMarketChangePercent": 0.0017123026, "regularMarketChange": 0.049999237, "regularMarketTime": "2021-04-30 14:56:44", "priceHint": 2, "regularMarketPrice": 29.25, "regularMarketDayHigh": 29.25, "regularMarketDayLow": 29.2, "regularMarketVolume": 1097, "averageDailyVolume10Day": 4958, "averageDailyVolume3Month": 7118, "regularMarketPreviousClose": 29.2, "regularMarketSource": "FREE_REALTIME", "regularMarketOpen": 29.25, "exchange": "BSE", "exchangeName": "BSE", "exchangeDataDelayedBy": 0, "marketState": "CLOSED", "quoteType": "EQUITY", "symbol": "SURYALAXMI.BO", "underlyingSymbol": null, "shortName": "SURYALAKSHMI COTTON MILLS LTD.", "longName": "Suryalakshmi Cotton Mills Limited", "currency": "INR", "quoteSourceName": "Delayed Quote", "currencySymbol": "\u20b9", "fromCurrency": null, "lastMarket": null, "marketCap": 487664768}, "balanceSheetHistory": {"balanceSheetStatements": [{"maxAge": 1, "endDate": "2020-03-31", "cash": 38421000, "shortTermInvestments": 42021000, "netReceivables": 1757053000, "inventory": 1632411000, "otherCurrentAssets": 333815000, "totalCurrentAssets": 3815915000, "propertyPlantEquipment": 3387991000, "intangibleAssets": 2093000, "otherAssets": 57399000, "totalAssets": 7263398000, "accountsPayable": 1075450000, "shortLongTermDebt": 208852000, "otherCurrentLiab": 231845000, "longTermDebt": 1136732000, "otherLiab": 331334000, "totalCurrentLiabilities": 3425815000, "totalLiab": 4897060000, "commonStock": 166723000, "retainedEarnings": 1260680000, "treasuryStock": 107031000, "capitalSurplus": 825201000, "otherStockholderEquity": 107031000, "totalStockholderEquity": 2359635000, "netTangibleAssets": 2357542000}, {"maxAge": 1, "endDate": "2019-03-31", "cash": 17161000, "shortTermInvestments": 41911000, "netReceivables": 2207033000, "inventory": 1386374000, "otherCurrentAssets": 184643000, "totalCurrentAssets": 3849226000, "longTermInvestments": 2074000, "propertyPlantEquipment": 3814860000, "intangibleAssets": 2134000, "otherAssets": 123440000, "totalAssets": 7789660000, "accountsPayable": 857054000, "shortLongTermDebt": 318840000, "otherCurrentLiab": 155410000, "longTermDebt": 1227787000, "otherLiab": 463448000, "totalCurrentLiabilities": 3399933000, "totalLiab": 5092430000, "commonStock": 166723000, "retainedEarnings": 1578426000, "treasuryStock": 120177000, "capitalSurplus": 825201000, "otherStockholderEquity": 120177000, "totalStockholderEquity": 2690527000, "netTangibleAssets": 2688393000}, {"maxAge": 1, "endDate": "2018-03-31", "cash": 10429000, "shortTermInvestments": 42001000, "netReceivables": 2259517000, "inventory": 1806910000, "otherCurrentAssets": 195625000, "totalCurrentAssets": 4326675000, "propertyPlantEquipment": 4043281000, "intangibleAssets": 2361000, "otherAssets": 122718000, "totalAssets": 8495035000, "accountsPayable": 1003878000, "shortLongTermDebt": 259925000, "otherCurrentLiab": 172230000, "longTermDebt": 1442189000, "otherLiab": 517722000, "totalCurrentLiabilities": 3724658000, "totalLiab": 5686573000, "commonStock": 166723000, "retainedEarnings": 1686523000, "treasuryStock": 123312000, "capitalSurplus": 825201000, "otherStockholderEquity": 123312000, "totalStockholderEquity": 2801759000, "netTangibleAssets": 2799398000}, {"maxAge": 1, "endDate": "2017-03-31", "cash": 21938000, "shortTermInvestments": 587000, "netReceivables": 1657577000, "inventory": 1817517000, "otherCurrentAssets": 165978000, "totalCurrentAssets": 3689689000, "propertyPlantEquipment": 4232799000, "intangibleAssets": 2939000, "otherAssets": 164161000, "totalAssets": 8089588000, "accountsPayable": 764135000, "shortLongTermDebt": 527698000, "otherCurrentLiab": 205607000, "longTermDebt": 1277736000, "otherLiab": 546781000, "totalCurrentLiabilities": 3480491000, "totalLiab": 5309712000, "commonStock": 166723000, "retainedEarnings": 1655084000, "treasuryStock": 126165000, "capitalSurplus": 825201000, "otherStockholderEquity": 126165000, "totalStockholderEquity": 2773173000, "netTangibleAssets": 2770234000}], "maxAge": 86400}, "earningsTrend": {"trend": [{"maxAge": 1, "period": "0q", "endDate": null, "growth": {}, "earningsEstimate": {"avg": 0.0, "low": 0.0, "high": 0.0, "yearAgoEps": {}, "numberOfAnalysts": 0, "growth": {}}, "revenueEstimate": {"avg": 0, "low": 0, "high": 0, "numberOfAnalysts": 0, "yearAgoRevenue": {}, "growth": {}}, "epsTrend": {"current": 0.0, "7daysAgo": 0.0, "30daysAgo": 0.0, "60daysAgo": 0.0, "90daysAgo": 0.0}, "epsRevisions": {"upLast7days": 0, "upLast30days": 0, "downLast30days": 0, "downLast90days": {}}}, {"maxAge": 1, "period": "+1q", "endDate": null, "growth": {}, "earningsEstimate": {"avg": 0.0, "low": 0.0, "high": 0.0, "yearAgoEps": {}, "numberOfAnalysts": 0, "growth": {}}, "revenueEstimate": {"avg": 0, "low": 0, "high": 0, "numberOfAnalysts": 0, "yearAgoRevenue": {}, "growth": {}}, "epsTrend": {"current": 0.0, "7daysAgo": 0.0, "30daysAgo": 0.0, "60daysAgo": 0.0, "90daysAgo": 0.0}, "epsRevisions": {"upLast7days": 0, "upLast30days": 0, "downLast30days": 0, "downLast90days": {}}}, {"maxAge": 1, "period": "0y", "endDate": null, "growth": {}, "earningsEstimate": {"avg": 0.0, "low": 0.0, "high": 0.0, "yearAgoEps": {}, "numberOfAnalysts": 0, "growth": {}}, "revenueEstimate": {"avg": 0, "low": 0, "high": 0, "numberOfAnalysts": 0, "yearAgoRevenue": {}, "growth": {}}, "epsTrend": {"current": 0.0, "7daysAgo": 0.0, "30daysAgo": 0.0, "60daysAgo": 0.0, "90daysAgo": 0.0}, "epsRevisions": {"upLast7days": 0, "upLast30days": 0, "downLast30days": 0, "downLast90days": {}}}, {"maxAge": 1, "period": "+1y", "endDate": null, "growth": {}, "earningsEstimate": {"avg": 0.0, "low": 0.0, "high": 0.0, "yearAgoEps": {}, "numberOfAnalysts": 0, "growth": {}}, "revenueEstimate": {"avg": 0, "low": 0, "high": 0, "numberOfAnalysts": 0, "yearAgoRevenue": {}, "growth": {}}, "epsTrend": {"current": 0.0, "7daysAgo": 0.0, "30daysAgo": 0.0, "60daysAgo": 0.0, "90daysAgo": 0.0}, "epsRevisions": {"upLast7days": 0, "upLast30days": 0, "downLast30days": 0, "downLast90days": {}}}, {"maxAge": 1, "period": "+5y", "endDate": null, "growth": {}, "earningsEstimate": {"avg": {}, "low": {}, "high": {}, "yearAgoEps": {}, "numberOfAnalysts": {}, "growth": {}}, "revenueEstimate": {"avg": {}, "low": {}, "high": {}, "numberOfAnalysts": {}, "yearAgoRevenue": {}, "growth": {}}, "epsTrend": {"current": {}, "7daysAgo": {}, "30daysAgo": {}, "60daysAgo": {}, "90daysAgo": {}}, "epsRevisions": {"upLast7days": {}, "upLast30days": {}, "downLast30days": {}, "downLast90days": {}}}, {"maxAge": 1, "period": "-5y", "endDate": null, "growth": {}, "earningsEstimate": {"avg": {}, "low": {}, "high": {}, "yearAgoEps": {}, "numberOfAnalysts": {}, "growth": {}}, "revenueEstimate": {"avg": {}, "low": {}, "high": {}, "numberOfAnalysts": {}, "yearAgoRevenue": {}, "growth": {}}, "epsTrend": {"current": {}, "7daysAgo": {}, "30daysAgo": {}, "60daysAgo": {}, "90daysAgo": {}}, "epsRevisions": {"upLast7days": {}, "upLast30days": {}, "downLast30days": {}, "downLast90days": {}}}], "maxAge": 1}, "financialData": {"maxAge": 86400, "currentPrice": 29.25, "targetHighPrice": 155.0, "targetLowPrice": 155.0, "targetMeanPrice": 155.0, "targetMedianPrice": 155.0, "recommendationKey": "none", "numberOfAnalystOpinions": 1, "grossProfits": 1903994000, "financialCurrency": "INR"}}}