{"SURYAAMBA.BO": {"cashflowStatementHistory": {"cashflowStatements": [{"maxAge": 1, "endDate": "2020-03-31", "netIncome": 52045000, "depreciation": 45573000, "changeToNetincome": 62101000, "changeToAccountReceivables": 19197000, "changeToLiabilities": -24915000, "changeToInventory": 6523000, "changeToOperatingActivities": -17873000, "totalCashFromOperatingActivities": 142651000, "capitalExpenditures": -106227000, "otherCashflowsFromInvestingActivities": 2426000, "totalCashflowsFromInvestingActivities": -103029000, "dividendsPaid": -2932000, "netBorrowings": 17375000, "otherCashflowsFromFinancingActivities": -54571000, "totalCashFromFinancingActivities": -40128000, "changeInCash": -506000}, {"maxAge": 1, "endDate": "2019-03-31", "netIncome": 34202000, "depreciation": 44608000, "changeToNetincome": 58083000, "changeToAccountReceivables": -37161000, "changeToLiabilities": 38124000, "changeToInventory": 22642000, "changeToOperatingActivities": -10146000, "totalCashFromOperatingActivities": 150352000, "capitalExpenditures": -27578000, "otherCashflowsFromInvestingActivities": 5227000, "totalCashflowsFromInvestingActivities": -22351000, "dividendsPaid": -2932000, "netBorrowings": -72831000, "otherCashflowsFromFinancingActivities": -51484000, "totalCashFromFinancingActivities": -127247000, "changeInCash": 754000}, {"maxAge": 1, "endDate": "2018-03-31", "netIncome": 23469000, "depreciation": 44629000, "changeToNetincome": 74420000, "changeToAccountReceivables": -22541000, "changeToLiabilities": 11763000, "changeToInventory": -9633000, "changeToOperatingActivities": 37547000, "totalCashFromOperatingActivities": 159654000, "capitalExpenditures": -41869000, "otherCashflowsFromInvestingActivities": 3765000, "totalCashflowsFromInvestingActivities": -37474000, "dividendsPaid": -2932000, "netBorrowings": -52391000, "otherCashflowsFromFinancingActivities": -67249000, "totalCashFromFinancingActivities": -122572000, "changeInCash": -392000}, {"maxAge": 1, "endDate": "2017-03-31", "netIncome": 4865000, "depreciation": 40424000, "changeToNetincome": 67658000, "changeToAccountReceivables": 28045000, "changeToLiabilities": -4485000, "changeToInventory": -53260000, "changeToOperatingActivities": 32526000, "totalCashFromOperatingActivities": 115819000, "capitalExpenditures": -129984000, "otherCashflowsFromInvestingActivities": 17165000, "totalCashflowsFromInvestingActivities": -112671000, "dividendsPaid": -2932000, "netBorrowings": 52475000, "otherCashflowsFromFinancingActivities": -52045000, "totalCashFromFinancingActivities": -2502000, "changeInCash": 646000}], "maxAge": 86400}, "institutionOwnership": {"maxAge": 1, "ownershipList": []}, "balanceSheetHistoryQuarterly": {"balanceSheetStatements": [{"maxAge": 1, "endDate": "2020-06-30", "totalStockholderEquity": 344094000, "netTangibleAssets": 344094000}, {"maxAge": 1, "endDate": "2020-03-31", "cash": 1147000, "shortTermInvestments": 1377000, "netReceivables": 146309000, "inventory": 145158000, "otherCurrentAssets": 30943000, "totalCurrentAssets": 324934000, "propertyPlantEquipment": 639072000, "otherAssets": 5987000, "totalAssets": 969993000, "accountsPayable": 89735000, "shortLongTermDebt": 34346000, "otherCurrentLiab": 4483000, "longTermDebt": 225310000, "otherLiab": 95039000, "totalCurrentLiabilities": 301188000, "totalLiab": 625899000, "commonStock": 29319000, "retainedEarnings": 195826000, "treasuryStock": 83053000, "capitalSurplus": 35896000, "otherStockholderEquity": 83053000, "totalStockholderEquity": 344094000, "netTangibleAssets": 344094000}, {"maxAge": 1, "endDate": "2019-12-31", "totalStockholderEquity": 317898000, "netTangibleAssets": 317898000}, {"maxAge": 1, "endDate": "2019-09-30", "cash": 11782000, "netReceivables": 131660000, "inventory": 169336000, "otherCurrentAssets": 55310000, "totalCurrentAssets": 368088000, "propertyPlantEquipment": 577950000, "otherAssets": 10496000, "totalAssets": 956534000, "accountsPayable": 97123000, "otherCurrentLiab": 99394000, "longTermDebt": 178817000, "otherLiab": 97725000, "totalCurrentLiabilities": 362094000, "totalLiab": 638636000, "commonStock": 29319000, "treasuryStock": 288579000, "otherStockholderEquity": 288579000, "totalStockholderEquity": 317898000, "netTangibleAssets": 317898000}], "maxAge": 86400}, "indexTrend": {"maxAge": 1, "symbol": "SP5", "peRatio": 19.7411, "pegRatio": 1.34172, "estimates": [{"period": "0q", "growth": 0.549}, {"period": "+1q", "growth": 0.431}, {"period": "0y", "growth": 0.305}, {"period": "+1y", "growth": 0.109}, {"period": "+5y", "growth": 0.120859005}, {"period": "-5y"}]}, "insiderTransactions": {"transactions": [{"maxAge": 1, "shares": 0, "filerUrl": "", "transactionText": "", "filerName": "Agarwal (Pujit Virender Kumar)", "filerRelation": "Promoter", "moneyText": "", "startDate": "2020-03-13", "ownership": "I"}, {"maxAge": 1, "shares": 593, "filerUrl": "", "transactionText": "", "filerName": "Agarwal (Pujit Virender Kumar)", "filerRelation": "Promoter", "moneyText": "", "startDate": "2020-03-11", "ownership": "D"}, {"maxAge": 1, "shares": 800, "filerUrl": "", "transactionText": "", "filerName": "Agarwal (Pujit Virender Kumar)", "filerRelation": "Promoter", "moneyText": "", "startDate": "2020-03-09", "ownership": "D"}, {"maxAge": 1, "shares": 271, "filerUrl": "", "transactionText": "", "filerName": "Agarwal (Pujit Virender Kumar)", "filerRelation": "Promoter", "moneyText": "", "startDate": "2020-03-06", "ownership": "D"}, {"maxAge": 1, "shares": 1300, "filerUrl": "", "transactionText": "", "filerName": "Agarwal (Pujit Virender Kumar)", "filerRelation": "Promoter", "moneyText": "", "startDate": "2020-03-06", "ownership": "D"}, {"maxAge": 1, "shares": 271, "filerUrl": "", "transactionText": "", "filerName": "Agarwal (Pujit Virender Kumar)", "filerRelation": "Promoter", "moneyText": "", "startDate": "2020-03-05", "ownership": "D"}, {"maxAge": 1, "shares": 771, "filerUrl": "", "transactionText": "", "filerName": "Agarwal (Pujit Virender Kumar)", "filerRelation": "Promoter", "moneyText": "", "startDate": "2020-03-04", "ownership": "D"}, {"maxAge": 1, "shares": 627, "filerUrl": "", "transactionText": "", "filerName": "Agarwal (Pujit Virender Kumar)", "filerRelation": "Promoter", "moneyText": "", "startDate": "2020-03-02", "ownership": "D"}, {"maxAge": 1, "shares": 70, "filerUrl": "", "transactionText": "", "filerName": "Agarwal (Pujit Virender Kumar)", "filerRelation": "Promoter", "moneyText": "", "startDate": "2020-02-27", "ownership": "D"}, {"maxAge": 1, "shares": 229, "filerUrl": "", "transactionText": "", "filerName": "Agarwal (Pujit Virender Kumar)", "filerRelation": "Promoter", "moneyText": "", "startDate": "2020-02-26", "ownership": "D"}, {"maxAge": 1, "shares": 1573, "filerUrl": "", "transactionText": "", "filerName": "Agarwal (Pujit Virender Kumar)", "filerRelation": "Managing Director", "moneyText": "", "startDate": "2020-02-18", "ownership": "D"}, {"maxAge": 1, "shares": 802, "filerUrl": "", "transactionText": "", "filerName": "Agarwal (Pujit Virender Kumar)", "filerRelation": "Promoter", "moneyText": "", "startDate": "2019-12-19", "ownership": "D"}, {"maxAge": 1, "shares": 261, "filerUrl": "", "transactionText": "", "filerName": "Agarwal (Pujit Virender Kumar)", "filerRelation": "Promoter", "moneyText": "", "startDate": "2019-12-13", "ownership": "D"}, {"maxAge": 1, "shares": 55, "filerUrl": "", "transactionText": "", "filerName": "Agarwal (Pujit Virender Kumar)", "filerRelation": "Promoter", "moneyText": "", "startDate": "2019-12-12", "ownership": "D"}, {"maxAge": 1, "shares": 2208, "filerUrl": "", "transactionText": "", "filerName": "Agarwal (Pujit Virender Kumar)", "filerRelation": "Promoter", "moneyText": "", "startDate": "2019-10-01", "ownership": "D"}], "maxAge": 1}, "quoteType": {"exchange": "BSE", "quoteType": "EQUITY", "symbol": "SURYAAMBA.BO", "underlyingSymbol": "SURYAAMBA.BO", "shortName": "SURYAAMBA SPINNING MILLS LTD.", "longName": "Suryaamba Spinning Mills Limited", "firstTradeDateEpochUtc": "2009-09-03 09:15:00", "timeZoneFullName": "Asia/Kolkata", "timeZoneShortName": "IST", "uuid": "bb5c411f-ccd9-308e-b2ef-35d172c47779", "messageBoardId": null, "gmtOffSetMilliseconds": 19800000, "maxAge": 1}, "incomeStatementHistory": {"incomeStatementHistory": [{"maxAge": 1, "endDate": "2020-03-31", "totalRevenue": 1621929000, "costOfRevenue": 936118000, "grossProfit": 685811000, "researchDevelopment": {}, "sellingGeneralAdministrative": 224325000, "nonRecurring": {}, "otherOperatingExpenses": 293418000, "totalOperatingExpenses": 1499434000, "operatingIncome": 122495000, "totalOtherIncomeExpenseNet": -47537000, "ebit": 122495000, "interestExpense": -56324000, "incomeBeforeTax": 74958000, "incomeTaxExpense": 22913000, "minorityInterest": {}, "netIncomeFromContinuingOps": 52045000, "discontinuedOperations": {}, "extraordinaryItems": {}, "effectOfAccountingCharges": {}, "otherItems": {}, "netIncome": 52045000, "netIncomeApplicableToCommonShares": 52045000}, {"maxAge": 1, "endDate": "2019-03-31", "totalRevenue": 1686622000, "costOfRevenue": 1062518000, "grossProfit": 624104000, "researchDevelopment": {}, "sellingGeneralAdministrative": 198828000, "nonRecurring": {}, "otherOperatingExpenses": 283774000, "totalOperatingExpenses": 1589728000, "operatingIncome": 96894000, "totalOtherIncomeExpenseNet": -53236000, "ebit": 96894000, "interestExpense": -59252000, "incomeBeforeTax": 43658000, "incomeTaxExpense": 9456000, "minorityInterest": {}, "netIncomeFromContinuingOps": 34202000, "discontinuedOperations": {}, "extraordinaryItems": {}, "effectOfAccountingCharges": {}, "otherItems": {}, "netIncome": 34202000, "netIncomeApplicableToCommonShares": 34202000}, {"maxAge": 1, "endDate": "2018-03-31", "totalRevenue": 1524307000, "costOfRevenue": 941036000, "grossProfit": 583271000, "researchDevelopment": {}, "sellingGeneralAdministrative": 184786000, "nonRecurring": {}, "otherOperatingExpenses": 252235000, "totalOperatingExpenses": 1422686000, "operatingIncome": 101621000, "totalOtherIncomeExpenseNet": -66165000, "ebit": 101621000, "interestExpense": -70564000, "incomeBeforeTax": 35456000, "incomeTaxExpense": 11987000, "minorityInterest": {}, "netIncomeFromContinuingOps": 23469000, "discontinuedOperations": {}, "extraordinaryItems": {}, "effectOfAccountingCharges": {}, "otherItems": {}, "netIncome": 23469000, "netIncomeApplicableToCommonShares": 23469000}, {"maxAge": 1, "endDate": "2017-03-31", "totalRevenue": 1381171000, "costOfRevenue": 865650000, "grossProfit": 515521000, "researchDevelopment": {}, "sellingGeneralAdministrative": 170711000, "nonRecurring": {}, "otherOperatingExpenses": 227454000, "totalOperatingExpenses": 1304239000, "operatingIncome": 76932000, "totalOtherIncomeExpenseNet": -62685000, "ebit": 76932000, "interestExpense": -63452000, "incomeBeforeTax": 14247000, "incomeTaxExpense": 9382000, "minorityInterest": {}, "netIncomeFromContinuingOps": 4865000, "discontinuedOperations": {}, "extraordinaryItems": {}, "effectOfAccountingCharges": {}, "otherItems": {}, "netIncome": 4865000, "netIncomeApplicableToCommonShares": 4865000}], "maxAge": 86400}, "fundOwnership": {"maxAge": 1, "ownershipList": []}, "summaryDetail": {"maxAge": 1, "priceHint": 2, "previousClose": 63.85, "open": 65.0, "dayLow": 64.0, "dayHigh": 65.0, "regularMarketPreviousClose": 63.85, "regularMarketOpen": 65.0, "regularMarketDayLow": 64.0, "regularMarketDayHigh": 65.0, "trailingPE": 6.2372284, "volume": 20, "regularMarketVolume": 20, "averageVolume": 2243, "averageVolume10days": 5334, "averageDailyVolume10Day": 5334, "bid": 64.0, "ask": 68.0, "bidSize": 0, "askSize": 0, "marketCap": 187937344, "fiftyTwoWeekLow": 35.3, "fiftyTwoWeekHigh": 74.7, "fiftyDayAverage": 57.84714, "twoHundredDayAverage": 50.51241, "trailingAnnualDividendRate": 0.6, "trailingAnnualDividendYield": 0.009397025, "currency": "INR", "fromCurrency": null, "toCurrency": null, "lastMarket": null, "algorithm": null, "tradeable": false}, "incomeStatementHistoryQuarterly": {"incomeStatementHistory": [{"maxAge": 1, "endDate": "2020-06-30", "totalRevenue": 116782000, "costOfRevenue": 38942000, "grossProfit": 77840000, "researchDevelopment": {}, "sellingGeneralAdministrative": 30143000, "nonRecurring": {}, "otherOperatingExpenses": 35873000, "totalOperatingExpenses": 116590000, "operatingIncome": 192000, "totalOtherIncomeExpenseNet": -11240000, "ebit": 192000, "interestExpense": -11763000, "incomeBeforeTax": -11048000, "incomeTaxExpense": -1469000, "minorityInterest": {}, "netIncomeFromContinuingOps": -9579000, "discontinuedOperations": {}, "extraordinaryItems": {}, "effectOfAccountingCharges": {}, "otherItems": {}, "netIncome": -9579000, "netIncomeApplicableToCommonShares": -9579000}, {"maxAge": 1, "endDate": "2020-03-31", "totalRevenue": 371008000, "costOfRevenue": 197991000, "grossProfit": 173017000, "researchDevelopment": {}, "sellingGeneralAdministrative": 57277000, "nonRecurring": {}, "otherOperatingExpenses": 84055000, "totalOperatingExpenses": 351631000, "operatingIncome": 19377000, "totalOtherIncomeExpenseNet": -929000, "ebit": 19377000, "interestExpense": -9716000, "incomeBeforeTax": 18448000, "incomeTaxExpense": 6004000, "minorityInterest": {}, "netIncomeFromContinuingOps": 12444000, "discontinuedOperations": {}, "extraordinaryItems": {}, "effectOfAccountingCharges": {}, "otherItems": {}, "netIncome": 12444000, "netIncomeApplicableToCommonShares": 12444000}, {"maxAge": 1, "endDate": "2019-12-31", "totalRevenue": 430455000, "costOfRevenue": 260416000, "grossProfit": 170039000, "researchDevelopment": {}, "sellingGeneralAdministrative": 53888000, "nonRecurring": {}, "otherOperatingExpenses": 67541000, "totalOperatingExpenses": 393315000, "operatingIncome": 37140000, "totalOtherIncomeExpenseNet": -14656000, "ebit": 37140000, "interestExpense": -14655000, "incomeBeforeTax": 22484000, "incomeTaxExpense": 8488000, "minorityInterest": {}, "netIncomeFromContinuingOps": 13996000, "discontinuedOperations": {}, "extraordinaryItems": {}, "effectOfAccountingCharges": {}, "otherItems": {}, "netIncome": 13996000, "netIncomeApplicableToCommonShares": 13996000}, {"maxAge": 1, "endDate": "2019-09-30", "totalRevenue": 379358000, "costOfRevenue": 202808000, "grossProfit": 176550000, "researchDevelopment": {}, "sellingGeneralAdministrative": 56330000, "nonRecurring": {}, "otherOperatingExpenses": 74001000, "totalOperatingExpenses": 344096000, "operatingIncome": 35262000, "totalOtherIncomeExpenseNet": -17461000, "ebit": 35262000, "interestExpense": -17460000, "incomeBeforeTax": 17801000, "incomeTaxExpense": 4527000, "minorityInterest": {}, "netIncomeFromContinuingOps": 13274000, "discontinuedOperations": {}, "extraordinaryItems": {}, "effectOfAccountingCharges": {}, "otherItems": {}, "netIncome": 13274000, "netIncomeApplicableToCommonShares": 13274000}], "maxAge": 86400}, "cashflowStatementHistoryQuarterly": {"cashflowStatements": [{"maxAge": 1, "endDate": "2020-06-30", "netIncome": -9579000, "changeToLiabilities": 0}, {"maxAge": 1, "endDate": "2020-03-31", "netIncome": 12444000, "changeToLiabilities": 0}, {"maxAge": 1, "endDate": "2019-12-31", "netIncome": 13996000, "changeToLiabilities": 0}, {"maxAge": 1, "endDate": "2019-09-30", "netIncome": 13274000, "changeToLiabilities": 0}], "maxAge": 86400}, "insiderHolders": {"holders": [{"maxAge": 1, "name": "Agarwal (Pujit Virender Kumar)", "relation": "Promoter", "url": "", "transactionDescription": "Acquisition", "latestTransDate": "2020-03-13", "positionIndirect": 41790, "positionIndirectDate": 1584057600}], "maxAge": 1}, "calendarEvents": {"maxAge": 1, "earnings": {"earningsDate": []}}, "price": {"maxAge": 1, "regularMarketChangePercent": 0.003915427, "regularMarketChange": 0.25, "regularMarketTime": "2021-04-30 15:00:58", "priceHint": 2, "regularMarketPrice": 64.1, "regularMarketDayHigh": 65.0, "regularMarketDayLow": 64.0, "regularMarketVolume": 20, "averageDailyVolume10Day": 5334, "averageDailyVolume3Month": 2243, "regularMarketPreviousClose": 63.85, "regularMarketSource": "FREE_REALTIME", "regularMarketOpen": 65.0, "exchange": "BSE", "exchangeName": "BSE", "exchangeDataDelayedBy": 0, "marketState": "CLOSED", "quoteType": "EQUITY", "symbol": "SURYAAMBA.BO", "underlyingSymbol": null, "shortName": "SURYAAMBA SPINNING MILLS LTD.", "longName": "Suryaamba Spinning Mills Limited", "currency": "INR", "quoteSourceName": "Delayed Quote", "currencySymbol": "\u20b9", "fromCurrency": null, "toCurrency": null, "lastMarket": null, "marketCap": 187937344}, "balanceSheetHistory": {"balanceSheetStatements": [{"maxAge": 1, "endDate": "2020-03-31", "cash": 1147000, "shortTermInvestments": 1377000, "netReceivables": 146309000, "inventory": 145158000, "otherCurrentAssets": 30943000, "totalCurrentAssets": 324934000, "propertyPlantEquipment": 639072000, "otherAssets": 5987000, "totalAssets": 969993000, "accountsPayable": 89735000, "shortLongTermDebt": 34346000, "otherCurrentLiab": 4483000, "longTermDebt": 225310000, "otherLiab": 95039000, "totalCurrentLiabilities": 301188000, "totalLiab": 625899000, "commonStock": 29319000, "retainedEarnings": 195826000, "treasuryStock": 83053000, "capitalSurplus": 35896000, "otherStockholderEquity": 83053000, "totalStockholderEquity": 344094000, "netTangibleAssets": 344094000}, {"maxAge": 1, "endDate": "2019-03-31", "cash": 1653000, "shortTermInvestments": 1377000, "netReceivables": 166945000, "inventory": 151681000, "otherCurrentAssets": 60984000, "totalCurrentAssets": 382640000, "propertyPlantEquipment": 580833000, "otherAssets": 2393000, "totalAssets": 965866000, "accountsPayable": 114650000, "shortLongTermDebt": 42536000, "otherCurrentLiab": 5077000, "longTermDebt": 201153000, "otherLiab": 85383000, "totalCurrentLiabilities": 374004000, "totalLiab": 671684000, "commonStock": 29319000, "retainedEarnings": 223214000, "treasuryStock": 5753000, "capitalSurplus": 35896000, "otherStockholderEquity": 5753000, "totalStockholderEquity": 294182000, "netTangibleAssets": 294182000}, {"maxAge": 1, "endDate": "2018-03-31", "cash": 899000, "shortTermInvestments": 72000, "netReceivables": 122666000, "inventory": 174324000, "otherCurrentAssets": 75776000, "totalCurrentAssets": 373737000, "propertyPlantEquipment": 600846000, "otherAssets": 17782000, "totalAssets": 992365000, "accountsPayable": 76526000, "shortLongTermDebt": 41496000, "otherCurrentLiab": 9050000, "longTermDebt": 281483000, "otherLiab": 90074000, "totalCurrentLiabilities": 356965000, "totalLiab": 732169000, "commonStock": 29319000, "retainedEarnings": 186228000, "treasuryStock": 8753000, "capitalSurplus": 35896000, "otherStockholderEquity": 8753000, "totalStockholderEquity": 260196000, "netTangibleAssets": 260196000}, {"maxAge": 1, "endDate": "2017-03-31", "cash": 1289000, "netReceivables": 111562000, "inventory": 164691000, "otherCurrentAssets": 74139000, "totalCurrentAssets": 351681000, "propertyPlantEquipment": 604236000, "otherAssets": 30211000, "totalAssets": 986128000, "accountsPayable": 64763000, "shortLongTermDebt": 30804000, "otherCurrentLiab": 11323000, "longTermDebt": 332282000, "otherLiab": 87066000, "totalCurrentLiabilities": 321316000, "totalLiab": 745903000, "commonStock": 29319000, "retainedEarnings": 166257000, "treasuryStock": 8753000, "capitalSurplus": 35896000, "otherStockholderEquity": 8753000, "totalStockholderEquity": 240225000, "netTangibleAssets": 240225000}], "maxAge": 86400}, "financialData": {"maxAge": 86400, "currentPrice": 64.1, "recommendationKey": "none", "grossProfits": 685811000, "financialCurrency": "INR"}}}