{"SURYODAY.NS": {"assetProfile": {"address1": "Unit No. 1101, Sharda Terraces", "address2": "Plot No. 65, Sector 11 CBD Belapur", "city": "Navi Mumbai", "zip": "400614", "country": "India", "phone": "91 22 4043 5800", "website": "http://www.suryodaybank.com", "industry": "Banks\u2014Regional", "sector": "Financial Services", "longBusinessSummary": "Suryoday Small Finance Bank Limited operates as a small finance bank primarily serving the unserved and underserved with a focus on financial inclusion in India. The company operates through Treasury, Retail Banking, Wholesale Banking, and Other Banking Operations segments. The company accepts savings and current accounts, term and fixed deposits, recurring deposits, and certificates of deposit. It also provides finance for mortgage and commercial vehicles; and loans to micro, small, and medium enterprises, as well as loans to non-banking finance companies. In addition, the company offers home loans, secured business loans against property, joint liability group loans, and emergency credit line guarantee schemes. Further, it provides life, general, and group health insurance, as well as national pension and social security schemes. Additionally, the company offers debit cards and NRI banking services; safe deposit locker facilities and bill and UPI payment services; and internet, phone, tab, and mobile banking services. As of July 31, 2020, it operated 482 banking outlets across 12 states and union territories. The company was formerly known as Suryoday Micro Finance Limited and changed its name to Suryoday Small Finance Bank Limited in January 2017. Suryoday Small Finance Bank Limited was founded in 2008 and is based in Navi Mumbai, India.", "fullTimeEmployees": 4695, "companyOfficers": [{"maxAge": 1, "name": "Mr. Baskar Babu Ramachandran", "age": 51, "title": "Co-Founder, MD, CEO & Exec. Director", "yearBorn": 1969, "fiscalYear": 2020, "totalPay": 16123000, "exercisedValue": 0, "unexercisedValue": 0}, {"maxAge": 1, "name": "Mr. Bhavin  Damania", "title": "Chief Financial Officer", "fiscalYear": 2020, "totalPay": 7995000, "exercisedValue": 0, "unexercisedValue": 0}, {"maxAge": 1, "name": "Ms. Geeta  Krishnan", "title": "Company Sec. & Compliance Officer", "fiscalYear": 2020, "totalPay": 3577000, "exercisedValue": 0, "unexercisedValue": 0}, {"maxAge": 1, "name": "Mr. Vishal  Singh", "title": "Chief Technology Officer", "exercisedValue": 0, "unexercisedValue": 0}, {"maxAge": 1, "name": "Mr. Vanamali Ranganathan Sridharan", "age": 50, "title": "Chief Information Officer", "yearBorn": 1970, "exercisedValue": 0, "unexercisedValue": 0}, {"maxAge": 1, "name": "Mr. R.  Mohan", "title": "Head of Legal", "exercisedValue": 0, "unexercisedValue": 0}, {"maxAge": 1, "name": "Mr. Viswanathan  Krishnamoorthy", "title": "Chief Compliance Officer", "exercisedValue": 0, "unexercisedValue": 0}, {"maxAge": 1, "name": "Ms. Dhara Manoj Vyas", "title": "Chief People Officer & Head of CSR", "exercisedValue": 0, "unexercisedValue": 0}, {"maxAge": 1, "name": "Mr. Narayan  Rao", "title": "Chief Services Officer & Head of Support Services", "exercisedValue": 0, "unexercisedValue": 0}, {"maxAge": 1, "name": "Mr. Sominder  Singh", "age": 50, "title": "Chief Bus. Officer of Retail Assets", "yearBorn": 1970, "exercisedValue": 0, "unexercisedValue": 0}], "compensationAsOfEpochDate": "2020-12-31 05:30:00", "maxAge": 86400}, "cashflowStatementHistory": {"cashflowStatements": [{"maxAge": 1, "endDate": "2020-03-31", "netIncome": 1111980000, "depreciation": 97840000, "changeToNetincome": 1338680000, "changeToLiabilities": 0, "changeToOperatingActivities": -9843190000, "totalCashFromOperatingActivities": -7294690000, "capitalExpenditures": -295690000, "investments": -1372430000, "totalCashflowsFromInvestingActivities": -1667610000, "netBorrowings": 1403880000, "otherCashflowsFromFinancingActivities": 12552900000, "totalCashFromFinancingActivities": 14653500000, "changeInCash": 5691200000, "issuanceOfStock": 696720000}, {"maxAge": 1, "endDate": "2019-03-31", "netIncome": 903980000, "depreciation": 55940000, "changeToNetincome": 647410000, "changeToLiabilities": 0, "changeToOperatingActivities": -15498260000, "totalCashFromOperatingActivities": -13890930000, "capitalExpenditures": -110300000, "investments": -25490000, "totalCashflowsFromInvestingActivities": -135710000, "netBorrowings": 4063960000, "otherCashflowsFromFinancingActivities": 8439030000, "totalCashFromFinancingActivities": 14992250000, "changeInCash": 965610000, "issuanceOfStock": 2489260000}, {"maxAge": 1, "endDate": "2018-03-31", "netIncome": 114920000, "depreciation": 46640000, "changeToNetincome": 654200000, "changeToLiabilities": 0, "changeToOperatingActivities": -3514880000, "totalCashFromOperatingActivities": -2699120000, "capitalExpenditures": -116370000, "investments": -739320000, "otherCashflowsFromInvestingActivities": 10950000, "totalCashflowsFromInvestingActivities": -843360000, "netBorrowings": -3108150000, "otherCashflowsFromFinancingActivities": 7274590000, "totalCashFromFinancingActivities": 4422030000, "changeInCash": 879550000, "issuanceOfStock": 255590000}, {"maxAge": 1, "endDate": "2017-03-31", "netIncome": 151004000, "depreciation": 21525000, "changeToNetincome": 100386000, "changeToLiabilities": 0, "changeToOperatingActivities": -2799381000, "totalCashFromOperatingActivities": -2526466000, "capitalExpenditures": -75104000, "investments": -1503596000, "otherCashflowsFromInvestingActivities": 377786000, "totalCashflowsFromInvestingActivities": -1200869000, "netBorrowings": 624034000, "otherCashflowsFromFinancingActivities": 220627000, "totalCashFromFinancingActivities": 3718534000, "changeInCash": -8801000, "issuanceOfStock": 2873873000}], "maxAge": 86400}, "institutionOwnership": {"ownershipList": [], "maxAge": 1}, "majorHoldersBreakdown": {"maxAge": 1, "insidersPercentHeld": 0.10662, "institutionsPercentHeld": 0.0, "institutionsFloatPercentHeld": 0.0, "institutionsCount": 0}, "balanceSheetHistoryQuarterly": {"balanceSheetStatements": [{"maxAge": 1, "endDate": "2019-12-31"}, {"maxAge": 1, "endDate": "2019-09-30"}, {"maxAge": 1, "endDate": "2019-06-30", "totalStockholderEquity": 8806292000, "netTangibleAssets": 8806292000}, {"maxAge": 1, "endDate": "2019-03-31", "cash": 2224776000, "shortTermInvestments": 1984432000, "otherCurrentAssets": 894709000, "totalCurrentAssets": 5103917000, "longTermInvestments": 4659495000, "propertyPlantEquipment": 189764000, "otherAssets": 27984620000, "deferredLongTermAssetCharges": 237189000, "totalAssets": 37937796000, "accountsPayable": 15934252000, "shortLongTermDebt": 4471500000, "otherCurrentLiab": 23440000, "longTermDebt": 6770776000, "otherLiab": 1603029000, "totalCurrentLiabilities": 20757699000, "totalLiab": 29131504000, "commonStock": 815825000, "retainedEarnings": 1675408000, "treasuryStock": 46706000, "capitalSurplus": 6268353000, "otherStockholderEquity": 46706000, "totalStockholderEquity": 8806292000, "netTangibleAssets": 8806292000}], "maxAge": 86400}, "indexTrend": {"maxAge": 1, "symbol": "SP5", "peRatio": 19.7411, "pegRatio": 1.34172, "estimates": [{"period": "0q", "growth": 0.549}, {"period": "+1q", "growth": 0.431}, {"period": "0y", "growth": 0.305}, {"period": "+1y", "growth": 0.109}, {"period": "+5y", "growth": 0.120865}, {"period": "-5y"}]}, "defaultKeyStatistics": {"maxAge": 1, "priceHint": 2, "enterpriseValue": 24490307584, "profitMargins": 0.10896, "floatShares": 46462508, "sharesOutstanding": 106131000, "heldPercentInsiders": 0.10662, "heldPercentInstitutions": 0.0, "category": null, "bookValue": 133.538, "priceToBook": 1.8717519, "fundFamily": null, "legalType": null, "lastFiscalYearEnd": "2020-03-31 05:30:00", "nextFiscalYearEnd": "2022-03-31 05:30:00", "mostRecentQuarter": "2019-12-31 05:30:00", "earningsQuarterlyGrowth": 0.722, "netIncomeToCommon": 393860000, "trailingEps": 4.369, "lastSplitFactor": null, "enterpriseToRevenue": 6.775}, "summaryProfile": {"address1": "Unit No. 1101, Sharda Terraces", "address2": "Plot No. 65, Sector 11 CBD Belapur", "city": "Navi Mumbai", "zip": "400614", "country": "India", "phone": "91 22 4043 5800", "website": "http://www.suryodaybank.com", "industry": "Banks\u2014Regional", "sector": "Financial Services", "longBusinessSummary": "Suryoday Small Finance Bank Limited operates as a small finance bank primarily serving the unserved and underserved with a focus on financial inclusion in India. The company operates through Treasury, Retail Banking, Wholesale Banking, and Other Banking Operations segments. The company accepts savings and current accounts, term and fixed deposits, recurring deposits, and certificates of deposit. It also provides finance for mortgage and commercial vehicles; and loans to micro, small, and medium enterprises, as well as loans to non-banking finance companies. In addition, the company offers home loans, secured business loans against property, joint liability group loans, and emergency credit line guarantee schemes. Further, it provides life, general, and group health insurance, as well as national pension and social security schemes. Additionally, the company offers debit cards and NRI banking services; safe deposit locker facilities and bill and UPI payment services; and internet, phone, tab, and mobile banking services. As of July 31, 2020, it operated 482 banking outlets across 12 states and union territories. The company was formerly known as Suryoday Micro Finance Limited and changed its name to Suryoday Small Finance Bank Limited in January 2017. Suryoday Small Finance Bank Limited was founded in 2008 and is based in Navi Mumbai, India.", "fullTimeEmployees": 4695, "companyOfficers": [], "maxAge": 86400}, "netSharePurchaseActivity": {"maxAge": 1, "period": "6m", "buyInfoCount": 0, "buyInfoShares": 0, "sellInfoCount": 0, "netInfoCount": 0, "netInfoShares": 0, "netPercentInsiderShares": 0.0, "totalInsiderShares": 10446715}, "insiderTransactions": {"transactions": [{"maxAge": 1, "shares": 5000, "value": 19065, "filerUrl": "", "transactionText": "Sale at price 3.81 per share.", "filerName": "Gadhia (Mtul Dilip)", "filerRelation": "UNREPORTED", "moneyText": "", "startDate": "2021-03-31", "ownership": "D"}, {"maxAge": 1, "shares": 5000, "value": 18971, "filerUrl": "", "transactionText": "Sale at price 3.79 per share.", "filerName": "Gawde (Vibha Dilip)", "filerRelation": "UNREPORTED", "moneyText": "", "startDate": "2021-03-31", "ownership": "D"}, {"maxAge": 1, "shares": 5000, "value": 18123, "filerUrl": "", "transactionText": "Sale at price 3.62 per share.", "filerName": "Guruvayurappan (Raghunath)", "filerRelation": "UNREPORTED", "moneyText": "", "startDate": "2021-03-31", "ownership": "D"}, {"maxAge": 1, "shares": 5000, "value": 18116, "filerUrl": "", "transactionText": "Sale at price 3.62 per share.", "filerName": "Krishnamoorthy (Viswanathan)", "filerRelation": "UNREPORTED", "moneyText": "", "startDate": "2021-03-31", "ownership": "D"}], "maxAge": 1}, "quoteType": {"exchange": "NSI", "quoteType": "EQUITY", "symbol": "SURYODAY.NS", "underlyingSymbol": "SURYODAY.NS", "shortName": "Suryoday Small Fin Bk Ltd", "longName": "Suryoday Small Finance Bank Limited", "firstTradeDateEpochUtc": "2021-03-26 09:15:00", "timeZoneFullName": "Asia/Kolkata", "timeZoneShortName": "IST", "uuid": "7390b654-75c9-3974-b9eb-cb6f19d085c6", "gmtOffSetMilliseconds": 19800000, "maxAge": 1}, "incomeStatementHistory": {"incomeStatementHistory": [{"maxAge": 1, "endDate": "2020-03-31", "totalRevenue": 4264970000, "costOfRevenue": 0, "grossProfit": 4264970000, "researchDevelopment": {}, "sellingGeneralAdministrative": 2388580000, "nonRecurring": {}, "otherOperatingExpenses": 282700000, "totalOperatingExpenses": 2721210000, "operatingIncome": 1543760000, "totalOtherIncomeExpenseNet": 0, "ebit": 0, "interestExpense": {}, "incomeBeforeTax": 1543760000, "incomeTaxExpense": 431780000, "minorityInterest": {}, "netIncomeFromContinuingOps": 1111980000, "discontinuedOperations": {}, "extraordinaryItems": {}, "effectOfAccountingCharges": {}, "otherItems": {}, "netIncome": 1111980000, "netIncomeApplicableToCommonShares": 1111980000}, {"maxAge": 1, "endDate": "2019-03-31", "totalRevenue": 3334670000, "costOfRevenue": 0, "grossProfit": 3334670000, "researchDevelopment": {}, "sellingGeneralAdministrative": 1714840000, "nonRecurring": {}, "otherOperatingExpenses": 167030000, "totalOperatingExpenses": 1907430000, "operatingIncome": 1427240000, "totalOtherIncomeExpenseNet": 0, "ebit": 0, "interestExpense": {}, "incomeBeforeTax": 1427240000, "incomeTaxExpense": 523260000, "minorityInterest": {}, "netIncomeFromContinuingOps": 903980000, "discontinuedOperations": {}, "extraordinaryItems": {}, "effectOfAccountingCharges": {}, "otherItems": {}, "netIncome": 903980000, "netIncomeApplicableToCommonShares": 903980000}, {"maxAge": 1, "endDate": "2018-03-31", "totalRevenue": 1492130000, "costOfRevenue": 0, "grossProfit": 1492130000, "researchDevelopment": {}, "sellingGeneralAdministrative": 1145370000, "nonRecurring": {}, "otherOperatingExpenses": 133350000, "totalOperatingExpenses": 1313770000, "operatingIncome": 178360000, "totalOtherIncomeExpenseNet": 0, "ebit": 0, "interestExpense": {}, "incomeBeforeTax": 178360000, "incomeTaxExpense": 63440000, "minorityInterest": {}, "netIncomeFromContinuingOps": 114920000, "discontinuedOperations": {}, "extraordinaryItems": {}, "effectOfAccountingCharges": {}, "otherItems": {}, "netIncome": 114920000, "netIncomeApplicableToCommonShares": 114920000}, {"maxAge": 1, "endDate": "2017-03-31", "totalRevenue": 1256376000, "costOfRevenue": 0, "grossProfit": 1256376000, "researchDevelopment": {}, "sellingGeneralAdministrative": 855261000, "nonRecurring": {}, "otherOperatingExpenses": 157083000, "totalOperatingExpenses": 1017872000, "operatingIncome": 238504000, "totalOtherIncomeExpenseNet": 0, "ebit": 0, "interestExpense": {}, "incomeBeforeTax": 238504000, "incomeTaxExpense": 87500000, "minorityInterest": {}, "netIncomeFromContinuingOps": 151004000, "discontinuedOperations": {}, "extraordinaryItems": {}, "effectOfAccountingCharges": {}, "otherItems": {}, "netIncome": 151004000, "netIncomeApplicableToCommonShares": 151004000}], "maxAge": 86400}, "fundOwnership": {"ownershipList": [], "maxAge": 1}, "summaryDetail": {"maxAge": 1, "priceHint": 2, "previousClose": 249.95, "open": 249.65, "dayLow": 247.4, "dayHigh": 250.7, "regularMarketPreviousClose": 249.95, "regularMarketOpen": 249.65, "regularMarketDayLow": 247.4, "regularMarketDayHigh": 250.7, "payoutRatio": 0.0, "trailingPE": 57.20989, "volume": 499516, "regularMarketVolume": 499516, "averageVolume": 1675906, "averageVolume10days": 843871, "averageDailyVolume10Day": 843871, "bid": 0.0, "ask": 0.0, "marketCap": 26522193920, "fiftyTwoWeekLow": 247.4, "fiftyTwoWeekHigh": 296.35, "priceToSalesTrailing12Months": 7.3376403, "fiftyDayAverage": 274.69, "twoHundredDayAverage": 274.69, "currency": "INR", "fromCurrency": null, "lastMarket": null, "algorithm": null, "tradeable": false}, "incomeStatementHistoryQuarterly": {"incomeStatementHistory": [{"maxAge": 1, "endDate": "2019-12-31", "totalRevenue": 1571450000, "costOfRevenue": 0, "grossProfit": 1571450000, "researchDevelopment": {}, "sellingGeneralAdministrative": 1688200000, "nonRecurring": {}, "otherOperatingExpenses": -1072370000, "totalOperatingExpenses": 640020000, "operatingIncome": 931430000, "totalOtherIncomeExpenseNet": 0, "ebit": 0, "interestExpense": {}, "incomeBeforeTax": 931430000, "incomeTaxExpense": 516850000, "minorityInterest": {}, "netIncomeFromContinuingOps": 414580000, "discontinuedOperations": {}, "extraordinaryItems": {}, "effectOfAccountingCharges": {}, "otherItems": {}, "netIncome": 414580000, "netIncomeApplicableToCommonShares": 414580000}, {"maxAge": 1, "endDate": "2019-09-30", "totalRevenue": 1047950000, "costOfRevenue": 0, "grossProfit": 1047950000, "researchDevelopment": {}, "sellingGeneralAdministrative": 1688200000, "nonRecurring": {}, "otherOperatingExpenses": 621850000, "totalOperatingExpenses": 621850000, "operatingIncome": 426100000, "totalOtherIncomeExpenseNet": 0, "ebit": 0, "interestExpense": {}, "incomeBeforeTax": 426100000, "incomeTaxExpense": 0, "minorityInterest": {}, "netIncomeFromContinuingOps": 426100000, "discontinuedOperations": {}, "extraordinaryItems": {}, "effectOfAccountingCharges": {}, "otherItems": {}, "netIncome": 426100000, "netIncomeApplicableToCommonShares": 426100000}, {"maxAge": 1, "endDate": "2019-06-30", "totalRevenue": 1047950000, "costOfRevenue": 0, "grossProfit": 1047950000, "researchDevelopment": {}, "sellingGeneralAdministrative": 1688200000, "nonRecurring": {}, "otherOperatingExpenses": 621850000, "totalOperatingExpenses": 621850000, "operatingIncome": 426100000, "totalOtherIncomeExpenseNet": 0, "ebit": 0, "interestExpense": {}, "incomeBeforeTax": 426100000, "incomeTaxExpense": 0, "minorityInterest": {}, "netIncomeFromContinuingOps": 426100000, "discontinuedOperations": {}, "extraordinaryItems": {}, "effectOfAccountingCharges": {}, "otherItems": {}, "netIncome": 426100000, "netIncomeApplicableToCommonShares": 426100000}, {"maxAge": 1, "endDate": "2019-03-31", "totalRevenue": 952315500, "costOfRevenue": 0, "grossProfit": 952315500, "researchDevelopment": {}, "sellingGeneralAdministrative": 573439500, "nonRecurring": {}, "otherOperatingExpenses": -29396000, "totalOperatingExpenses": 556825000, "operatingIncome": 395490500, "totalOtherIncomeExpenseNet": 0, "ebit": 0, "interestExpense": {}, "incomeBeforeTax": 395490500, "incomeTaxExpense": 154700000, "minorityInterest": {}, "netIncomeFromContinuingOps": 240790500, "discontinuedOperations": {}, "extraordinaryItems": {}, "effectOfAccountingCharges": {}, "otherItems": {}, "netIncome": 240790500, "netIncomeApplicableToCommonShares": 240790500}], "maxAge": 86400}, "cashflowStatementHistoryQuarterly": {"cashflowStatements": [{"maxAge": 1, "endDate": "2019-12-31", "netIncome": 414580000, "changeToLiabilities": 0}, {"maxAge": 1, "endDate": "2019-09-30", "netIncome": 426100000, "changeToLiabilities": 0}, {"maxAge": 1, "endDate": "2019-06-30", "netIncome": 426100000, "changeToLiabilities": 0}, {"maxAge": 1, "endDate": "2019-03-31", "netIncome": 240790500, "changeToLiabilities": 0}], "maxAge": 86400}, "insiderHolders": {"holders": [{"maxAge": 1, "name": "Gadhia (Mtul Dilip)", "relation": "UNREPORTED", "url": "", "transactionDescription": "Sale", "latestTransDate": "2021-03-31", "positionDirect": 1470, "positionDirectDate": "2021-03-31"}, {"maxAge": 1, "name": "Gawde (Vibha Dilip)", "relation": "UNREPORTED", "url": "", "transactionDescription": "Sale", "latestTransDate": "2021-03-31", "positionDirect": 3750, "positionDirectDate": "2021-03-31"}, {"maxAge": 1, "name": "Guruvayurappan (Raghunath)", "relation": "UNREPORTED", "url": "", "transactionDescription": "Sale", "latestTransDate": "2021-03-31", "positionDirect": 0, "positionDirectDate": "2021-03-31"}, {"maxAge": 1, "name": "Krishnamoorthy (Viswanathan)", "relation": "UNREPORTED", "url": "", "transactionDescription": "Sale", "latestTransDate": "2021-03-31", "positionDirect": 20500, "positionDirectDate": "2021-03-31"}], "maxAge": 1}, "calendarEvents": {"maxAge": 1, "earnings": {"earningsDate": []}}, "upgradeDowngradeHistory": {"history": [], "maxAge": 86400}, "price": {"maxAge": 1, "regularMarketChangePercent": 0.0, "regularMarketChange": 0.0, "regularMarketTime": "2021-04-30 15:29:57", "priceHint": 2, "regularMarketPrice": 249.95, "regularMarketDayHigh": 250.7, "regularMarketDayLow": 247.4, "regularMarketVolume": 499516, "averageDailyVolume10Day": 843871, "averageDailyVolume3Month": 1675906, "regularMarketPreviousClose": 249.95, "regularMarketSource": "FREE_REALTIME", "regularMarketOpen": 249.65, "exchange": "NSI", "exchangeName": "NSE", "exchangeDataDelayedBy": 15, "marketState": "CLOSED", "quoteType": "EQUITY", "symbol": "SURYODAY.NS", "underlyingSymbol": null, "shortName": "Suryoday Small Fin Bk Ltd", "longName": "Suryoday Small Finance Bank Limited", "currency": "INR", "quoteSourceName": "Delayed Quote", "currencySymbol": "\u20b9", "fromCurrency": null, "lastMarket": null, "marketCap": 26522193920}, "balanceSheetHistory": {"balanceSheetStatements": [{"maxAge": 1, "endDate": "2020-03-31", "cash": 7829730000, "shortTermInvestments": 1229990000, "otherCurrentAssets": 1212160000, "totalCurrentAssets": 10271880000, "longTermInvestments": 6851990000, "propertyPlantEquipment": 387300000, "otherAssets": 36134050000, "deferredLongTermAssetCharges": 426890000, "totalAssets": 53645220000, "accountsPayable": 28487150000, "shortLongTermDebt": 5140060000, "otherCurrentLiab": 48910000, "longTermDebt": 7506090000, "otherLiab": 1580420000, "totalCurrentLiabilities": 33896400000, "totalLiab": 42982910000, "commonStock": 865940000, "retainedEarnings": 2812600000, "treasuryStock": 72950000, "capitalSurplus": 6910820000, "otherStockholderEquity": 72950000, "totalStockholderEquity": 10662310000, "netTangibleAssets": 10662310000}, {"maxAge": 1, "endDate": "2019-03-31", "cash": 2224740000, "shortTermInvestments": 1984430000, "otherCurrentAssets": 894710000, "totalCurrentAssets": 5103880000, "longTermInvestments": 4659500000, "propertyPlantEquipment": 189770000, "otherAssets": 27658880000, "deferredLongTermAssetCharges": 238600000, "totalAssets": 37612030000, "accountsPayable": 15934250000, "shortLongTermDebt": 4471690000, "otherCurrentLiab": 23440000, "longTermDebt": 6770590000, "otherLiab": 1279880000, "totalCurrentLiabilities": 20757890000, "totalLiab": 28808360000, "commonStock": 815820000, "retainedEarnings": 1700670000, "treasuryStock": 46700000, "capitalSurplus": 6240480000, "otherStockholderEquity": 46700000, "totalStockholderEquity": 8803670000, "netTangibleAssets": 8803670000}, {"maxAge": 1, "endDate": "2018-03-31", "cash": 1411960000, "shortTermInvestments": 245290000, "otherCurrentAssets": 553890000, "totalCurrentAssets": 2211140000, "longTermInvestments": 2868140000, "propertyPlantEquipment": 135410000, "otherAssets": 16344950000, "deferredLongTermAssetCharges": 138500000, "totalAssets": 21559640000, "accountsPayable": 7495220000, "shortLongTermDebt": 5074070000, "otherCurrentLiab": 470000, "longTermDebt": 2104250000, "otherLiab": 1358500000, "totalCurrentLiabilities": 12712040000, "totalLiab": 16174790000, "commonStock": 674970000, "retainedEarnings": 795740000, "treasuryStock": 34090000, "capitalSurplus": 3880050000, "otherStockholderEquity": 34090000, "totalStockholderEquity": 5384850000, "netTangibleAssets": 5384850000}, {"maxAge": 1, "endDate": "2017-03-31", "cash": 556632000, "otherCurrentAssets": 461460000, "totalCurrentAssets": 1018092000, "longTermInvestments": 5939291000, "propertyPlantEquipment": 77798000, "otherAssets": 9006891000, "deferredLongTermAssetCharges": 80500000, "totalAssets": 16042072000, "accountsPayable": 220627000, "shortLongTermDebt": 5245157000, "longTermDebt": 4970600000, "otherLiab": 457392000, "totalCurrentLiabilities": 5608360000, "totalLiab": 11036352000, "commonStock": 640647000, "retainedEarnings": 707194000, "treasuryStock": 9656000, "capitalSurplus": 3648223000, "otherStockholderEquity": 9656000, "totalStockholderEquity": 5005720000, "netTangibleAssets": 5005720000}], "maxAge": 86400}, "financialData": {"maxAge": 86400, "currentPrice": 249.95, "recommendationKey": "none", "totalRevenue": 3614540032, "revenuePerShare": 41.05, "grossProfits": 4264970000, "operatingCashflow": -7084299776, "earningsGrowth": 0.465, "revenueGrowth": 0.65, "grossMargins": 0.0, "ebitdaMargins": 0.0, "operatingMargins": 0.12746, "profitMargins": 0.10896, "financialCurrency": "INR"}}}