{"SUTLEJTEX.NS": {"assetProfile": {"address1": "Lotus Corporate Park", "address2": "E-Wing, 5th and 6th Floor 185/A, Graham Firth Steel Compound Near Jay Coach, Off Western Express Hwy,", "city": "Mumbai", "zip": "400063", "country": "India", "phone": "91 22 4219 8800", "fax": "91 22 4219 8804", "website": "http://www.sutlejtextiles.com", "industry": "Textile Manufacturing", "sector": "Consumer Cyclical", "longBusinessSummary": "Sutlej Textiles and Industries Limited manufactures and sells yarns and home textiles in India. It operates through two segments, Yarn and Home Textiles. The company offers various yarns, including polyester, viscose, acrylic, modal and tencel, cotton m\u00c3\u00a9lange and cone-dyed, polyester/viscose, polyester/cotton, acrylic/cotton, polyester/acrylic, modal/cotton, modal/polyester, viscose/cotton, and bamboo/cotton yarns; and micro-polyester, micro-acrylic, micro-modal, hamel covered, low piling, carpet backing and pile, ready-to-dye package, cationic dyeable, bamboo, and soy milk fiber yarns. It also provides home textiles, such as curtains, cushions, throws, table covers, table mats, runners, duvets, comforters; drapery fabrics; upholstery fabrics; made-ups comprising cushions, throws, curtains, bed scarves, shams, quilts and quilting materials, and chenille items; and finishes consisting of fire retardants, insect repellents, scotchgard protection finishes, aero and decca finishes, soil repellents, and bio and aroma finishes. In addition, the company exports its products to approximately 62 countries. Sutlej Textiles and Industries Limited was incorporated in 2005 and is based in Mumbai, India.", "fullTimeEmployees": 16254, "companyOfficers": [{"maxAge": 1, "name": "Mr. Chandra Shekhar Nopany", "age": 55, "title": "Exec. Chairman", "yearBorn": 1965, "fiscalYear": 2020, "totalPay": 27750000, "exercisedValue": 0, "unexercisedValue": 0}, {"maxAge": 1, "name": "Mr. Updeep Singh Chatrath", "age": 54, "title": "Pres & CEO", "yearBorn": 1966, "exercisedValue": 0, "unexercisedValue": 0}, {"maxAge": 1, "name": "Mr. Bipeen Yashwant Valame", "age": 51, "title": "CFO & Whole Time Director", "yearBorn": 1969, "fiscalYear": 2020, "totalPay": 11128796, "exercisedValue": 0, "unexercisedValue": 0}, {"maxAge": 1, "name": "Mr. Manoj  Contractor", "age": 50, "title": "Compliance Officer & Company Sec.", "yearBorn": 1970, "fiscalYear": 2020, "totalPay": 7029899, "exercisedValue": 0, "unexercisedValue": 0}, {"maxAge": 1, "name": "Mr. Manoj  John M.B.A", "age": 48, "title": "VP of Strategic Initiatives", "yearBorn": 1972, "exercisedValue": 0, "unexercisedValue": 0}, {"maxAge": 1, "name": "Mr. P. K. Mittal", "title": "Exec. VP of Communications & Admin.", "fiscalYear": 2019, "exercisedValue": 0, "unexercisedValue": 0}, {"maxAge": 1, "name": "Mr. Vipul  Saxena", "age": 56, "title": "Exec. VP of Group Human Resource", "yearBorn": 1964, "exercisedValue": 0, "unexercisedValue": 0}, {"maxAge": 1, "name": "Mr. Dhiraj Ramakant Banka", "age": 45, "title": "Sr. VP of Exports - Yarns", "yearBorn": 1975, "exercisedValue": 0, "unexercisedValue": 0}, {"maxAge": 1, "name": "Mr. Hari Mohan Vashisth", "title": "Exec. Pres of Bhawanimandi Unit", "fiscalYear": 2019, "exercisedValue": 0, "unexercisedValue": 0}, {"maxAge": 1, "name": "Mr. Pradip  Sharrma", "title": "Sr. VP of Works - Daheli Unit", "exercisedValue": 0, "unexercisedValue": 0}], "compensationAsOfEpochDate": "2020-12-31 05:30:00", "maxAge": 86400}, "recommendationTrend": {"trend": [{"period": "0m", "strongBuy": 0, "buy": 0, "hold": 0, "sell": 0, "strongSell": 0}, {"period": "-1m", "strongBuy": 0, "buy": 0, "hold": 0, "sell": 0, "strongSell": 0}, {"period": "-2m", "strongBuy": 0, "buy": 0, "hold": 0, "sell": 0, "strongSell": 0}, {"period": "-3m", "strongBuy": 0, "buy": 0, "hold": 0, "sell": 0, "strongSell": 0}], "maxAge": 86400}, "cashflowStatementHistory": {"cashflowStatements": [{"maxAge": 1, "endDate": "2020-03-31", "netIncome": 277000000, "depreciation": 1006700000, "changeToNetincome": 464800000, "changeToAccountReceivables": 392500000, "changeToLiabilities": 36700000, "changeToInventory": 885800000, "changeToOperatingActivities": 121000000, "totalCashFromOperatingActivities": 3188800000, "capitalExpenditures": -2434100000, "investments": 244200000, "otherCashflowsFromInvestingActivities": 101800000, "totalCashflowsFromInvestingActivities": -2085800000, "dividendsPaid": -106400000, "netBorrowings": -497700000, "otherCashflowsFromFinancingActivities": -482100000, "totalCashFromFinancingActivities": -1086200000, "changeInCash": 16800000}, {"maxAge": 1, "endDate": "2019-03-31", "netIncome": 582600000, "depreciation": 1005900000, "changeToNetincome": 400700000, "changeToAccountReceivables": 301700000, "changeToLiabilities": 200400000, "changeToInventory": -513000000, "changeToOperatingActivities": 184700000, "totalCashFromOperatingActivities": 2165000000, "capitalExpenditures": -601400000, "investments": 245800000, "otherCashflowsFromInvestingActivities": 166400000, "totalCashflowsFromInvestingActivities": -141600000, "dividendsPaid": -213000000, "netBorrowings": -1245800000, "otherCashflowsFromFinancingActivities": -607500000, "totalCashFromFinancingActivities": -2066300000, "changeInCash": -42900000}, {"maxAge": 1, "endDate": "2018-03-31", "netIncome": 1133600000, "depreciation": 1065300000, "changeToNetincome": 181500000, "changeToAccountReceivables": -813100000, "changeToLiabilities": 258300000, "changeToInventory": 217500000, "changeToOperatingActivities": -469700000, "totalCashFromOperatingActivities": 1574500000, "capitalExpenditures": -954500000, "investments": -2100000, "otherCashflowsFromInvestingActivities": 366700000, "totalCashflowsFromInvestingActivities": -728300000, "dividendsPaid": -213000000, "netBorrowings": 109500000, "otherCashflowsFromFinancingActivities": -634900000, "totalCashFromFinancingActivities": -738400000, "changeInCash": 107800000}, {"maxAge": 1, "endDate": "2017-03-31", "netIncome": 1579400000, "depreciation": 848700000, "changeToNetincome": 171700000, "changeToAccountReceivables": -311900000, "changeToLiabilities": 52000000, "changeToInventory": -997200000, "changeToOperatingActivities": 65400000, "totalCashFromOperatingActivities": 1409600000, "capitalExpenditures": -3225400000, "investments": -1700000, "otherCashflowsFromInvestingActivities": 216800000, "totalCashflowsFromInvestingActivities": -2987400000, "dividendsPaid": -212900000, "netBorrowings": 2298900000, "otherCashflowsFromFinancingActivities": -511300000, "totalCashFromFinancingActivities": 1574700000, "changeInCash": -3100000}], "maxAge": 86400}, "indexTrend": {"maxAge": 1, "symbol": "SP5", "peRatio": 19.7411, "pegRatio": 1.34172, "estimates": [{"period": "0q", "growth": 0.549}, {"period": "+1q", "growth": 0.431}, {"period": "0y", "growth": 0.305}, {"period": "+1y", "growth": 0.109}, {"period": "+5y", "growth": 0.120865}, {"period": "-5y"}]}, "defaultKeyStatistics": {"maxAge": 1, "priceHint": 2, "enterpriseValue": 12955499520, "forwardPE": 5.985507, "profitMargins": -0.025940001, "floatShares": 48476160, "sharesOutstanding": 163828992, "heldPercentInsiders": 0.81383, "heldPercentInstitutions": 0.0, "beta": 1.037003, "category": null, "bookValue": 44.413, "priceToBook": 0.9299079, "fundFamily": null, "legalType": null, "lastFiscalYearEnd": "2020-03-31 05:30:00", "nextFiscalYearEnd": "2022-03-31 05:30:00", "mostRecentQuarter": "2020-12-31 05:30:00", "earningsQuarterlyGrowth": -0.339, "netIncomeToCommon": -452300000, "trailingEps": -2.765, "forwardEps": 6.9, "lastSplitFactor": "10:1", "lastSplitDate": "2017-09-26 05:30:00", "enterpriseToRevenue": 0.743, "enterpriseToEbitda": 20.776}, "industryTrend": {"maxAge": 1, "symbol": null, "estimates": []}, "quoteType": {"exchange": "NSI", "quoteType": "EQUITY", "symbol": "SUTLEJTEX.NS", "underlyingSymbol": "SUTLEJTEX.NS", "shortName": "SUTLEJ TEXTILES", "longName": "Sutlej Textiles and Industries Limited", "firstTradeDateEpochUtc": "2002-08-12 09:15:00", "timeZoneFullName": "Asia/Kolkata", "timeZoneShortName": "IST", "uuid": "a33c9d30-9945-3755-b442-6cd2bc2b2848", "gmtOffSetMilliseconds": 19800000, "maxAge": 1}, "incomeStatementHistory": {"incomeStatementHistory": [{"maxAge": 1, "endDate": "2020-03-31", "totalRevenue": 24166500000, "costOfRevenue": 14032900000, "grossProfit": 10133600000, "researchDevelopment": {}, "sellingGeneralAdministrative": 3576300000, "nonRecurring": {}, "otherOperatingExpenses": 4735500000, "totalOperatingExpenses": 23355700000, "operatingIncome": 810800000, "totalOtherIncomeExpenseNet": -347400000, "ebit": 810800000, "interestExpense": -413100000, "incomeBeforeTax": 463400000, "incomeTaxExpense": 186400000, "minorityInterest": {}, "netIncomeFromContinuingOps": 277000000, "discontinuedOperations": {}, "extraordinaryItems": {}, "effectOfAccountingCharges": {}, "otherItems": {}, "netIncome": 277000000, "netIncomeApplicableToCommonShares": 277000000}, {"maxAge": 1, "endDate": "2019-03-31", "totalRevenue": 26137700000, "costOfRevenue": 15828700000, "grossProfit": 10309000000, "researchDevelopment": {}, "sellingGeneralAdministrative": 3322700000, "nonRecurring": {}, "otherOperatingExpenses": 4842700000, "totalOperatingExpenses": 25002000000, "operatingIncome": 1135700000, "totalOtherIncomeExpenseNet": -310500000, "ebit": 1135700000, "interestExpense": -521400000, "incomeBeforeTax": 825200000, "incomeTaxExpense": 242600000, "minorityInterest": {}, "netIncomeFromContinuingOps": 582600000, "discontinuedOperations": {}, "extraordinaryItems": {}, "effectOfAccountingCharges": {}, "otherItems": {}, "netIncome": 582600000, "netIncomeApplicableToCommonShares": 582600000}, {"maxAge": 1, "endDate": "2018-03-31", "totalRevenue": 24762900000, "costOfRevenue": 14465000000, "grossProfit": 10297900000, "researchDevelopment": {}, "sellingGeneralAdministrative": 3044800000, "nonRecurring": {}, "otherOperatingExpenses": 4782000000, "totalOperatingExpenses": 23357700000, "operatingIncome": 1405200000, "totalOtherIncomeExpenseNet": 166600000, "ebit": 1405200000, "interestExpense": -547400000, "incomeBeforeTax": 1571800000, "incomeTaxExpense": 438200000, "minorityInterest": {}, "netIncomeFromContinuingOps": 1133600000, "discontinuedOperations": {}, "extraordinaryItems": {}, "effectOfAccountingCharges": {}, "otherItems": {}, "netIncome": 1133600000, "netIncomeApplicableToCommonShares": 1133600000}, {"maxAge": 1, "endDate": "2017-03-31", "totalRevenue": 22492900000, "costOfRevenue": 12980600000, "grossProfit": 9512300000, "researchDevelopment": {}, "sellingGeneralAdministrative": 2666600000, "nonRecurring": {}, "otherOperatingExpenses": 4008800000, "totalOperatingExpenses": 20506200000, "operatingIncome": 1986700000, "totalOtherIncomeExpenseNet": -102100000, "ebit": 1986700000, "interestExpense": -434500000, "incomeBeforeTax": 1884600000, "incomeTaxExpense": 305200000, "minorityInterest": {}, "netIncomeFromContinuingOps": 1579400000, "discontinuedOperations": {}, "extraordinaryItems": {}, "effectOfAccountingCharges": {}, "otherItems": {}, "netIncome": 1579400000, "netIncomeApplicableToCommonShares": 1579400000}], "maxAge": 86400}, "fundOwnership": {"ownershipList": [], "maxAge": 1}, "summaryDetail": {"maxAge": 1, "priceHint": 2, "previousClose": 41.3, "open": 40.2, "dayLow": 40.2, "dayHigh": 42.0, "regularMarketPreviousClose": 41.3, "regularMarketOpen": 40.2, "regularMarketDayLow": 40.2, "regularMarketDayHigh": 42.0, "dividendRate": 0.3, "dividendYield": 0.0073, "exDividendDate": "2020-09-14 05:30:00", "fiveYearAvgDividendYield": 2.12, "beta": 1.037003, "forwardPE": 5.985507, "volume": 78496, "regularMarketVolume": 78496, "averageVolume": 160609, "averageVolume10days": 73650, "averageDailyVolume10Day": 73650, "bid": 0.0, "ask": 0.0, "bidSize": 0, "askSize": 0, "marketCap": 6725167616, "fiftyTwoWeekLow": 17.55, "fiftyTwoWeekHigh": 52.0, "priceToSalesTrailing12Months": 0.38577002, "fiftyDayAverage": 42.854546, "twoHundredDayAverage": 36.91786, "trailingAnnualDividendRate": 0.3, "trailingAnnualDividendYield": 0.007263923, "currency": "INR", "fromCurrency": null, "lastMarket": null, "algorithm": null, "tradeable": false}, "insiderHolders": {"holders": [{"maxAge": 1, "name": "Earthstone Holding Pvt Ltd", "relation": "Promoter", "url": "", "transactionDescription": "Sale", "latestTransDate": "2020-12-30", "positionDirect": 0, "positionDirectDate": "2020-12-30"}, {"maxAge": 1, "name": "Nopany (Chandra Shekhar)", "relation": "Executive Chairman", "url": "", "transactionDescription": "Acquisition", "latestTransDate": "2016-02-12", "positionDirect": 11000, "positionDirectDate": "2016-02-12"}, {"maxAge": 1, "name": "Sidh Enterprises Ltd", "relation": "Promoter", "url": "", "transactionDescription": "Other", "latestTransDate": "2013-07-04", "positionDirect": 119424, "positionDirectDate": "2013-07-04"}], "maxAge": 1}, "calendarEvents": {"maxAge": 1, "earnings": {"earningsDate": [], "revenueAverage": 6333800000}, "exDividendDate": "2020-09-14 05:30:00"}, "upgradeDowngradeHistory": {"history": [], "maxAge": 86400}, "price": {"maxAge": 1, "regularMarketChangePercent": 0.0, "regularMarketChange": 0.0, "regularMarketTime": "2021-04-30 15:29:59", "priceHint": 2, "regularMarketPrice": 41.3, "regularMarketDayHigh": 42.0, "regularMarketDayLow": 40.2, "regularMarketVolume": 78496, "averageDailyVolume10Day": 73650, "averageDailyVolume3Month": 160609, "regularMarketPreviousClose": 41.3, "regularMarketSource": "FREE_REALTIME", "regularMarketOpen": 40.2, "exchange": "NSI", "exchangeName": "NSE", "exchangeDataDelayedBy": 15, "marketState": "CLOSED", "quoteType": "EQUITY", "symbol": "SUTLEJTEX.NS", "underlyingSymbol": null, "shortName": "SUTLEJ TEXTILES", "longName": "Sutlej Textiles and Industries Limited", "currency": "INR", "quoteSourceName": "Delayed Quote", "currencySymbol": "\u20b9", "fromCurrency": null, "lastMarket": null, "marketCap": 6725167616}, "balanceSheetHistory": {"balanceSheetStatements": [{"maxAge": 1, "endDate": "2020-03-31", "cash": 101900000, "shortTermInvestments": 5200000, "netReceivables": 3087900000, "inventory": 4768800000, "otherCurrentAssets": 685700000, "totalCurrentAssets": 8702300000, "longTermInvestments": 7900000, "propertyPlantEquipment": 12101000000, "goodWill": 71700000, "intangibleAssets": 37000000, "otherAssets": 327800000, "totalAssets": 21247700000, "accountsPayable": 1235000000, "shortLongTermDebt": 1124700000, "otherCurrentLiab": 408600000, "longTermDebt": 4695500000, "otherLiab": 703500000, "totalCurrentLiabilities": 6244000000, "totalLiab": 11656700000, "commonStock": 163800000, "retainedEarnings": 9355700000, "treasuryStock": 71500000, "otherStockholderEquity": 71500000, "totalStockholderEquity": 9591000000, "netTangibleAssets": 9482300000}, {"maxAge": 1, "endDate": "2019-03-31", "cash": 85100000, "shortTermInvestments": 5500000, "netReceivables": 3571800000, "inventory": 5654600000, "otherCurrentAssets": 695600000, "totalCurrentAssets": 10047700000, "longTermInvestments": 264200000, "propertyPlantEquipment": 10737800000, "goodWill": 67300000, "intangibleAssets": 17300000, "otherAssets": 192400000, "totalAssets": 21326700000, "accountsPayable": 1205600000, "shortLongTermDebt": 1048200000, "otherCurrentLiab": 381500000, "longTermDebt": 4369200000, "otherLiab": 588900000, "totalCurrentLiabilities": 6950200000, "totalLiab": 11908300000, "commonStock": 163800000, "retainedEarnings": 9207000000, "treasuryStock": 47600000, "otherStockholderEquity": 47600000, "totalStockholderEquity": 9418400000, "netTangibleAssets": 9333800000}, {"maxAge": 1, "endDate": "2018-03-31", "cash": 128000000, "shortTermInvestments": 5500000, "netReceivables": 4057700000, "inventory": 5141600000, "otherCurrentAssets": 685400000, "totalCurrentAssets": 10047800000, "longTermInvestments": 509700000, "propertyPlantEquipment": 11182000000, "goodWill": 64000000, "intangibleAssets": 10900000, "otherAssets": 68700000, "totalAssets": 21883100000, "accountsPayable": 1011100000, "shortLongTermDebt": 999000000, "otherCurrentLiab": 357000000, "longTermDebt": 5091600000, "otherLiab": 456800000, "totalCurrentLiabilities": 7265300000, "totalLiab": 12813700000, "commonStock": 163800000, "retainedEarnings": 8881200000, "treasuryStock": 24400000, "otherStockholderEquity": 24400000, "totalStockholderEquity": 9069400000, "netTangibleAssets": 8994500000}, {"maxAge": 1, "endDate": "2017-03-31", "cash": 30500000, "netReceivables": 2903900000, "inventory": 5299200000, "otherCurrentAssets": 429700000, "totalCurrentAssets": 8682500000, "longTermInvestments": 283200000, "propertyPlantEquipment": 11388600000, "intangibleAssets": 5500000, "otherAssets": 91900000, "totalAssets": 20451700000, "accountsPayable": 715600000, "shortLongTermDebt": 906100000, "otherCurrentLiab": 457700000, "longTermDebt": 5130400000, "otherLiab": 250900000, "totalCurrentLiabilities": 6910700000, "totalLiab": 12292000000, "commonStock": 163800000, "retainedEarnings": 8004000000, "treasuryStock": -8100000, "otherStockholderEquity": -8100000, "totalStockholderEquity": 8159700000, "netTangibleAssets": 8154200000}], "maxAge": 86400}, "earningsTrend": {"trend": [{"maxAge": 1, "period": "0q", "endDate": "2018-03-31", "growth": {}, "earningsEstimate": {"avg": 0.0, "low": 0.0, "high": 0.0, "yearAgoEps": 1.69, "numberOfAnalysts": 0, "growth": {}}, "revenueEstimate": {"avg": 6333800000, "low": 0, "high": 0, "numberOfAnalysts": 0, "yearAgoRevenue": 5976700000, "growth": 0.06}, "epsTrend": {"current": 0.0, "7daysAgo": 0.0, "30daysAgo": 0.0, "60daysAgo": 0.0, "90daysAgo": 0.0}, "epsRevisions": {"upLast7days": 0, "upLast30days": 0, "downLast30days": 0, "downLast90days": {}}}, {"maxAge": 1, "period": "+1q", "endDate": "2018-06-30", "growth": {}, "earningsEstimate": {"avg": 0.0, "low": 0.0, "high": 0.0, "yearAgoEps": 2.03, "numberOfAnalysts": 0, "growth": {}}, "revenueEstimate": {"avg": 0, "low": 0, "high": 0, "numberOfAnalysts": 0, "yearAgoRevenue": {}, "growth": {}}, "epsTrend": {"current": 0.0, "7daysAgo": 0.0, "30daysAgo": 0.0, "60daysAgo": 0.0, "90daysAgo": 0.0}, "epsRevisions": {"upLast7days": 0, "upLast30days": 0, "downLast30days": 0, "downLast90days": {}}}, {"maxAge": 1, "period": "0y", "endDate": "2018-03-31", "growth": {}, "earningsEstimate": {"avg": 0.0, "low": 0.0, "high": 0.0, "yearAgoEps": {}, "numberOfAnalysts": 0, "growth": {}}, "revenueEstimate": {"avg": 24539400000, "low": 25035000000, "high": 25035000000, "numberOfAnalysts": 1, "yearAgoRevenue": 22496200000, "growth": 0.091000006}, "epsTrend": {"current": 0.0, "7daysAgo": 8.6, "30daysAgo": 8.6, "60daysAgo": 8.6, "90daysAgo": 9.51}, "epsRevisions": {"upLast7days": 0, "upLast30days": 0, "downLast30days": 0, "downLast90days": {}}}, {"maxAge": 1, "period": "+1y", "endDate": "2019-03-31", "growth": {}, "earningsEstimate": {"avg": 6.9, "low": 6.9, "high": 6.9, "yearAgoEps": {}, "numberOfAnalysts": 1, "growth": {}}, "revenueEstimate": {"avg": 26867000000, "low": 26867000000, "high": 26867000000, "numberOfAnalysts": 1, "yearAgoRevenue": 24539400000, "growth": 0.095}, "epsTrend": {"current": 6.9, "7daysAgo": 6.9, "30daysAgo": 6.9, "60daysAgo": 12.0, "90daysAgo": 11.67}, "epsRevisions": {"upLast7days": 0, "upLast30days": 0, "downLast30days": 0, "downLast90days": {}}}, {"maxAge": 1, "period": "+5y", "endDate": null, "growth": {}, "earningsEstimate": {"avg": {}, "low": {}, "high": {}, "yearAgoEps": {}, "numberOfAnalysts": {}, "growth": {}}, "revenueEstimate": {"avg": {}, "low": {}, "high": {}, "numberOfAnalysts": {}, "yearAgoRevenue": {}, "growth": {}}, "epsTrend": {"current": {}, "7daysAgo": {}, "30daysAgo": {}, "60daysAgo": {}, "90daysAgo": {}}, "epsRevisions": {"upLast7days": {}, "upLast30days": {}, "downLast30days": {}, "downLast90days": {}}}, {"maxAge": 1, "period": "-5y", "endDate": null, "growth": -0.30352, "earningsEstimate": {"avg": {}, "low": {}, "high": {}, "yearAgoEps": {}, "numberOfAnalysts": {}, "growth": {}}, "revenueEstimate": {"avg": {}, "low": {}, "high": {}, "numberOfAnalysts": {}, "yearAgoRevenue": {}, "growth": {}}, "epsTrend": {"current": {}, "7daysAgo": {}, "30daysAgo": {}, "60daysAgo": {}, "90daysAgo": {}}, "epsRevisions": {"upLast7days": {}, "upLast30days": {}, "downLast30days": {}, "downLast90days": {}}}], "maxAge": 1}, "institutionOwnership": {"ownershipList": [], "maxAge": 1}, "majorHoldersBreakdown": {"maxAge": 1, "insidersPercentHeld": 0.81383, "institutionsPercentHeld": 0.0, "institutionsFloatPercentHeld": 0.0, "institutionsCount": 0}, "balanceSheetHistoryQuarterly": {"balanceSheetStatements": [{"maxAge": 1, "endDate": "2020-12-31", "totalStockholderEquity": 9114400000, "netTangibleAssets": 9006200000}, {"maxAge": 1, "endDate": "2020-09-30", "cash": 94700000, "shortTermInvestments": 558700000, "netReceivables": 2191300000, "inventory": 3672000000, "otherCurrentAssets": 577400000, "totalCurrentAssets": 7094100000, "longTermInvestments": 8500000, "propertyPlantEquipment": 12256500000, "goodWill": 70500000, "intangibleAssets": 37700000, "otherAssets": 228200000, "totalAssets": 19695500000, "accountsPayable": 1043000000, "otherCurrentLiab": 2181900000, "longTermDebt": 4575700000, "otherLiab": 544100000, "totalCurrentLiabilities": 5456700000, "totalLiab": 10581100000, "commonStock": 163800000, "treasuryStock": 8950600000, "otherStockholderEquity": 8950600000, "totalStockholderEquity": 9114400000, "netTangibleAssets": 9006200000}, {"maxAge": 1, "endDate": "2020-06-30", "totalStockholderEquity": 9591000000, "netTangibleAssets": 9482300000}, {"maxAge": 1, "endDate": "2020-03-31", "cash": 101900000, "shortTermInvestments": 5200000, "netReceivables": 3087900000, "inventory": 4768800000, "otherCurrentAssets": 685700000, "totalCurrentAssets": 8702300000, "longTermInvestments": 7900000, "propertyPlantEquipment": 12101000000, "goodWill": 71700000, "intangibleAssets": 37000000, "otherAssets": 327800000, "totalAssets": 21247700000, "accountsPayable": 1235000000, "shortLongTermDebt": 1124700000, "otherCurrentLiab": 408600000, "longTermDebt": 4695500000, "otherLiab": 703500000, "totalCurrentLiabilities": 6244000000, "totalLiab": 11656700000, "commonStock": 163800000, "retainedEarnings": 9355700000, "treasuryStock": 71500000, "otherStockholderEquity": 71500000, "totalStockholderEquity": 9591000000, "netTangibleAssets": 9482300000}], "maxAge": 86400}, "earningsHistory": {"history": [{"maxAge": 1, "epsActual": 1.69, "epsEstimate": 3.06, "epsDifference": -1.37, "surprisePercent": -0.44799998, "quarter": "2016-12-31", "period": "-4q"}, {"maxAge": 1, "epsActual": 2.03, "epsEstimate": 2.09, "epsDifference": -0.06, "surprisePercent": -0.029000001, "quarter": "2017-03-31", "period": "-3q"}, {"maxAge": 1, "epsActual": 1.32, "epsEstimate": 2.4, "epsDifference": -1.08, "surprisePercent": -0.45, "quarter": "2017-09-30", "period": "-2q"}, {"maxAge": 1, "epsActual": 1.0, "epsEstimate": 1.89, "epsDifference": -0.89, "surprisePercent": -0.471, "quarter": "2017-12-31", "period": "-1q"}], "maxAge": 86400}, "summaryProfile": {"address1": "Lotus Corporate Park", "address2": "E-Wing, 5th and 6th Floor 185/A, Graham Firth Steel Compound Near Jay Coach, Off Western Express Hwy,", "city": "Mumbai", "zip": "400063", "country": "India", "phone": "91 22 4219 8800", "fax": "91 22 4219 8804", "website": "http://www.sutlejtextiles.com", "industry": "Textile Manufacturing", "sector": "Consumer Cyclical", "longBusinessSummary": "Sutlej Textiles and Industries Limited manufactures and sells yarns and home textiles in India. It operates through two segments, Yarn and Home Textiles. The company offers various yarns, including polyester, viscose, acrylic, modal and tencel, cotton m\u00c3\u00a9lange and cone-dyed, polyester/viscose, polyester/cotton, acrylic/cotton, polyester/acrylic, modal/cotton, modal/polyester, viscose/cotton, and bamboo/cotton yarns; and micro-polyester, micro-acrylic, micro-modal, hamel covered, low piling, carpet backing and pile, ready-to-dye package, cationic dyeable, bamboo, and soy milk fiber yarns. It also provides home textiles, such as curtains, cushions, throws, table covers, table mats, runners, duvets, comforters; drapery fabrics; upholstery fabrics; made-ups comprising cushions, throws, curtains, bed scarves, shams, quilts and quilting materials, and chenille items; and finishes consisting of fire retardants, insect repellents, scotchgard protection finishes, aero and decca finishes, soil repellents, and bio and aroma finishes. In addition, the company exports its products to approximately 62 countries. Sutlej Textiles and Industries Limited was incorporated in 2005 and is based in Mumbai, India.", "fullTimeEmployees": 16254, "companyOfficers": [], "maxAge": 86400}, "netSharePurchaseActivity": {"maxAge": 1, "period": "6m", "buyInfoCount": 0, "buyInfoShares": 0, "sellInfoCount": 0, "netInfoCount": 0, "netInfoShares": 0, "netPercentInsiderShares": 0.0, "totalInsiderShares": 133933168}, "insiderTransactions": {"transactions": [{"maxAge": 1, "shares": 3800000, "filerUrl": "", "transactionText": "", "filerName": "Earthstone Holding Pvt Ltd", "filerRelation": "Promoter", "moneyText": "", "startDate": "2020-12-30", "ownership": "D"}, {"maxAge": 1, "shares": 4500000, "filerUrl": "", "transactionText": "", "filerName": "Earthstone Holding Pvt Ltd", "filerRelation": "Institution- Corporation", "moneyText": "", "startDate": "2020-12-29", "ownership": "D"}, {"maxAge": 1, "shares": 7319631, "filerUrl": "", "transactionText": "", "filerName": "Earthstone Holding Pvt Ltd", "filerRelation": "Promoter", "moneyText": "", "startDate": "2020-12-28", "ownership": "D"}, {"maxAge": 1, "shares": 3000, "filerUrl": "", "transactionText": "", "filerName": "Nopany (Chandra Shekhar)", "filerRelation": "Executive Chairman", "moneyText": "", "startDate": "2016-02-12", "ownership": "D"}, {"maxAge": 1, "shares": 8000, "filerUrl": "", "transactionText": "", "filerName": "Nopany (Chandra Shekhar)", "filerRelation": "Executive Chairman", "moneyText": "", "startDate": "2016-02-11", "ownership": "D"}, {"maxAge": 1, "shares": 980369, "filerUrl": "", "transactionText": "", "filerName": "Earthstone Holding Pvt Ltd", "filerRelation": "Institution- Corporation", "moneyText": "", "startDate": "2014-02-05", "ownership": "D"}, {"maxAge": 1, "shares": 39808, "filerUrl": "", "transactionText": "", "filerName": "Sidh Enterprises Ltd", "filerRelation": "Promoter", "moneyText": "", "startDate": "2013-07-04", "ownership": "D"}], "maxAge": 1}, "sectorTrend": {"maxAge": 1, "symbol": null, "estimates": []}, "incomeStatementHistoryQuarterly": {"incomeStatementHistory": [{"maxAge": 1, "endDate": "2020-12-31", "totalRevenue": 5494400000, "costOfRevenue": 3563200000, "grossProfit": 1931200000, "researchDevelopment": {}, "sellingGeneralAdministrative": 832600000, "nonRecurring": {}, "otherOperatingExpenses": 655500000, "totalOperatingExpenses": 5310900000, "operatingIncome": 183500000, "totalOtherIncomeExpenseNet": -1200000, "ebit": 183500000, "interestExpense": -73200000, "incomeBeforeTax": 182300000, "incomeTaxExpense": 67100000, "minorityInterest": {}, "netIncomeFromContinuingOps": 115200000, "discontinuedOperations": {}, "extraordinaryItems": {}, "effectOfAccountingCharges": {}, "otherItems": {}, "netIncome": 115200000, "netIncomeApplicableToCommonShares": 115200000}, {"maxAge": 1, "endDate": "2020-09-30", "totalRevenue": 4656600000, "costOfRevenue": 3220800000, "grossProfit": 1435800000, "researchDevelopment": {}, "sellingGeneralAdministrative": 735400000, "nonRecurring": {}, "otherOperatingExpenses": 529100000, "totalOperatingExpenses": 4701000000, "operatingIncome": -44400000, "totalOtherIncomeExpenseNet": -8000000, "ebit": -44400000, "interestExpense": -84700000, "incomeBeforeTax": -52400000, "incomeTaxExpense": -5200000, "minorityInterest": {}, "netIncomeFromContinuingOps": -47200000, "discontinuedOperations": {}, "extraordinaryItems": {}, "effectOfAccountingCharges": {}, "otherItems": {}, "netIncome": -47200000, "netIncomeApplicableToCommonShares": -47200000}, {"maxAge": 1, "endDate": "2020-06-30", "totalRevenue": 1918100000, "costOfRevenue": 1351000000, "grossProfit": 567100000, "researchDevelopment": {}, "sellingGeneralAdministrative": 566500000, "nonRecurring": {}, "otherOperatingExpenses": 282000000, "totalOperatingExpenses": 2406300000, "operatingIncome": -488200000, "totalOtherIncomeExpenseNet": -65000000, "ebit": -488200000, "interestExpense": -119900000, "incomeBeforeTax": -553200000, "incomeTaxExpense": -170900000, "minorityInterest": {}, "netIncomeFromContinuingOps": -382300000, "discontinuedOperations": {}, "extraordinaryItems": {}, "effectOfAccountingCharges": {}, "otherItems": {}, "netIncome": -382300000, "netIncomeApplicableToCommonShares": -382300000}, {"maxAge": 1, "endDate": "2020-03-31", "totalRevenue": 5364000000, "costOfRevenue": 1480100000, "grossProfit": 3883900000, "researchDevelopment": {}, "sellingGeneralAdministrative": 925200000, "nonRecurring": {}, "otherOperatingExpenses": 2710300000, "totalOperatingExpenses": 5379200000, "operatingIncome": -15200000, "totalOtherIncomeExpenseNet": -171000000, "ebit": -15200000, "interestExpense": -67800000, "incomeBeforeTax": -186200000, "incomeTaxExpense": -48200000, "minorityInterest": {}, "netIncomeFromContinuingOps": -138000000, "discontinuedOperations": {}, "extraordinaryItems": {}, "effectOfAccountingCharges": {}, "otherItems": {}, "netIncome": -138000000, "netIncomeApplicableToCommonShares": -138000000}], "maxAge": 86400}, "cashflowStatementHistoryQuarterly": {"cashflowStatements": [{"maxAge": 1, "endDate": "2020-12-31", "netIncome": 115200000, "changeToLiabilities": 0}, {"maxAge": 1, "endDate": "2020-09-30", "netIncome": -47200000, "changeToLiabilities": 0}, {"maxAge": 1, "endDate": "2020-06-30", "netIncome": -382300000, "changeToLiabilities": 0}, {"maxAge": 1, "endDate": "2020-03-31", "netIncome": -138000000, "changeToLiabilities": 0}], "maxAge": 86400}, "earnings": {"maxAge": 86400, "earningsChart": {"quarterly": [{"date": "4Q2016", "actual": 1.69, "estimate": 3.06}, {"date": "1Q2017", "actual": 2.03, "estimate": 2.09}, {"date": "3Q2017", "actual": 1.32, "estimate": 2.4}, {"date": "4Q2017", "actual": 1.0, "estimate": 1.89}], "currentQuarterEstimateDate": "1Q", "currentQuarterEstimateYear": 2018, "earningsDate": []}, "financialsChart": {"yearly": [{"date": 2017, "revenue": 22492900000, "earnings": 1579400000}, {"date": 2018, "revenue": 24762900000, "earnings": 1133600000}, {"date": 2019, "revenue": 26137700000, "earnings": 582600000}, {"date": 2020, "revenue": 24166500000, "earnings": 277000000}], "quarterly": [{"date": "1Q2020", "revenue": 5364000000, "earnings": -138000000}, {"date": "2Q2020", "revenue": 1918100000, "earnings": -382300000}, {"date": "3Q2020", "revenue": 4656600000, "earnings": -47200000}, {"date": "4Q2020", "revenue": 5494400000, "earnings": 115200000}]}, "financialCurrency": "INR"}, "financialData": {"maxAge": 86400, "currentPrice": 41.3, "targetHighPrice": 79.0, "targetLowPrice": 79.0, "targetMeanPrice": 79.0, "targetMedianPrice": 79.0, "recommendationMean": 2.0, "recommendationKey": "buy", "numberOfAnalystOpinions": 1, "totalCash": 653400000, "totalCashPerShare": 3.97, "ebitda": 623574976, "totalDebt": 6812100096, "totalRevenue": 17433100288, "debtToEquity": 74.74, "revenuePerShare": 106.573, "grossProfits": 10133600000, "earningsGrowth": -0.34, "revenueGrowth": -0.056, "grossMargins": 0.44846, "ebitdaMargins": 0.03577, "operatingMargins": -0.0209, "profitMargins": -0.025940001, "financialCurrency": "INR"}}}