{"SUTLEJTEX.BO": {"recommendationTrend": {"trend": [{"period": "0m", "strongBuy": 0, "buy": 0, "hold": 0, "sell": 0, "strongSell": 0}, {"period": "-1m", "strongBuy": 0, "buy": 0, "hold": 0, "sell": 0, "strongSell": 0}, {"period": "-2m", "strongBuy": 0, "buy": 0, "hold": 0, "sell": 0, "strongSell": 0}, {"period": "-3m", "strongBuy": 0, "buy": 0, "hold": 0, "sell": 0, "strongSell": 0}], "maxAge": 86400}, "cashflowStatementHistory": {"cashflowStatements": [{"maxAge": 1, "endDate": "2020-03-31", "netIncome": 277000000, "depreciation": 1006700000, "changeToNetincome": 464800000, "changeToAccountReceivables": 392500000, "changeToLiabilities": 36700000, "changeToInventory": 885800000, "changeToOperatingActivities": 121000000, "totalCashFromOperatingActivities": 3188800000, "capitalExpenditures": -2434100000, "investments": 244200000, "otherCashflowsFromInvestingActivities": 101800000, "totalCashflowsFromInvestingActivities": -2085800000, "dividendsPaid": -106400000, "netBorrowings": -497700000, "otherCashflowsFromFinancingActivities": -482100000, "totalCashFromFinancingActivities": -1086200000, "changeInCash": 16800000}, {"maxAge": 1, "endDate": "2019-03-31", "netIncome": 582600000, "depreciation": 1005900000, "changeToNetincome": 400700000, "changeToAccountReceivables": 301700000, "changeToLiabilities": 200400000, "changeToInventory": -513000000, "changeToOperatingActivities": 184700000, "totalCashFromOperatingActivities": 2165000000, "capitalExpenditures": -601400000, "investments": 245800000, "otherCashflowsFromInvestingActivities": 166400000, "totalCashflowsFromInvestingActivities": -141600000, "dividendsPaid": -213000000, "netBorrowings": -1245800000, "otherCashflowsFromFinancingActivities": -607500000, "totalCashFromFinancingActivities": -2066300000, "changeInCash": -42900000}, {"maxAge": 1, "endDate": "2018-03-31", "netIncome": 1133600000, "depreciation": 1065300000, "changeToNetincome": 181500000, "changeToAccountReceivables": -813100000, "changeToLiabilities": 258300000, "changeToInventory": 217500000, "changeToOperatingActivities": -469700000, "totalCashFromOperatingActivities": 1574500000, "capitalExpenditures": -954500000, "investments": -2100000, "otherCashflowsFromInvestingActivities": 366700000, "totalCashflowsFromInvestingActivities": -728300000, "dividendsPaid": -213000000, "netBorrowings": 109500000, "otherCashflowsFromFinancingActivities": -634900000, "totalCashFromFinancingActivities": -738400000, "changeInCash": 107800000}, {"maxAge": 1, "endDate": "2017-03-31", "netIncome": 1579400000, "depreciation": 848700000, "changeToNetincome": 171700000, "changeToAccountReceivables": -311900000, "changeToLiabilities": 52000000, "changeToInventory": -997200000, "changeToOperatingActivities": 65400000, "totalCashFromOperatingActivities": 1409600000, "capitalExpenditures": -3225400000, "investments": -1700000, "otherCashflowsFromInvestingActivities": 216800000, "totalCashflowsFromInvestingActivities": -2987400000, "dividendsPaid": -212900000, "netBorrowings": 2298900000, "otherCashflowsFromFinancingActivities": -511300000, "totalCashFromFinancingActivities": 1574700000, "changeInCash": -3100000}], "maxAge": 86400}, "institutionOwnership": {"ownershipList": [], "maxAge": 1}, "balanceSheetHistoryQuarterly": {"balanceSheetStatements": [{"maxAge": 1, "endDate": "2020-06-30", "totalStockholderEquity": 9591000000, "netTangibleAssets": 9482300000}, {"maxAge": 1, "endDate": "2020-03-31", "cash": 101900000, "shortTermInvestments": 5200000, "netReceivables": 3087900000, "inventory": 4768800000, "otherCurrentAssets": 685700000, "totalCurrentAssets": 8702300000, "longTermInvestments": 7900000, "propertyPlantEquipment": 12101000000, "goodWill": 71700000, "intangibleAssets": 37000000, "otherAssets": 327800000, "totalAssets": 21247700000, "accountsPayable": 1235000000, "shortLongTermDebt": 1124700000, "otherCurrentLiab": 408600000, "longTermDebt": 4695500000, "otherLiab": 703500000, "totalCurrentLiabilities": 6244000000, "totalLiab": 11656700000, "commonStock": 163800000, "retainedEarnings": 9355700000, "treasuryStock": 71500000, "otherStockholderEquity": 71500000, "totalStockholderEquity": 9591000000, "netTangibleAssets": 9482300000}, {"maxAge": 1, "endDate": "2019-12-31", "totalStockholderEquity": 9535700000, "netTangibleAssets": 9433900000}, {"maxAge": 1, "endDate": "2019-09-30", "cash": 120500000, "shortTermInvestments": 571400000, "netReceivables": 3248100000, "inventory": 4164500000, "otherCurrentAssets": 547000000, "totalCurrentAssets": 8651500000, "longTermInvestments": 260000000, "propertyPlantEquipment": 10757800000, "goodWill": 68100000, "intangibleAssets": 33700000, "otherAssets": 346500000, "totalAssets": 20117600000, "accountsPayable": 1082800000, "otherCurrentLiab": 2133300000, "longTermDebt": 4271300000, "otherLiab": 661800000, "totalCurrentLiabilities": 5648800000, "totalLiab": 10581900000, "commonStock": 163800000, "treasuryStock": 9371900000, "otherStockholderEquity": 9371900000, "totalStockholderEquity": 9535700000, "netTangibleAssets": 9433900000}], "maxAge": 86400}, "earningsHistory": {"history": [{"maxAge": 1, "epsActual": 1.69, "epsEstimate": 3.06, "epsDifference": -1.37, "surprisePercent": -0.44799998, "quarter": "2016-12-31", "period": "-4q"}, {"maxAge": 1, "epsActual": 2.03, "epsEstimate": 2.09, "epsDifference": -0.06, "surprisePercent": -0.029000001, "quarter": "2017-03-31", "period": "-3q"}, {"maxAge": 1, "epsActual": 1.32, "epsEstimate": 2.4, "epsDifference": -1.08, "surprisePercent": -0.45, "quarter": "2017-09-30", "period": "-2q"}, {"maxAge": 1, "epsActual": 1.0, "epsEstimate": 1.89, "epsDifference": -0.89, "surprisePercent": -0.471, "quarter": "2017-12-31", "period": "-1q"}], "maxAge": 86400}, "indexTrend": {"maxAge": 1, "symbol": "SP5", "peRatio": 19.7411, "pegRatio": 1.34172, "estimates": [{"period": "0q", "growth": 0.549}, {"period": "+1q", "growth": 0.431}, {"period": "0y", "growth": 0.305}, {"period": "+1y", "growth": 0.109}, {"period": "+5y", "growth": 0.120865}, {"period": "-5y"}]}, "industryTrend": {"maxAge": 1, "symbol": null, "estimates": []}, "insiderTransactions": {"transactions": [{"maxAge": 1, "shares": 3000, "filerUrl": "", "transactionText": "", "filerName": "Nopany (Chandra Shekhar)", "filerRelation": "Executive Chairman", "moneyText": "", "startDate": "2016-02-12", "ownership": "D"}, {"maxAge": 1, "shares": 8000, "filerUrl": "", "transactionText": "", "filerName": "Nopany (Chandra Shekhar)", "filerRelation": "Executive Chairman", "moneyText": "", "startDate": "2016-02-11", "ownership": "D"}, {"maxAge": 1, "shares": 980369, "filerUrl": "", "transactionText": "", "filerName": "Earthstone Holding Pvt Ltd", "filerRelation": "Institution- Corporation", "moneyText": "", "startDate": "2014-02-05", "ownership": "D"}, {"maxAge": 1, "shares": 39808, "filerUrl": "", "transactionText": "", "filerName": "Sidh Enterprises Ltd", "filerRelation": "Promoter", "moneyText": "", "startDate": "2013-07-04", "ownership": "D"}], "maxAge": 1}, "quoteType": {"exchange": "BSE", "quoteType": "EQUITY", "symbol": "SUTLEJTEX.BO", "underlyingSymbol": "SUTLEJTEX.BO", "shortName": "SUTLEJ TEXTILES & INDUSTRIES L", "longName": "Sutlej Textiles and Industries Limited", "firstTradeDateEpochUtc": "2006-12-14 09:15:00", "timeZoneFullName": "Asia/Kolkata", "timeZoneShortName": "IST", "uuid": "5f21bfb2-e12b-3b4f-aabb-e2c3a63bda17", "gmtOffSetMilliseconds": 19800000, "maxAge": 1}, "incomeStatementHistory": {"incomeStatementHistory": [{"maxAge": 1, "endDate": "2020-03-31", "totalRevenue": 24166500000, "costOfRevenue": 14032900000, "grossProfit": 10133600000, "researchDevelopment": {}, "sellingGeneralAdministrative": 3576300000, "nonRecurring": {}, "otherOperatingExpenses": 4735500000, "totalOperatingExpenses": 23355700000, "operatingIncome": 810800000, "totalOtherIncomeExpenseNet": -347400000, "ebit": 810800000, "interestExpense": -413100000, "incomeBeforeTax": 463400000, "incomeTaxExpense": 186400000, "minorityInterest": {}, "netIncomeFromContinuingOps": 277000000, "discontinuedOperations": {}, "extraordinaryItems": {}, "effectOfAccountingCharges": {}, "otherItems": {}, "netIncome": 277000000, "netIncomeApplicableToCommonShares": 277000000}, {"maxAge": 1, "endDate": "2019-03-31", "totalRevenue": 26137700000, "costOfRevenue": 15828700000, "grossProfit": 10309000000, "researchDevelopment": {}, "sellingGeneralAdministrative": 3322700000, "nonRecurring": {}, "otherOperatingExpenses": 4842700000, "totalOperatingExpenses": 25002000000, "operatingIncome": 1135700000, "totalOtherIncomeExpenseNet": -310500000, "ebit": 1135700000, "interestExpense": -521400000, "incomeBeforeTax": 825200000, "incomeTaxExpense": 242600000, "minorityInterest": {}, "netIncomeFromContinuingOps": 582600000, "discontinuedOperations": {}, "extraordinaryItems": {}, "effectOfAccountingCharges": {}, "otherItems": {}, "netIncome": 582600000, "netIncomeApplicableToCommonShares": 582600000}, {"maxAge": 1, "endDate": "2018-03-31", "totalRevenue": 24762900000, "costOfRevenue": 14465000000, "grossProfit": 10297900000, "researchDevelopment": {}, "sellingGeneralAdministrative": 3044800000, "nonRecurring": {}, "otherOperatingExpenses": 4782000000, "totalOperatingExpenses": 23357700000, "operatingIncome": 1405200000, "totalOtherIncomeExpenseNet": 166600000, "ebit": 1405200000, "interestExpense": -547400000, "incomeBeforeTax": 1571800000, "incomeTaxExpense": 438200000, "minorityInterest": {}, "netIncomeFromContinuingOps": 1133600000, "discontinuedOperations": {}, "extraordinaryItems": {}, "effectOfAccountingCharges": {}, "otherItems": {}, "netIncome": 1133600000, "netIncomeApplicableToCommonShares": 1133600000}, {"maxAge": 1, "endDate": "2017-03-31", "totalRevenue": 22492900000, "costOfRevenue": 12980600000, "grossProfit": 9512300000, "researchDevelopment": {}, "sellingGeneralAdministrative": 2666600000, "nonRecurring": {}, "otherOperatingExpenses": 4008800000, "totalOperatingExpenses": 20506200000, "operatingIncome": 1986700000, "totalOtherIncomeExpenseNet": -102100000, "ebit": 1986700000, "interestExpense": -434500000, "incomeBeforeTax": 1884600000, "incomeTaxExpense": 305200000, "minorityInterest": {}, "netIncomeFromContinuingOps": 1579400000, "discontinuedOperations": {}, "extraordinaryItems": {}, "effectOfAccountingCharges": {}, "otherItems": {}, "netIncome": 1579400000, "netIncomeApplicableToCommonShares": 1579400000}], "maxAge": 86400}, "fundOwnership": {"ownershipList": [], "maxAge": 1}, "summaryDetail": {"maxAge": 1, "priceHint": 2, "previousClose": 41.05, "open": 41.1, "dayLow": 41.0, "dayHigh": 42.5, "regularMarketPreviousClose": 41.05, "regularMarketOpen": 41.1, "regularMarketDayLow": 41.0, "regularMarketDayHigh": 42.5, "forwardPE": 0.2594622, "volume": 4823, "regularMarketVolume": 4823, "averageVolume": 32331, "averageVolume10days": 12216, "averageDailyVolume10Day": 12216, "bid": 41.25, "ask": 41.85, "bidSize": 0, "askSize": 0, "marketCap": 6749754368, "fiftyTwoWeekLow": 15.4, "fiftyTwoWeekHigh": 51.9, "fiftyDayAverage": 45.533333, "twoHundredDayAverage": 30.55772, "trailingAnnualDividendRate": 0.3, "trailingAnnualDividendYield": 0.0073081614, "currency": "INR", "fromCurrency": null, "lastMarket": null, "algorithm": null, "tradeable": false}, "sectorTrend": {"maxAge": 1, "symbol": null, "estimates": []}, "incomeStatementHistoryQuarterly": {"incomeStatementHistory": [{"maxAge": 1, "endDate": "2020-06-30", "totalRevenue": 1918100000, "costOfRevenue": 1351000000, "grossProfit": 567100000, "researchDevelopment": {}, "sellingGeneralAdministrative": 566500000, "nonRecurring": {}, "otherOperatingExpenses": 282000000, "totalOperatingExpenses": 2406300000, "operatingIncome": -488200000, "totalOtherIncomeExpenseNet": -65000000, "ebit": -488200000, "interestExpense": -119900000, "incomeBeforeTax": -553200000, "incomeTaxExpense": -170900000, "minorityInterest": {}, "netIncomeFromContinuingOps": -382300000, "discontinuedOperations": {}, "extraordinaryItems": {}, "effectOfAccountingCharges": {}, "otherItems": {}, "netIncome": -382300000, "netIncomeApplicableToCommonShares": -382300000}, {"maxAge": 1, "endDate": "2020-03-31", "totalRevenue": 5364000000, "costOfRevenue": 1480100000, "grossProfit": 3883900000, "researchDevelopment": {}, "sellingGeneralAdministrative": 925200000, "nonRecurring": {}, "otherOperatingExpenses": 2710300000, "totalOperatingExpenses": 5379200000, "operatingIncome": -15200000, "totalOtherIncomeExpenseNet": -171000000, "ebit": -15200000, "interestExpense": -67800000, "incomeBeforeTax": -186200000, "incomeTaxExpense": -48200000, "minorityInterest": {}, "netIncomeFromContinuingOps": -138000000, "discontinuedOperations": {}, "extraordinaryItems": {}, "effectOfAccountingCharges": {}, "otherItems": {}, "netIncome": -138000000, "netIncomeApplicableToCommonShares": -138000000}, {"maxAge": 1, "endDate": "2019-12-31", "totalRevenue": 5819500000, "costOfRevenue": 3679200000, "grossProfit": 2140300000, "researchDevelopment": {}, "sellingGeneralAdministrative": 886300000, "nonRecurring": {}, "otherOperatingExpenses": 676900000, "totalOperatingExpenses": 5493800000, "operatingIncome": 325700000, "totalOtherIncomeExpenseNet": -56900000, "ebit": 325700000, "interestExpense": -100900000, "incomeBeforeTax": 268800000, "incomeTaxExpense": 94500000, "minorityInterest": {}, "netIncomeFromContinuingOps": 174300000, "discontinuedOperations": {}, "extraordinaryItems": {}, "effectOfAccountingCharges": {}, "otherItems": {}, "netIncome": 174300000, "netIncomeApplicableToCommonShares": 174300000}, {"maxAge": 1, "endDate": "2019-09-30", "totalRevenue": 6387000000, "costOfRevenue": 4262400000, "grossProfit": 2124600000, "researchDevelopment": {}, "sellingGeneralAdministrative": 893700000, "nonRecurring": {}, "otherOperatingExpenses": 661900000, "totalOperatingExpenses": 6064800000, "operatingIncome": 322200000, "totalOtherIncomeExpenseNet": -60500000, "ebit": 322200000, "interestExpense": -112500000, "incomeBeforeTax": 261700000, "incomeTaxExpense": 95300000, "minorityInterest": {}, "netIncomeFromContinuingOps": 166400000, "discontinuedOperations": {}, "extraordinaryItems": {}, "effectOfAccountingCharges": {}, "otherItems": {}, "netIncome": 166400000, "netIncomeApplicableToCommonShares": 166400000}], "maxAge": 86400}, "cashflowStatementHistoryQuarterly": {"cashflowStatements": [{"maxAge": 1, "endDate": "2020-06-30", "netIncome": -382300000, "changeToLiabilities": 0}, {"maxAge": 1, "endDate": "2020-03-31", "netIncome": -138000000, "changeToLiabilities": 0}, {"maxAge": 1, "endDate": "2019-12-31", "netIncome": 174300000, "changeToLiabilities": 0}, {"maxAge": 1, "endDate": "2019-09-30", "netIncome": 166400000, "changeToLiabilities": 0}], "maxAge": 86400}, "insiderHolders": {"holders": [{"maxAge": 1, "name": "Earthstone Holding Pvt Ltd", "relation": "Institution- Corporation", "url": "", "transactionDescription": "Other", "latestTransDate": "2014-02-05", "positionDirect": 980369, "positionDirectDate": "2014-02-05"}, {"maxAge": 1, "name": "Nopany (Chandra Shekhar)", "relation": "Executive Chairman", "url": "", "transactionDescription": "Acquisition", "latestTransDate": "2016-02-12", "positionDirect": 11000, "positionDirectDate": "2016-02-12"}, {"maxAge": 1, "name": "Sidh Enterprises Ltd", "relation": "Promoter", "url": "", "transactionDescription": "Other", "latestTransDate": "2013-07-04", "positionDirect": 119424, "positionDirectDate": "2013-07-04"}], "maxAge": 1}, "earnings": {"maxAge": 86400, "earningsChart": {"quarterly": [{"date": "4Q2016", "actual": 1.69, "estimate": 3.06}, {"date": "1Q2017", "actual": 2.03, "estimate": 2.09}, {"date": "3Q2017", "actual": 1.32, "estimate": 2.4}, {"date": "4Q2017", "actual": 1.0, "estimate": 1.89}], "currentQuarterEstimateDate": "1Q", "currentQuarterEstimateYear": 2018, "earningsDate": []}, "financialsChart": {"yearly": [{"date": 2017, "revenue": 22492900000, "earnings": 1579400000}, {"date": 2018, "revenue": 24762900000, "earnings": 1133600000}, {"date": 2019, "revenue": 26137700000, "earnings": 582600000}, {"date": 2020, "revenue": 24166500000, "earnings": 277000000}], "quarterly": [{"date": "3Q2019", "revenue": 6387000000, "earnings": 166400000}, {"date": "4Q2019", "revenue": 5819500000, "earnings": 174300000}, {"date": "1Q2020", "revenue": 5364000000, "earnings": -138000000}, {"date": "2Q2020", "revenue": 1918100000, "earnings": -382300000}]}, "financialCurrency": "INR"}, "calendarEvents": {"maxAge": 1, "earnings": {"earningsDate": [], "revenueAverage": 6333800000}}, "upgradeDowngradeHistory": {"history": [], "maxAge": 86400}, "price": {"maxAge": 1, "regularMarketChangePercent": 0.0036541177, "regularMarketChange": 0.15000153, "regularMarketTime": "2021-04-30 15:23:07", "priceHint": 2, "regularMarketPrice": 41.2, "regularMarketDayHigh": 42.5, "regularMarketDayLow": 41.0, "regularMarketVolume": 4823, "averageDailyVolume10Day": 12216, "averageDailyVolume3Month": 32331, "regularMarketPreviousClose": 41.05, "regularMarketSource": "FREE_REALTIME", "regularMarketOpen": 41.1, "exchange": "BSE", "exchangeName": "BSE", "exchangeDataDelayedBy": 0, "marketState": "CLOSED", "quoteType": "EQUITY", "symbol": "SUTLEJTEX.BO", "underlyingSymbol": null, "shortName": "SUTLEJ TEXTILES & INDUSTRIES L", "longName": "Sutlej Textiles and Industries Limited", "currency": "INR", "quoteSourceName": "Delayed Quote", "currencySymbol": "\u20b9", "fromCurrency": null, "lastMarket": null, "marketCap": 6749754368}, "balanceSheetHistory": {"balanceSheetStatements": [{"maxAge": 1, "endDate": "2020-03-31", "cash": 101900000, "shortTermInvestments": 5200000, "netReceivables": 3087900000, "inventory": 4768800000, "otherCurrentAssets": 685700000, "totalCurrentAssets": 8702300000, "longTermInvestments": 7900000, "propertyPlantEquipment": 12101000000, "goodWill": 71700000, "intangibleAssets": 37000000, "otherAssets": 327800000, "totalAssets": 21247700000, "accountsPayable": 1235000000, "shortLongTermDebt": 1124700000, "otherCurrentLiab": 408600000, "longTermDebt": 4695500000, "otherLiab": 703500000, "totalCurrentLiabilities": 6244000000, "totalLiab": 11656700000, "commonStock": 163800000, "retainedEarnings": 9355700000, "treasuryStock": 71500000, "otherStockholderEquity": 71500000, "totalStockholderEquity": 9591000000, "netTangibleAssets": 9482300000}, {"maxAge": 1, "endDate": "2019-03-31", "cash": 85100000, "shortTermInvestments": 5500000, "netReceivables": 3571800000, "inventory": 5654600000, "otherCurrentAssets": 695600000, "totalCurrentAssets": 10047700000, "longTermInvestments": 264200000, "propertyPlantEquipment": 10737800000, "goodWill": 67300000, "intangibleAssets": 17300000, "otherAssets": 192400000, "totalAssets": 21326700000, "accountsPayable": 1205600000, "shortLongTermDebt": 1048200000, "otherCurrentLiab": 381500000, "longTermDebt": 4369200000, "otherLiab": 588900000, "totalCurrentLiabilities": 6950200000, "totalLiab": 11908300000, "commonStock": 163800000, "retainedEarnings": 9207000000, "treasuryStock": 47600000, "otherStockholderEquity": 47600000, "totalStockholderEquity": 9418400000, "netTangibleAssets": 9333800000}, {"maxAge": 1, "endDate": "2018-03-31", "cash": 128000000, "shortTermInvestments": 5500000, "netReceivables": 4057700000, "inventory": 5141600000, "otherCurrentAssets": 685400000, "totalCurrentAssets": 10047800000, "longTermInvestments": 509700000, "propertyPlantEquipment": 11182000000, "goodWill": 64000000, "intangibleAssets": 10900000, "otherAssets": 68700000, "totalAssets": 21883100000, "accountsPayable": 1011100000, "shortLongTermDebt": 999000000, "otherCurrentLiab": 357000000, "longTermDebt": 5091600000, "otherLiab": 456800000, "totalCurrentLiabilities": 7265300000, "totalLiab": 12813700000, "commonStock": 163800000, "retainedEarnings": 8881200000, "treasuryStock": 24400000, "otherStockholderEquity": 24400000, "totalStockholderEquity": 9069400000, "netTangibleAssets": 8994500000}, {"maxAge": 1, "endDate": "2017-03-31", "cash": 30500000, "netReceivables": 2903900000, "inventory": 5299200000, "otherCurrentAssets": 429700000, "totalCurrentAssets": 8682500000, "longTermInvestments": 283200000, "propertyPlantEquipment": 11388600000, "intangibleAssets": 5500000, "otherAssets": 91900000, "totalAssets": 20451700000, "accountsPayable": 715600000, "shortLongTermDebt": 906100000, "otherCurrentLiab": 457700000, "longTermDebt": 5130400000, "otherLiab": 250900000, "totalCurrentLiabilities": 6910700000, "totalLiab": 12292000000, "commonStock": 163800000, "retainedEarnings": 8004000000, "treasuryStock": -8100000, "otherStockholderEquity": -8100000, "totalStockholderEquity": 8159700000, "netTangibleAssets": 8154200000}], "maxAge": 86400}, "earningsTrend": {"trend": [{"maxAge": 1, "period": "0q", "endDate": "2018-03-31", "growth": {}, "earningsEstimate": {"avg": 0.0, "low": 0.0, "high": 0.0, "yearAgoEps": 1.69, "numberOfAnalysts": 0, "growth": {}}, "revenueEstimate": {"avg": 6333800000, "low": 0, "high": 0, "numberOfAnalysts": 0, "yearAgoRevenue": 5976700000, "growth": 0.06}, "epsTrend": {"current": 0.0, "7daysAgo": 0.0, "30daysAgo": 0.0, "60daysAgo": 0.0, "90daysAgo": 0.0}, "epsRevisions": {"upLast7days": 0, "upLast30days": 0, "downLast30days": 0, "downLast90days": {}}}, {"maxAge": 1, "period": "+1q", "endDate": "2018-06-30", "growth": {}, "earningsEstimate": {"avg": 0.0, "low": 0.0, "high": 0.0, "yearAgoEps": 2.03, "numberOfAnalysts": 0, "growth": {}}, "revenueEstimate": {"avg": 0, "low": 0, "high": 0, "numberOfAnalysts": 0, "yearAgoRevenue": 6587300000, "growth": {}}, "epsTrend": {"current": 0.0, "7daysAgo": 0.0, "30daysAgo": 0.0, "60daysAgo": 0.0, "90daysAgo": 0.0}, "epsRevisions": {"upLast7days": 0, "upLast30days": 0, "downLast30days": 0, "downLast90days": {}}}, {"maxAge": 1, "period": "0y", "endDate": "2018-03-31", "growth": {}, "earningsEstimate": {"avg": 0.0, "low": 0.0, "high": 0.0, "yearAgoEps": {}, "numberOfAnalysts": 0, "growth": {}}, "revenueEstimate": {"avg": 24539400000, "low": 25035000000, "high": 25035000000, "numberOfAnalysts": 1, "yearAgoRevenue": 22496200000, "growth": 0.091000006}, "epsTrend": {"current": 0.0, "7daysAgo": 8.6, "30daysAgo": 8.6, "60daysAgo": 8.6, "90daysAgo": 8.6}, "epsRevisions": {"upLast7days": 0, "upLast30days": 0, "downLast30days": 0, "downLast90days": {}}}, {"maxAge": 1, "period": "+1y", "endDate": "2019-03-31", "growth": {}, "earningsEstimate": {"avg": 0.0, "low": 0.0, "high": 0.0, "yearAgoEps": {}, "numberOfAnalysts": 0, "growth": {}}, "revenueEstimate": {"avg": 26503000000, "low": 26503000000, "high": 26503000000, "numberOfAnalysts": 1, "yearAgoRevenue": 24539400000, "growth": 0.08}, "epsTrend": {"current": 0.0, "7daysAgo": 5.5, "30daysAgo": 5.5, "60daysAgo": 5.5, "90daysAgo": 5.5}, "epsRevisions": {"upLast7days": 0, "upLast30days": 0, "downLast30days": 0, "downLast90days": {}}}, {"maxAge": 1, "period": "+5y", "endDate": null, "growth": {}, "earningsEstimate": {"avg": {}, "low": {}, "high": {}, "yearAgoEps": {}, "numberOfAnalysts": {}, "growth": {}}, "revenueEstimate": {"avg": {}, "low": {}, "high": {}, "numberOfAnalysts": {}, "yearAgoRevenue": {}, "growth": {}}, "epsTrend": {"current": {}, "7daysAgo": {}, "30daysAgo": {}, "60daysAgo": {}, "90daysAgo": {}}, "epsRevisions": {"upLast7days": {}, "upLast30days": {}, "downLast30days": {}, "downLast90days": {}}}, {"maxAge": 1, "period": "-5y", "endDate": null, "growth": {}, "earningsEstimate": {"avg": {}, "low": {}, "high": {}, "yearAgoEps": {}, "numberOfAnalysts": {}, "growth": {}}, "revenueEstimate": {"avg": {}, "low": {}, "high": {}, "numberOfAnalysts": {}, "yearAgoRevenue": {}, "growth": {}}, "epsTrend": {"current": {}, "7daysAgo": {}, "30daysAgo": {}, "60daysAgo": {}, "90daysAgo": {}}, "epsRevisions": {"upLast7days": {}, "upLast30days": {}, "downLast30days": {}, "downLast90days": {}}}], "maxAge": 1}, "financialData": {"maxAge": 86400, "currentPrice": 41.2, "targetHighPrice": 65.0, "targetLowPrice": 65.0, "targetMeanPrice": 65.0, "targetMedianPrice": 65.0, "recommendationKey": "none", "numberOfAnalystOpinions": 1, "grossProfits": 10133600000, "financialCurrency": "INR"}}}