{"SUULD.NS": {"assetProfile": {"address1": "Malad Industrial Units", "address2": "Gala No. 5 Floor/D Coop Society Limited, Kachpada Ramchandra Lane Extension, Malad (West)", "city": "Mumbai", "zip": "400064", "country": "India", "phone": "91 22 4971 2096", "website": "http://www.suumayalifestyle.com", "industry": "Apparel Retail", "sector": "Consumer Cyclical", "longBusinessSummary": "Suumaya Industries Limited manufactures, retails, and distributes garments and fabrics. The company offers women wear garments, including designer kurtis, and formal and casual wear. It markets its products under the Ekka, Ira, and Tag9 brands. The company operates approximately 1,450 multi-brand outlets and 10 exclusive brand outlets in India and Dubai. It also distributes its products online. The company was formerly known as Suumaya Lifestyle Limited and changed its name to Suumaya Industries Limited in February 2021. Suumaya Industries Limited was founded in 1985 and is based in Mumbai, India.", "fullTimeEmployees": 55, "companyOfficers": [{"maxAge": 1, "name": "Mr. Ushik Mahesh Gala", "age": 29, "title": "Chairman & MD", "yearBorn": 1991, "exercisedValue": 0, "unexercisedValue": 0}, {"maxAge": 1, "name": "Ms. Ishita Mahesh Gala", "age": 26, "title": "MD & Director", "yearBorn": 1994, "exercisedValue": 0, "unexercisedValue": 0}, {"maxAge": 1, "name": "Mr. Mahesh  Gala", "age": 57, "title": "Founder & COO", "yearBorn": 1963, "exercisedValue": 0, "unexercisedValue": 0}, {"maxAge": 1, "name": "Mr. Sumit Pal Singh", "age": 31, "title": "Chief Exec. Officer", "yearBorn": 1989, "exercisedValue": 0, "unexercisedValue": 0}, {"maxAge": 1, "name": "Ms. Sneha  Shah", "title": "Chief Financial Officer", "exercisedValue": 0, "unexercisedValue": 0}, {"maxAge": 1, "name": "Ms. Heena  Shah", "title": "Company Sec. & Compliance Officer", "exercisedValue": 0, "unexercisedValue": 0}], "maxAge": 86400}, "cashflowStatementHistory": {"cashflowStatements": [{"maxAge": 1, "endDate": "2020-03-31", "netIncome": 81601000, "depreciation": 1693000, "changeToNetincome": 27348000, "changeToAccountReceivables": -257239000, "changeToLiabilities": 22489000, "changeToInventory": 17925000, "changeToOperatingActivities": -32481000, "totalCashFromOperatingActivities": -138647000, "capitalExpenditures": -19541000, "investments": -17495000, "otherCashflowsFromInvestingActivities": -32000, "totalCashflowsFromInvestingActivities": -37068000, "netBorrowings": 90160000, "otherCashflowsFromFinancingActivities": 81106000, "totalCashFromFinancingActivities": 171266000, "changeInCash": -4417000}, {"maxAge": 1, "endDate": "2019-03-31", "netIncome": 36346000, "depreciation": 1019000, "changeToNetincome": 7103000, "changeToAccountReceivables": -207212000, "changeToLiabilities": 54683000, "changeToInventory": -101255000, "changeToOperatingActivities": 109169000, "totalCashFromOperatingActivities": -100147000, "capitalExpenditures": -8372000, "investments": -17495000, "otherCashflowsFromInvestingActivities": -32000, "totalCashflowsFromInvestingActivities": -8372000, "netBorrowings": 107441000, "otherCashflowsFromFinancingActivities": 3514000, "totalCashFromFinancingActivities": 129835000, "changeInCash": 21316000, "issuanceOfStock": 18880000}, {"maxAge": 1, "endDate": "2018-03-31", "netIncome": 14539045, "depreciation": 159660, "changeToNetincome": 1703797, "changeToAccountReceivables": -43321332, "changeToLiabilities": 142466223, "changeToInventory": -8755558, "changeToOperatingActivities": -89782778, "totalCashFromOperatingActivities": 17009057, "capitalExpenditures": -10697428, "investments": -17495000, "otherCashflowsFromInvestingActivities": -32000, "totalCashflowsFromInvestingActivities": -10697428, "netBorrowings": 10299138, "otherCashflowsFromFinancingActivities": 14539044, "totalCashFromFinancingActivities": 24838182, "changeInCash": 31149811, "issuanceOfStock": 18880000}, {"maxAge": 1, "endDate": "2017-03-31", "netIncome": 4465385, "depreciation": 62625, "changeToNetincome": 1651404, "changeToAccountReceivables": -75475781, "changeToLiabilities": 58323589, "changeToInventory": 19198813, "changeToOperatingActivities": -7378012, "totalCashFromOperatingActivities": 899679, "capitalExpenditures": -10697428, "investments": -17495000, "otherCashflowsFromInvestingActivities": -32000, "totalCashflowsFromInvestingActivities": -10697428, "netBorrowings": 10299138, "otherCashflowsFromFinancingActivities": 14539044, "totalCashFromFinancingActivities": 24838182, "changeInCash": 899679, "issuanceOfStock": 18880000}], "maxAge": 86400}, "institutionOwnership": {"ownershipList": [], "maxAge": 1}, "majorHoldersBreakdown": {"maxAge": 1}, "balanceSheetHistoryQuarterly": {"balanceSheetStatements": [{"maxAge": 1, "endDate": "2020-12-31"}, {"maxAge": 1, "endDate": "2019-12-31", "totalStockholderEquity": 355500000, "netTangibleAssets": 355500000}, {"maxAge": 1, "endDate": "2019-09-30", "cash": 38100000, "netReceivables": 607800000, "inventory": 94500000, "otherCurrentAssets": 16600000, "totalCurrentAssets": 757000000, "longTermInvestments": 11200000, "propertyPlantEquipment": 18800000, "otherAssets": -100000, "totalAssets": 786900000, "accountsPayable": 320194000, "otherCurrentLiab": 24906000, "longTermDebt": 85588000, "otherLiab": 712000, "totalCurrentLiabilities": 345100000, "totalLiab": 431400000, "commonStock": 240080000, "treasuryStock": 115420000, "otherStockholderEquity": 115420000, "totalStockholderEquity": 355500000, "netTangibleAssets": 355500000}, {"maxAge": 1, "endDate": "2019-06-30", "cash": 38100000, "netReceivables": 607800000, "inventory": 94500000, "otherCurrentAssets": 16600000, "totalCurrentAssets": 757000000, "longTermInvestments": 11200000, "propertyPlantEquipment": 18800000, "otherAssets": -100000, "totalAssets": 786900000, "accountsPayable": 320194000, "otherCurrentLiab": 24906000, "longTermDebt": 85588000, "otherLiab": 712000, "totalCurrentLiabilities": 345100000, "totalLiab": 431400000, "commonStock": 240080000, "treasuryStock": 115420000, "otherStockholderEquity": 115420000, "totalStockholderEquity": 355500000, "netTangibleAssets": 355500000}], "maxAge": 86400}, "indexTrend": {"maxAge": 1, "symbol": "SP5", "peRatio": 19.7411, "pegRatio": 1.34172, "estimates": [{"period": "0q", "growth": 0.549}, {"period": "+1q", "growth": 0.431}, {"period": "0y", "growth": 0.305}, {"period": "+1y", "growth": 0.109}, {"period": "+5y", "growth": 0.120865}, {"period": "-5y"}]}, "defaultKeyStatistics": {"maxAge": 1, "priceHint": 2, "enterpriseValue": 5590217728, "profitMargins": 0.10457, "floatShares": 14002313, "sharesOutstanding": 24008000, "beta": 0.83782, "category": null, "bookValue": 16.113, "priceToBook": 15.170979, "fundFamily": null, "legalType": null, "lastFiscalYearEnd": "2020-03-31 05:30:00", "nextFiscalYearEnd": "2022-03-31 05:30:00", "mostRecentQuarter": "2020-12-31 05:30:00", "earningsQuarterlyGrowth": 17.729, "netIncomeToCommon": 1388900992, "trailingEps": 57.889, "lastSplitFactor": null, "enterpriseToRevenue": 0.421, "enterpriseToEbitda": 2.719}, "summaryProfile": {"address1": "Malad Industrial Units", "address2": "Gala No. 5 Floor/D Coop Society Limited, Kachpada Ramchandra Lane Extension, Malad (West)", "city": "Mumbai", "zip": "400064", "country": "India", "phone": "91 22 4971 2096", "website": "http://www.suumayalifestyle.com", "industry": "Apparel Retail", "sector": "Consumer Cyclical", "longBusinessSummary": "Suumaya Industries Limited manufactures, retails, and distributes garments and fabrics. The company offers women wear garments, including designer kurtis, and formal and casual wear. It markets its products under the Ekka, Ira, and Tag9 brands. The company operates approximately 1,450 multi-brand outlets and 10 exclusive brand outlets in India and Dubai. It also distributes its products online. The company was formerly known as Suumaya Lifestyle Limited and changed its name to Suumaya Industries Limited in February 2021. Suumaya Industries Limited was founded in 1985 and is based in Mumbai, India.", "fullTimeEmployees": 55, "companyOfficers": [], "maxAge": 86400}, "netSharePurchaseActivity": {"maxAge": 1, "period": "6m", "buyInfoCount": 0, "buyInfoShares": 0, "sellInfoCount": 0, "netInfoCount": 0, "netInfoShares": 0, "totalInsiderShares": 0}, "quoteType": {"exchange": "NSI", "quoteType": "EQUITY", "symbol": "SUULD.NS", "underlyingSymbol": "SUULD.NS", "shortName": "Suumaya Lifestyle Limited", "longName": "Suumaya Industries Limited", "firstTradeDateEpochUtc": "2018-06-18 09:15:00", "timeZoneFullName": "Asia/Kolkata", "timeZoneShortName": "IST", "uuid": "00dd3f49-c785-3599-bf93-2b1df5168ff9", "gmtOffSetMilliseconds": 19800000, "maxAge": 1}, "incomeStatementHistory": {"incomeStatementHistory": [{"maxAge": 1, "endDate": "2020-03-31", "totalRevenue": 2107082000, "costOfRevenue": 1938254000, "grossProfit": 168828000, "researchDevelopment": {}, "sellingGeneralAdministrative": 31520000, "nonRecurring": {}, "otherOperatingExpenses": 24800000, "totalOperatingExpenses": 1996784000, "operatingIncome": 110298000, "totalOtherIncomeExpenseNet": -1849000, "ebit": 110298000, "interestExpense": -1699000, "incomeBeforeTax": 108449000, "incomeTaxExpense": 26848000, "minorityInterest": 13000, "netIncomeFromContinuingOps": 81601000, "discontinuedOperations": {}, "extraordinaryItems": {}, "effectOfAccountingCharges": {}, "otherItems": {}, "netIncome": 81601000, "netIncomeApplicableToCommonShares": 81601000}, {"maxAge": 1, "endDate": "2019-03-31", "totalRevenue": 1749839000, "costOfRevenue": 1665469000, "grossProfit": 84370000, "researchDevelopment": {}, "sellingGeneralAdministrative": 18004000, "nonRecurring": {}, "otherOperatingExpenses": 13867000, "totalOperatingExpenses": 1698359000, "operatingIncome": 51480000, "totalOtherIncomeExpenseNet": -646000, "ebit": 51480000, "interestExpense": -594000, "incomeBeforeTax": 50834000, "incomeTaxExpense": 14488000, "minorityInterest": 13000, "netIncomeFromContinuingOps": 36346000, "discontinuedOperations": {}, "extraordinaryItems": {}, "effectOfAccountingCharges": {}, "otherItems": {}, "netIncome": 36346000, "netIncomeApplicableToCommonShares": 36346000}, {"maxAge": 1, "endDate": "2018-03-31", "totalRevenue": 3774248626, "costOfRevenue": 3667446019, "grossProfit": 106802607, "researchDevelopment": {}, "sellingGeneralAdministrative": 11537166, "nonRecurring": {}, "otherOperatingExpenses": 74024950, "totalOperatingExpenses": 3753167795, "operatingIncome": 21080831, "totalOtherIncomeExpenseNet": 1, "ebit": 21080831, "interestExpense": -594000, "incomeBeforeTax": 21080832, "incomeTaxExpense": 6541787, "minorityInterest": 13000, "netIncomeFromContinuingOps": 14539045, "discontinuedOperations": {}, "extraordinaryItems": {}, "effectOfAccountingCharges": {}, "otherItems": {}, "netIncome": 14539045, "netIncomeApplicableToCommonShares": 14539045}, {"maxAge": 1, "endDate": "2017-03-31", "totalRevenue": 2120576743, "costOfRevenue": 2110609534, "grossProfit": 9967209, "researchDevelopment": {}, "sellingGeneralAdministrative": 432693, "nonRecurring": {}, "otherOperatingExpenses": 2289636, "totalOperatingExpenses": 2113451650, "operatingIncome": 7125093, "totalOtherIncomeExpenseNet": 0, "ebit": 7125093, "interestExpense": -594000, "incomeBeforeTax": 7125093, "incomeTaxExpense": 2659708, "minorityInterest": 13000, "netIncomeFromContinuingOps": 4465385, "discontinuedOperations": {}, "extraordinaryItems": {}, "effectOfAccountingCharges": {}, "otherItems": {}, "netIncome": 4465385, "netIncomeApplicableToCommonShares": 4465385}], "maxAge": 86400}, "fundOwnership": {"ownershipList": [], "maxAge": 1}, "summaryDetail": {"maxAge": 1, "priceHint": 2, "previousClose": 232.85, "open": 234.8, "dayLow": 234.8, "dayHigh": 244.45, "regularMarketPreviousClose": 232.85, "regularMarketOpen": 234.8, "regularMarketDayLow": 234.8, "regularMarketDayHigh": 244.45, "dividendRate": 0.25, "dividendYield": 0.0042, "exDividendDate": "2020-11-12 05:30:00", "payoutRatio": 0.0, "beta": 0.83782, "trailingPE": 4.2227364, "volume": 11976, "regularMarketVolume": 11976, "averageVolume": 0, "averageVolume10days": 0, "averageDailyVolume10Day": 0, "bid": 0.0, "ask": 0.0, "marketCap": 5868755456, "fiftyTwoWeekLow": 23.35, "fiftyTwoWeekHigh": 244.45, "priceToSalesTrailing12Months": 0.44184512, "fiftyDayAverage": 59.3, "twoHundredDayAverage": 57.443523, "trailingAnnualDividendRate": 0.1, "trailingAnnualDividendYield": 0.000429461, "currency": "INR", "fromCurrency": null, "lastMarket": null, "algorithm": null, "tradeable": false}, "incomeStatementHistoryQuarterly": {"incomeStatementHistory": [{"maxAge": 1, "endDate": "2020-12-31", "totalRevenue": 9175100000, "costOfRevenue": 7405800000, "grossProfit": 1769300000, "researchDevelopment": {}, "sellingGeneralAdministrative": 18800000, "nonRecurring": {}, "otherOperatingExpenses": 40400000, "totalOperatingExpenses": 7467900000, "operatingIncome": 1707200000, "totalOtherIncomeExpenseNet": -10300000, "ebit": 1707200000, "interestExpense": -10300000, "incomeBeforeTax": 1696900000, "incomeTaxExpense": 528200000, "minorityInterest": {}, "netIncomeFromContinuingOps": 1168700000, "discontinuedOperations": {}, "extraordinaryItems": {}, "effectOfAccountingCharges": {}, "otherItems": {}, "netIncome": 1168700000, "netIncomeApplicableToCommonShares": 1168700000}, {"maxAge": 1, "endDate": "2019-12-31", "totalRevenue": 242700000, "costOfRevenue": 167000000, "grossProfit": 75700000, "researchDevelopment": {}, "sellingGeneralAdministrative": 7700000, "nonRecurring": {}, "otherOperatingExpenses": 4200000, "totalOperatingExpenses": 179900000, "operatingIncome": 62800000, "totalOtherIncomeExpenseNet": -400000, "ebit": 62800000, "interestExpense": -300000, "incomeBeforeTax": 62400000, "incomeTaxExpense": 0, "minorityInterest": {}, "netIncomeFromContinuingOps": 62400000, "discontinuedOperations": {}, "extraordinaryItems": {}, "effectOfAccountingCharges": {}, "otherItems": {}, "netIncome": 62400000, "netIncomeApplicableToCommonShares": 62400000}, {"maxAge": 1, "endDate": "2019-09-30", "totalRevenue": 550863000, "costOfRevenue": 496672500, "grossProfit": 54190500, "researchDevelopment": {}, "sellingGeneralAdministrative": 3887000, "nonRecurring": {}, "otherOperatingExpenses": 14921000, "totalOperatingExpenses": 515844500, "operatingIncome": 35018500, "totalOtherIncomeExpenseNet": -801000, "ebit": 35018500, "interestExpense": -801000, "incomeBeforeTax": 34217500, "incomeTaxExpense": 9307000, "minorityInterest": {}, "netIncomeFromContinuingOps": 24910500, "discontinuedOperations": {}, "extraordinaryItems": {}, "effectOfAccountingCharges": {}, "otherItems": {}, "netIncome": 24910500, "netIncomeApplicableToCommonShares": 24910500}, {"maxAge": 1, "endDate": "2019-06-30", "totalRevenue": 550863000, "costOfRevenue": 496672500, "grossProfit": 54190500, "researchDevelopment": {}, "sellingGeneralAdministrative": 3887000, "nonRecurring": {}, "otherOperatingExpenses": 14921000, "totalOperatingExpenses": 515844500, "operatingIncome": 35018500, "totalOtherIncomeExpenseNet": -801000, "ebit": 35018500, "interestExpense": -801000, "incomeBeforeTax": 34217500, "incomeTaxExpense": 9307000, "minorityInterest": {}, "netIncomeFromContinuingOps": 24910500, "discontinuedOperations": {}, "extraordinaryItems": {}, "effectOfAccountingCharges": {}, "otherItems": {}, "netIncome": 24910500, "netIncomeApplicableToCommonShares": 24910500}], "maxAge": 86400}, "cashflowStatementHistoryQuarterly": {"cashflowStatements": [{"maxAge": 1, "endDate": "2020-12-31", "netIncome": 1168700000, "changeToLiabilities": 0}, {"maxAge": 1, "endDate": "2019-12-31", "netIncome": 62400000, "changeToLiabilities": 0}, {"maxAge": 1, "endDate": "2019-09-30", "netIncome": 24910500, "changeToLiabilities": 0}, {"maxAge": 1, "endDate": "2019-06-30", "netIncome": 24910500, "changeToLiabilities": 0}], "maxAge": 86400}, "insiderHolders": {"holders": [], "maxAge": 1}, "calendarEvents": {"maxAge": 1, "earnings": {"earningsDate": []}, "exDividendDate": "2020-11-12 05:30:00"}, "upgradeDowngradeHistory": {"history": [], "maxAge": 86400}, "price": {"maxAge": 1, "regularMarketChangePercent": 0.04981744, "regularMarketChange": 11.599991, "regularMarketTime": "2021-04-30 14:11:52", "priceHint": 2, "regularMarketPrice": 244.45, "regularMarketDayHigh": 244.45, "regularMarketDayLow": 234.8, "regularMarketVolume": 11976, "averageDailyVolume10Day": 0, "averageDailyVolume3Month": 0, "regularMarketPreviousClose": 232.85, "regularMarketSource": "FREE_REALTIME", "regularMarketOpen": 234.8, "exchange": "NSI", "exchangeName": "NSE", "exchangeDataDelayedBy": 15, "marketState": "CLOSED", "quoteType": "EQUITY", "symbol": "SUULD.NS", "underlyingSymbol": null, "shortName": "Suumaya Lifestyle Limited", "longName": "Suumaya Industries Limited", "currency": "INR", "quoteSourceName": "Delayed Quote", "currencySymbol": "\u20b9", "fromCurrency": null, "lastMarket": null, "marketCap": 5868755456}, "balanceSheetHistory": {"balanceSheetStatements": [{"maxAge": 1, "endDate": "2020-03-31", "cash": 49961000, "shortTermInvestments": 19766000, "netReceivables": 666996000, "inventory": 133726000, "otherCurrentAssets": 60677000, "totalCurrentAssets": 931126000, "propertyPlantEquipment": 33937000, "goodWill": 1001000, "intangibleAssets": 97000, "totalAssets": 966161000, "accountsPayable": 327114000, "otherCurrentLiab": 42834000, "longTermDebt": 163570000, "otherLiab": 1471000, "minorityInterest": 13000, "totalCurrentLiabilities": 414278000, "totalLiab": 579319000, "commonStock": 240080000, "retainedEarnings": 135919000, "capitalSurplus": 10830000, "totalStockholderEquity": 386829000, "netTangibleAssets": 385731000}, {"maxAge": 1, "endDate": "2019-03-31", "cash": 54378000, "shortTermInvestments": 6367000, "netReceivables": 510488000, "inventory": 151651000, "otherCurrentAssets": 4191000, "totalCurrentAssets": 727075000, "propertyPlantEquipment": 16700000, "goodWill": 1500000, "totalAssets": 745275000, "accountsPayable": 304625000, "otherCurrentLiab": 16478000, "longTermDebt": 117740000, "otherLiab": 709000, "totalCurrentLiabilities": 321103000, "totalLiab": 439552000, "commonStock": 240080000, "retainedEarnings": 54813000, "capitalSurplus": 10830000, "totalStockholderEquity": 305723000, "netTangibleAssets": 304223000}, {"maxAge": 1, "endDate": "2018-03-31", "cash": 33062433, "shortTermInvestments": 300000, "netReceivables": 280626138, "inventory": 50945821, "otherCurrentAssets": 141812500, "totalCurrentAssets": 506746892, "propertyPlantEquipment": 9271331, "goodWill": 1500000, "intangibleAssets": 38762, "otherAssets": -2, "totalAssets": 517556983, "accountsPayable": 249941323, "otherCurrentLiab": 9055452, "longTermDebt": 10299138, "otherLiab": 300662, "totalCurrentLiabilities": 259972453, "totalLiab": 270572253, "commonStock": 221200000, "retainedEarnings": 20984730, "capitalSurplus": 4800000, "totalStockholderEquity": 246984730, "netTangibleAssets": 245445968}, {"maxAge": 1, "endDate": "2017-03-31", "cash": 1912621, "netReceivables": 231279501, "inventory": 97640263, "otherCurrentAssets": 902500, "totalCurrentAssets": 331734885, "propertyPlantEquipment": 112664, "totalAssets": 331847549, "accountsPayable": 93572660, "otherCurrentLiab": 3737805, "otherLiab": 77, "totalCurrentLiabilities": 98185365, "totalLiab": 98185442, "commonStock": 221200000, "retainedEarnings": 7662108, "capitalSurplus": 4800000, "totalStockholderEquity": 233662108, "netTangibleAssets": 233662108}], "maxAge": 86400}, "financialData": {"maxAge": 86400, "currentPrice": 244.45, "recommendationKey": "none", "ebitda": 2056096512, "totalRevenue": 13282381824, "revenuePerShare": 553.603, "grossProfits": 168828000, "earningsGrowth": 17.723, "revenueGrowth": 36.804, "grossMargins": 0.16903, "ebitdaMargins": 0.1548, "operatingMargins": 0.15463, "profitMargins": 0.10457, "financialCurrency": "INR"}}}