{"SUVEN.BO": {"recommendationTrend": {"trend": [{"period": "0m", "strongBuy": 0, "buy": 0, "hold": 0, "sell": 0, "strongSell": 0}, {"period": "-1m", "strongBuy": 0, "buy": 0, "hold": 0, "sell": 0, "strongSell": 0}, {"period": "-2m", "strongBuy": 0, "buy": 0, "hold": 0, "sell": 0, "strongSell": 0}, {"period": "-3m", "strongBuy": 0, "buy": 0, "hold": 0, "sell": 0, "strongSell": 0}], "maxAge": 86400}, "cashflowStatementHistory": {"cashflowStatements": [{"maxAge": 1, "endDate": "2020-03-31", "netIncome": -942179000, "depreciation": 41671000, "changeToNetincome": -9030000, "changeToAccountReceivables": 3738000, "changeToLiabilities": -13039000, "changeToOperatingActivities": -1019630000, "totalCashFromOperatingActivities": -1938452000, "capitalExpenditures": -23851000, "investments": 2223766000, "otherCashflowsFromInvestingActivities": -144398000, "totalCashflowsFromInvestingActivities": 2055517000, "netBorrowings": 32932000, "otherCashflowsFromFinancingActivities": -5514000, "totalCashFromFinancingActivities": 27418000, "changeInCash": 144483000}, {"maxAge": 1, "endDate": "2019-03-31", "netIncome": -239041000, "depreciation": 140385000, "changeToNetincome": -99289000, "changeToAccountReceivables": -37167000, "changeToLiabilities": -60086000, "changeToInventory": -5429000, "changeToOperatingActivities": -227100000, "totalCashFromOperatingActivities": -526138000, "capitalExpenditures": -394989000, "investments": 765950000, "otherCashflowsFromInvestingActivities": 385000, "totalCashflowsFromInvestingActivities": 371346000, "netBorrowings": 64481000, "otherCashflowsFromFinancingActivities": -19134000, "totalCashFromFinancingActivities": 45347000, "changeInCash": -176603000}, {"maxAge": 1, "endDate": "2018-03-31", "netIncome": 1236875000, "depreciation": 245399000, "changeToNetincome": 138557000, "changeToAccountReceivables": -157049000, "changeToLiabilities": 188761000, "changeToInventory": -469548000, "changeToOperatingActivities": -485870000, "totalCashFromOperatingActivities": 699362000, "capitalExpenditures": -400342000, "investments": 403238000, "otherCashflowsFromInvestingActivities": 8393000, "totalCashflowsFromInvestingActivities": -6096000, "dividendsPaid": -190930000, "netBorrowings": -244581000, "otherCashflowsFromFinancingActivities": -85147000, "totalCashFromFinancingActivities": -520658000, "changeInCash": 172608000}, {"maxAge": 1, "endDate": "2017-03-31", "netIncome": 871873000, "depreciation": 275771000, "changeToNetincome": -135650000, "changeToAccountReceivables": 77316000, "changeToLiabilities": 23348000, "changeToInventory": -90470000, "changeToOperatingActivities": 68823000, "totalCashFromOperatingActivities": 1091702000, "capitalExpenditures": -295153000, "investments": -2811179000, "otherCashflowsFromInvestingActivities": 10004000, "totalCashflowsFromInvestingActivities": -3106433000, "dividendsPaid": -127282000, "netBorrowings": -93848000, "otherCashflowsFromFinancingActivities": -82746000, "totalCashFromFinancingActivities": -303876000, "changeInCash": -2318607000}], "maxAge": 86400}, "institutionOwnership": {"ownershipList": [], "maxAge": 1}, "balanceSheetHistoryQuarterly": {"balanceSheetStatements": [{"maxAge": 1, "endDate": "2020-06-30", "totalStockholderEquity": 1433484000, "netTangibleAssets": 1431971000}, {"maxAge": 1, "endDate": "2020-03-31", "cash": 146757000, "shortTermInvestments": 494000, "netReceivables": 453005000, "inventory": 2899000, "otherCurrentAssets": 53209000, "totalCurrentAssets": 659863000, "propertyPlantEquipment": 245424000, "intangibleAssets": 1513000, "otherAssets": 912524000, "totalAssets": 1819324000, "accountsPayable": 57820000, "shortLongTermDebt": 9440000, "otherCurrentLiab": 7171000, "longTermDebt": 10849000, "otherLiab": 80530000, "totalCurrentLiabilities": 265111000, "totalLiab": 385840000, "commonStock": 127282000, "retainedEarnings": 213104000, "treasuryStock": -15051000, "capitalSurplus": 1108149000, "otherStockholderEquity": -15051000, "totalStockholderEquity": 1433484000, "netTangibleAssets": 1431971000}, {"maxAge": 1, "endDate": "2019-12-31", "totalStockholderEquity": 9228139000, "netTangibleAssets": 9202994000}, {"maxAge": 1, "endDate": "2019-09-30", "cash": 588944000, "shortTermInvestments": 950110000, "netReceivables": 1629040000, "inventory": 1523136000, "otherCurrentAssets": 786978000, "totalCurrentAssets": 5478208000, "longTermInvestments": 2513149000, "propertyPlantEquipment": 4196698000, "intangibleAssets": 25145000, "otherAssets": 157243000, "totalAssets": 12370443000, "accountsPayable": 490586000, "otherCurrentLiab": 885047000, "longTermDebt": 19521000, "otherLiab": 509857000, "totalCurrentLiabilities": 2612926000, "totalLiab": 3142304000, "commonStock": 127282000, "treasuryStock": 9100857000, "otherStockholderEquity": 9100857000, "totalStockholderEquity": 9228139000, "netTangibleAssets": 9202994000}], "maxAge": 86400}, "earningsHistory": {"history": [{"maxAge": 1, "epsActual": {}, "epsEstimate": {}, "epsDifference": {}, "surprisePercent": {}, "quarter": {}, "period": "-4q"}, {"maxAge": 1, "epsActual": {}, "epsEstimate": {}, "epsDifference": {}, "surprisePercent": {}, "quarter": {}, "period": "-3q"}, {"maxAge": 1, "epsActual": 4.9, "epsEstimate": 4.1, "epsDifference": 0.8, "surprisePercent": 0.195, "quarter": "2018-03-31", "period": "-2q"}, {"maxAge": 1, "epsActual": 1.41, "epsEstimate": 2.3, "epsDifference": -0.89, "surprisePercent": -0.387, "quarter": "2018-09-30", "period": "-1q"}], "maxAge": 86400}, "indexTrend": {"maxAge": 1, "symbol": "SP5", "peRatio": 19.7411, "pegRatio": 1.34172, "estimates": [{"period": "0q", "growth": 0.549}, {"period": "+1q", "growth": 0.431}, {"period": "0y", "growth": 0.305}, {"period": "+1y", "growth": 0.109}, {"period": "+5y", "growth": 0.120865}, {"period": "-5y"}]}, "industryTrend": {"maxAge": 1, "symbol": null, "estimates": []}, "insiderTransactions": {"transactions": [{"maxAge": 1, "shares": 15000, "value": 10095, "filerUrl": "", "transactionText": "Acquisition at price 0.67 per share.", "filerName": "Jasthi (Venkata Ramudu)", "filerRelation": "Executive Chairman", "moneyText": "", "startDate": "2020-08-31", "ownership": "D"}, {"maxAge": 1, "shares": 10000, "value": 7359, "filerUrl": "", "transactionText": "Acquisition at price 0.74 per share.", "filerName": "Jasthi (Venkata Ramudu)", "filerRelation": "Executive Chairman", "moneyText": "", "startDate": "2020-08-28", "ownership": "D"}, {"maxAge": 1, "shares": 20000, "value": 14206, "filerUrl": "", "transactionText": "Acquisition at price 0.71 per share.", "filerName": "Jasthi (Venkata Ramudu)", "filerRelation": "Executive Chairman", "moneyText": "", "startDate": "2020-08-26", "ownership": "D"}, {"maxAge": 1, "shares": 20000, "value": 13350, "filerUrl": "", "transactionText": "Acquisition at price 0.67 per share.", "filerName": "Jasthi (Venkata Ramudu)", "filerRelation": "Executive Chairman", "moneyText": "", "startDate": "2020-08-21", "ownership": "D"}, {"maxAge": 1, "shares": 550000, "filerUrl": "", "transactionText": "", "filerName": "Jasti Property & Equity Holdings Pvt Ltd", "filerRelation": "Promoter", "moneyText": "", "startDate": "2016-03-29", "ownership": "D"}, {"maxAge": 1, "shares": 162424, "filerUrl": "", "transactionText": "", "filerName": "Jasti Property & Equity Holdings Pvt Ltd", "filerRelation": "Promoter", "moneyText": "", "startDate": "2015-08-31", "ownership": "D"}, {"maxAge": 1, "shares": 75652576, "filerUrl": "", "transactionText": "", "filerName": "Jasti (Subbarao)", "filerRelation": "Promoter", "moneyText": "", "startDate": "2015-03-11", "ownership": "D"}, {"maxAge": 1, "shares": 75652576, "filerUrl": "", "transactionText": "", "filerName": "Jasti Property & Equity Holdings Pvt Ltd", "filerRelation": "Promoter", "moneyText": "", "startDate": "2015-03-11", "ownership": "D"}, {"maxAge": 1, "shares": 1054900, "filerUrl": "", "transactionText": "", "filerName": "Jasti (Madhavi)", "filerRelation": "Promoter", "moneyText": "", "startDate": "2014-12-18", "ownership": "D"}, {"maxAge": 1, "shares": 75645000, "filerUrl": "", "transactionText": "", "filerName": "Jasti (Subbarao)", "filerRelation": "Promoter", "moneyText": "", "startDate": "2014-12-18", "ownership": "D"}, {"maxAge": 1, "shares": 20999000, "filerUrl": "", "transactionText": "", "filerName": "Jasti (Sudha Rani)", "filerRelation": "Wholetime Director", "moneyText": "", "startDate": "2014-12-18", "ownership": "D"}, {"maxAge": 1, "shares": 10549000, "filerUrl": "", "transactionText": "", "filerName": "Jasti (Sirisha)", "filerRelation": "Promoter", "moneyText": "", "startDate": "2014-12-18", "ownership": "D"}, {"maxAge": 1, "shares": 22999000, "filerUrl": "", "transactionText": "", "filerName": "Jasti (Venkateswarlu)", "filerRelation": "Executive Chairman", "moneyText": "", "startDate": "2014-12-18", "ownership": "D"}, {"maxAge": 1, "shares": 10549000, "filerUrl": "", "transactionText": "", "filerName": "Jasti (Kalyani)", "filerRelation": "Promoter", "moneyText": "", "startDate": "2014-12-18", "ownership": "D"}, {"maxAge": 1, "shares": 20000, "filerUrl": "", "transactionText": "", "filerName": "Rao (Hanumantha K)", "filerRelation": "Compliance Officer", "moneyText": "", "startDate": "2014-09-05", "ownership": "D"}, {"maxAge": 1, "shares": 243688, "filerUrl": "", "transactionText": "", "filerName": "Jasti (Sudha Rani)", "filerRelation": "Wholetime Director", "moneyText": "", "startDate": "2013-06-21", "ownership": "D"}, {"maxAge": 1, "shares": 347090, "filerUrl": "", "transactionText": "", "filerName": "Jasti (Venkateswarlu)", "filerRelation": "Executive Chairman", "moneyText": "", "startDate": "2013-04-12", "ownership": "D"}, {"maxAge": 1, "shares": 231970, "filerUrl": "", "transactionText": "", "filerName": "Jasti (Venkateswarlu)", "filerRelation": "Executive Chairman", "moneyText": "", "startDate": "2013-04-11", "ownership": "D"}, {"maxAge": 1, "shares": 500000, "filerUrl": "", "transactionText": "", "filerName": "Jasti (Sudha Rani)", "filerRelation": "Wholetime Director", "moneyText": "", "startDate": "2013-03-15", "ownership": "D"}, {"maxAge": 1, "shares": 282000, "filerUrl": "", "transactionText": "", "filerName": "Jasti (Sirisha)", "filerRelation": "Promoter", "moneyText": "", "startDate": "2013-01-30", "ownership": "D"}, {"maxAge": 1, "shares": 29800, "filerUrl": "", "transactionText": "", "filerName": "Jasti (Sudha Rani)", "filerRelation": "Wholetime Director", "moneyText": "", "startDate": "2011-08-09", "ownership": "D"}, {"maxAge": 1, "shares": 15000, "filerUrl": "", "transactionText": "", "filerName": "Sunder (Venkatraman)", "filerRelation": "Vice President", "moneyText": "", "startDate": "2010-03-23", "ownership": "D"}], "maxAge": 1}, "quoteType": {"exchange": "BSE", "quoteType": "EQUITY", "symbol": "SUVEN.BO", "underlyingSymbol": "SUVEN.BO", "shortName": "SUVEN LIFE SCIENCES LTD.", "longName": "Suven Life Sciences Limited", "firstTradeDateEpochUtc": "2002-07-01 09:15:00", "timeZoneFullName": "Asia/Kolkata", "timeZoneShortName": "IST", "uuid": "1d7a011c-26bd-3bfd-ae07-4386a57afd6b", "gmtOffSetMilliseconds": 19800000, "maxAge": 1}, "incomeStatementHistory": {"incomeStatementHistory": [{"maxAge": 1, "endDate": "2020-03-31", "totalRevenue": 147053000, "costOfRevenue": 227000, "grossProfit": 146826000, "researchDevelopment": 1032264000, "sellingGeneralAdministrative": 174905000, "nonRecurring": {}, "otherOperatingExpenses": 91983000, "totalOperatingExpenses": 1341066000, "operatingIncome": -1194013000, "totalOtherIncomeExpenseNet": 130005000, "ebit": -1194013000, "interestExpense": -4871000, "incomeBeforeTax": -1064008000, "incomeTaxExpense": -121829000, "minorityInterest": {}, "netIncomeFromContinuingOps": -942179000, "discontinuedOperations": {}, "extraordinaryItems": {}, "effectOfAccountingCharges": {}, "otherItems": {}, "netIncome": -942179000, "netIncomeApplicableToCommonShares": -942179000}, {"maxAge": 1, "endDate": "2019-03-31", "totalRevenue": 2859603000, "costOfRevenue": 1196586000, "grossProfit": 1663017000, "researchDevelopment": 1189433000, "sellingGeneralAdministrative": 395908000, "nonRecurring": {}, "otherOperatingExpenses": 218630000, "totalOperatingExpenses": 3108454000, "operatingIncome": -248851000, "totalOtherIncomeExpenseNet": 250411000, "ebit": -248851000, "interestExpense": -12007000, "incomeBeforeTax": 1560000, "incomeTaxExpense": 240601000, "minorityInterest": {}, "netIncomeFromContinuingOps": -239041000, "discontinuedOperations": {}, "extraordinaryItems": {}, "effectOfAccountingCharges": {}, "otherItems": {}, "netIncome": -239041000, "netIncomeApplicableToCommonShares": -239041000}, {"maxAge": 1, "endDate": "2018-03-31", "totalRevenue": 6255490000, "costOfRevenue": 2430367000, "grossProfit": 3825123000, "researchDevelopment": 902154000, "sellingGeneralAdministrative": 655584000, "nonRecurring": {}, "otherOperatingExpenses": 282550000, "totalOperatingExpenses": 4483754000, "operatingIncome": 1771736000, "totalOtherIncomeExpenseNet": 183523000, "ebit": 1771736000, "interestExpense": -28160000, "incomeBeforeTax": 1955259000, "incomeTaxExpense": 718384000, "minorityInterest": {}, "netIncomeFromContinuingOps": 1236875000, "discontinuedOperations": {}, "extraordinaryItems": {}, "effectOfAccountingCharges": {}, "otherItems": {}, "netIncome": 1236875000, "netIncomeApplicableToCommonShares": 1236875000}, {"maxAge": 1, "endDate": "2017-03-31", "totalRevenue": 5436756000, "costOfRevenue": 2332811000, "grossProfit": 3103945000, "researchDevelopment": 991454000, "sellingGeneralAdministrative": 563368000, "nonRecurring": {}, "otherOperatingExpenses": 245402000, "totalOperatingExpenses": 4347166000, "operatingIncome": 1089590000, "totalOtherIncomeExpenseNet": 141115000, "ebit": 1089590000, "interestExpense": -37638000, "incomeBeforeTax": 1230705000, "incomeTaxExpense": 358832000, "minorityInterest": {}, "netIncomeFromContinuingOps": 871873000, "discontinuedOperations": {}, "extraordinaryItems": {}, "effectOfAccountingCharges": {}, "otherItems": {}, "netIncome": 871873000, "netIncomeApplicableToCommonShares": 871873000}], "maxAge": 86400}, "fundOwnership": {"ownershipList": [], "maxAge": 1}, "summaryDetail": {"maxAge": 1, "priceHint": 2, "previousClose": 102.95, "open": 101.65, "dayLow": 100.85, "dayHigh": 106.45, "regularMarketPreviousClose": 102.95, "regularMarketOpen": 101.65, "regularMarketDayLow": 100.85, "regularMarketDayHigh": 106.45, "forwardPE": 12.094118, "volume": 199764, "regularMarketVolume": 199764, "averageVolume": 170052, "averageVolume10days": 92345, "averageDailyVolume10Day": 92345, "bid": 102.6, "ask": 102.9, "bidSize": 0, "askSize": 0, "marketCap": 13084590080, "fiftyTwoWeekLow": 19.35, "fiftyTwoWeekHigh": 109.0, "fiftyDayAverage": 86.46667, "twoHundredDayAverage": 58.263603, "trailingAnnualDividendRate": 2.5, "trailingAnnualDividendYield": 0.024283633, "currency": "INR", "fromCurrency": null, "lastMarket": null, "algorithm": null, "tradeable": false}, "sectorTrend": {"maxAge": 1, "symbol": null, "estimates": []}, "incomeStatementHistoryQuarterly": {"incomeStatementHistory": [{"maxAge": 1, "endDate": "2020-06-30", "totalRevenue": 14286000, "costOfRevenue": 0, "grossProfit": 14286000, "researchDevelopment": 105367000, "sellingGeneralAdministrative": 41382000, "nonRecurring": {}, "otherOperatingExpenses": 9503000, "totalOperatingExpenses": 166901000, "operatingIncome": -152615000, "totalOtherIncomeExpenseNet": 23050000, "ebit": -152615000, "interestExpense": -2243000, "incomeBeforeTax": -129565000, "incomeTaxExpense": -24672000, "minorityInterest": {}, "netIncomeFromContinuingOps": -104893000, "discontinuedOperations": {}, "extraordinaryItems": {}, "effectOfAccountingCharges": {}, "otherItems": {}, "netIncome": -104893000, "netIncomeApplicableToCommonShares": -104893000}, {"maxAge": 1, "endDate": "2020-03-31", "totalRevenue": 89506000, "costOfRevenue": 227000, "grossProfit": 89279000, "researchDevelopment": 278377000, "sellingGeneralAdministrative": 44135000, "nonRecurring": {}, "otherOperatingExpenses": 12642000, "totalOperatingExpenses": 345905000, "operatingIncome": -256399000, "totalOtherIncomeExpenseNet": 22804000, "ebit": -256399000, "interestExpense": -1680000, "incomeBeforeTax": -233595000, "incomeTaxExpense": 21987000, "minorityInterest": {}, "netIncomeFromContinuingOps": -255582000, "discontinuedOperations": {}, "extraordinaryItems": {}, "effectOfAccountingCharges": {}, "otherItems": {}, "netIncome": -255582000, "netIncomeApplicableToCommonShares": -255582000}, {"maxAge": 1, "endDate": "2019-12-31", "totalRevenue": 27726000, "costOfRevenue": 0, "grossProfit": 27726000, "researchDevelopment": 237078000, "sellingGeneralAdministrative": 33226000, "nonRecurring": {}, "otherOperatingExpenses": 34118000, "totalOperatingExpenses": 312972000, "operatingIncome": -285246000, "totalOtherIncomeExpenseNet": 57532000, "ebit": -285246000, "interestExpense": -1021000, "incomeBeforeTax": -227714000, "incomeTaxExpense": 422000, "minorityInterest": {}, "netIncomeFromContinuingOps": -228136000, "discontinuedOperations": {}, "extraordinaryItems": {}, "effectOfAccountingCharges": {}, "otherItems": {}, "netIncome": -228136000, "netIncomeApplicableToCommonShares": -228136000}, {"maxAge": 1, "endDate": "2019-09-30", "totalRevenue": 2743149000, "costOfRevenue": 1186787000, "grossProfit": 1556362000, "researchDevelopment": 227938000, "sellingGeneralAdministrative": 172393000, "nonRecurring": {}, "otherOperatingExpenses": 136488000, "totalOperatingExpenses": 1779514000, "operatingIncome": 963635000, "totalOtherIncomeExpenseNet": 32942000, "ebit": 963635000, "interestExpense": -22910000, "incomeBeforeTax": 996577000, "incomeTaxExpense": 363457000, "minorityInterest": {}, "netIncomeFromContinuingOps": 633120000, "discontinuedOperations": {}, "extraordinaryItems": {}, "effectOfAccountingCharges": {}, "otherItems": {}, "netIncome": 633120000, "netIncomeApplicableToCommonShares": 633120000}], "maxAge": 86400}, "cashflowStatementHistoryQuarterly": {"cashflowStatements": [{"maxAge": 1, "endDate": "2020-06-30", "netIncome": -104893000, "changeToLiabilities": 0}, {"maxAge": 1, "endDate": "2020-03-31", "netIncome": -255582000, "changeToLiabilities": 0}, {"maxAge": 1, "endDate": "2019-12-31", "netIncome": -228136000, "changeToLiabilities": 0}, {"maxAge": 1, "endDate": "2019-09-30", "netIncome": 633120000, "changeToLiabilities": 0}], "maxAge": 86400}, "insiderHolders": {"holders": [{"maxAge": 1, "name": "Jasthi (Venkata Ramudu)", "relation": "Executive Chairman", "url": "", "transactionDescription": "Acquisition", "latestTransDate": "2020-08-31", "positionDirect": 65000, "positionDirectDate": "2020-08-31"}, {"maxAge": 1, "name": "Jasti (Kalyani)", "relation": "Promoter", "url": "", "transactionDescription": "Sale", "latestTransDate": "2014-12-18", "positionDirect": 1000, "positionDirectDate": "2014-12-18"}, {"maxAge": 1, "name": "Jasti (Madhavi)", "relation": "Promoter", "url": "", "transactionDescription": "Sale", "latestTransDate": "2014-12-18", "positionDirect": 1000, "positionDirectDate": "2014-12-18"}, {"maxAge": 1, "name": "Jasti (Sirisha)", "relation": "Promoter", "url": "", "transactionDescription": "Sale", "latestTransDate": "2014-12-18", "positionDirect": 1000, "positionDirectDate": "2014-12-18"}, {"maxAge": 1, "name": "Jasti (Subbarao)", "relation": "Promoter", "url": "", "transactionDescription": "Sale", "latestTransDate": "2015-03-11", "positionDirect": 0, "positionDirectDate": "2015-03-11"}, {"maxAge": 1, "name": "Jasti (Sudha Rani)", "relation": "Wholetime Director", "url": "", "transactionDescription": "Sale", "latestTransDate": "2014-12-18", "positionDirect": 1000, "positionDirectDate": "2014-12-18"}, {"maxAge": 1, "name": "Jasti (Venkateswarlu)", "relation": "Executive Chairman", "url": "", "transactionDescription": "Sale", "latestTransDate": "2014-12-18", "positionDirect": 1000, "positionDirectDate": "2014-12-18"}, {"maxAge": 1, "name": "Jasti Property & Equity Holdings Pvt Ltd", "relation": "Promoter", "url": "", "transactionDescription": "Acquisition", "latestTransDate": "2016-03-29", "positionDirect": 76365000, "positionDirectDate": "2016-03-29"}, {"maxAge": 1, "name": "Rao (Hanumantha K)", "relation": "Compliance Officer", "url": "", "transactionDescription": "Sale", "latestTransDate": "2014-09-05", "positionDirect": 0, "positionDirectDate": "2014-09-05"}, {"maxAge": 1, "name": "Sunder (Venkatraman)", "relation": "Vice President", "url": "", "transactionDescription": "Sale", "latestTransDate": "2010-03-23", "positionDirect": 0, "positionDirectDate": "2010-03-23"}], "maxAge": 1}, "earnings": {"maxAge": 86400, "earningsChart": {"quarterly": [{"date": "1Q2018", "actual": 4.9, "estimate": 4.1}, {"date": "3Q2018", "actual": 1.41, "estimate": 2.3}], "currentQuarterEstimateDate": "4Q", "currentQuarterEstimateYear": 2018, "earningsDate": ["2020-11-09 05:30:S", "2020-11-14 05:30:S"]}, "financialsChart": {"yearly": [{"date": 2017, "revenue": 5436756000, "earnings": 871873000}, {"date": 2018, "revenue": 6255490000, "earnings": 1236875000}, {"date": 2019, "revenue": 2859603000, "earnings": -239041000}, {"date": 2020, "revenue": 147053000, "earnings": -942179000}], "quarterly": [{"date": "3Q2019", "revenue": 2743149000, "earnings": 633120000}, {"date": "4Q2019", "revenue": 27726000, "earnings": -228136000}, {"date": "1Q2020", "revenue": 89506000, "earnings": -255582000}, {"date": "2Q2020", "revenue": 14286000, "earnings": -104893000}]}, "financialCurrency": "INR"}, "calendarEvents": {"maxAge": 1, "earnings": {"earningsDate": ["2020-11-09 05:30:S", "2020-11-14 05:30:S"]}}, "upgradeDowngradeHistory": {"history": [], "maxAge": 86400}, "price": {"maxAge": 1, "regularMarketChangePercent": -0.0014569587, "regularMarketChange": -0.1499939, "regularMarketTime": "2021-04-30 15:29:49", "priceHint": 2, "regularMarketPrice": 102.8, "regularMarketDayHigh": 106.45, "regularMarketDayLow": 100.85, "regularMarketVolume": 199764, "averageDailyVolume10Day": 92345, "averageDailyVolume3Month": 170052, "regularMarketPreviousClose": 102.95, "regularMarketSource": "FREE_REALTIME", "regularMarketOpen": 101.65, "exchange": "BSE", "exchangeName": "BSE", "exchangeDataDelayedBy": 0, "marketState": "CLOSED", "quoteType": "EQUITY", "symbol": "SUVEN.BO", "underlyingSymbol": null, "shortName": "SUVEN LIFE SCIENCES LTD.", "longName": "Suven Life Sciences Limited", "currency": "INR", "quoteSourceName": "Delayed Quote", "currencySymbol": "\u20b9", "fromCurrency": null, "lastMarket": null, "marketCap": 13084590080}, "balanceSheetHistory": {"balanceSheetStatements": [{"maxAge": 1, "endDate": "2020-03-31", "cash": 146757000, "shortTermInvestments": 494000, "netReceivables": 453005000, "inventory": 2899000, "otherCurrentAssets": 53209000, "totalCurrentAssets": 659863000, "propertyPlantEquipment": 245424000, "intangibleAssets": 1513000, "otherAssets": 912524000, "totalAssets": 1819324000, "accountsPayable": 57820000, "shortLongTermDebt": 9440000, "otherCurrentLiab": 7171000, "longTermDebt": 10849000, "otherLiab": 80530000, "totalCurrentLiabilities": 265111000, "totalLiab": 385840000, "commonStock": 127282000, "retainedEarnings": 213104000, "treasuryStock": -15051000, "capitalSurplus": 1108149000, "otherStockholderEquity": -15051000, "totalStockholderEquity": 1433484000, "netTangibleAssets": 1431971000}, {"maxAge": 1, "endDate": "2019-03-31", "cash": 2275000, "shortTermInvestments": 2229282000, "netReceivables": 527245000, "inventory": 2357000, "otherCurrentAssets": 46758000, "totalCurrentAssets": 2809891000, "propertyPlantEquipment": 223682000, "otherAssets": 1000, "totalAssets": 3033574000, "accountsPayable": 70859000, "shortLongTermDebt": 9440000, "otherCurrentLiab": 7822000, "longTermDebt": 17754000, "otherLiab": 227314000, "totalCurrentLiabilities": 397208000, "totalLiab": 642276000, "commonStock": 127282000, "retainedEarnings": 1158238000, "treasuryStock": -2371000, "capitalSurplus": 1108149000, "otherStockholderEquity": -2371000, "totalStockholderEquity": 2391298000, "netTangibleAssets": 2391298000}, {"maxAge": 1, "endDate": "2018-03-31", "cash": 259488000, "shortTermInvestments": 2804881000, "netReceivables": 1073386000, "inventory": 1468827000, "otherCurrentAssets": 44420000, "totalCurrentAssets": 5695542000, "longTermInvestments": 705000, "propertyPlantEquipment": 3296863000, "intangibleAssets": 27831000, "otherAssets": 170653000, "totalAssets": 9191594000, "accountsPayable": 568158000, "shortLongTermDebt": 11924000, "otherCurrentLiab": 108086000, "longTermDebt": 22249000, "otherLiab": 279715000, "totalCurrentLiabilities": 1215565000, "totalLiab": 1517529000, "commonStock": 127282000, "retainedEarnings": 5215973000, "treasuryStock": -359000, "capitalSurplus": 2331169000, "otherStockholderEquity": -359000, "totalStockholderEquity": 7674065000, "netTangibleAssets": 7646234000}, {"maxAge": 1, "endDate": "2017-03-31", "cash": 86880000, "shortTermInvestments": 3008891000, "netReceivables": 685406000, "inventory": 938115000, "otherCurrentAssets": 167500000, "totalCurrentAssets": 4917140000, "longTermInvestments": 705000, "propertyPlantEquipment": 3141921000, "intangibleAssets": 12483000, "otherAssets": 84844000, "deferredLongTermAssetCharges": 18954000, "totalAssets": 8157093000, "accountsPayable": 379397000, "shortLongTermDebt": 143658000, "otherCurrentLiab": 102313000, "longTermDebt": 259322000, "otherLiab": 41732000, "totalCurrentLiabilities": 1186051000, "totalLiab": 1487105000, "commonStock": 127282000, "retainedEarnings": 4212639000, "treasuryStock": -1102000, "capitalSurplus": 2331169000, "otherStockholderEquity": -1102000, "totalStockholderEquity": 6669988000, "netTangibleAssets": 6657505000}], "maxAge": 86400}, "earningsTrend": {"trend": [{"maxAge": 1, "period": "0q", "endDate": "2018-12-31", "growth": {}, "earningsEstimate": {"avg": 0.0, "low": 0.0, "high": 0.0, "yearAgoEps": {}, "numberOfAnalysts": 0, "growth": {}}, "revenueEstimate": {"avg": 0, "low": 0, "high": 0, "numberOfAnalysts": 0, "yearAgoRevenue": {}, "growth": {}}, "epsTrend": {"current": 0.0, "7daysAgo": 0.0, "30daysAgo": 0.0, "60daysAgo": 0.0, "90daysAgo": 0.0}, "epsRevisions": {"upLast7days": 0, "upLast30days": 0, "downLast30days": 0, "downLast90days": {}}}, {"maxAge": 1, "period": "+1q", "endDate": "2019-03-31", "growth": {}, "earningsEstimate": {"avg": 0.0, "low": 0.0, "high": 0.0, "yearAgoEps": {}, "numberOfAnalysts": 0, "growth": {}}, "revenueEstimate": {"avg": 0, "low": 0, "high": 0, "numberOfAnalysts": 0, "yearAgoRevenue": {}, "growth": {}}, "epsTrend": {"current": 0.0, "7daysAgo": 0.0, "30daysAgo": 0.0, "60daysAgo": 0.0, "90daysAgo": 0.0}, "epsRevisions": {"upLast7days": 0, "upLast30days": 0, "downLast30days": 0, "downLast90days": {}}}, {"maxAge": 1, "period": "0y", "endDate": "2019-03-31", "growth": {}, "earningsEstimate": {"avg": 0.0, "low": 0.0, "high": 0.0, "yearAgoEps": {}, "numberOfAnalysts": 0, "growth": {}}, "revenueEstimate": {"avg": 6510500000, "low": 6377000000, "high": 6650000000, "numberOfAnalysts": 4, "yearAgoRevenue": 6252580000, "growth": 0.040999997}, "epsTrend": {"current": 0.0, "7daysAgo": 11.1, "30daysAgo": 11.1, "60daysAgo": 11.1, "90daysAgo": 11.1}, "epsRevisions": {"upLast7days": 0, "upLast30days": 0, "downLast30days": 0, "downLast90days": {}}}, {"maxAge": 1, "period": "+1y", "endDate": "2020-03-31", "growth": {}, "earningsEstimate": {"avg": 0.0, "low": 0.0, "high": 0.0, "yearAgoEps": {}, "numberOfAnalysts": 0, "growth": {}}, "revenueEstimate": {"avg": 7385000000, "low": 7255000000, "high": 7660000000, "numberOfAnalysts": 4, "yearAgoRevenue": 6510500000, "growth": 0.134}, "epsTrend": {"current": 0.0, "7daysAgo": 11.74, "30daysAgo": 11.74, "60daysAgo": 11.74, "90daysAgo": 11.74}, "epsRevisions": {"upLast7days": 0, "upLast30days": 0, "downLast30days": 0, "downLast90days": {}}}, {"maxAge": 1, "period": "+5y", "endDate": null, "growth": 0.27, "earningsEstimate": {"avg": {}, "low": {}, "high": {}, "yearAgoEps": {}, "numberOfAnalysts": {}, "growth": {}}, "revenueEstimate": {"avg": {}, "low": {}, "high": {}, "numberOfAnalysts": {}, "yearAgoRevenue": {}, "growth": {}}, "epsTrend": {"current": {}, "7daysAgo": {}, "30daysAgo": {}, "60daysAgo": {}, "90daysAgo": {}}, "epsRevisions": {"upLast7days": {}, "upLast30days": {}, "downLast30days": {}, "downLast90days": {}}}, {"maxAge": 1, "period": "-5y", "endDate": null, "growth": {}, "earningsEstimate": {"avg": {}, "low": {}, "high": {}, "yearAgoEps": {}, "numberOfAnalysts": {}, "growth": {}}, "revenueEstimate": {"avg": {}, "low": {}, "high": {}, "numberOfAnalysts": {}, "yearAgoRevenue": {}, "growth": {}}, "epsTrend": {"current": {}, "7daysAgo": {}, "30daysAgo": {}, "60daysAgo": {}, "90daysAgo": {}}, "epsRevisions": {"upLast7days": {}, "upLast30days": {}, "downLast30days": {}, "downLast90days": {}}}], "maxAge": 1}, "financialData": {"maxAge": 86400, "currentPrice": 102.8, "targetHighPrice": 350.0, "targetLowPrice": 260.0, "targetMeanPrice": 292.0, "targetMedianPrice": 281.0, "recommendationKey": "none", "numberOfAnalystOpinions": 7, "grossProfits": 146826000, "financialCurrency": "INR"}}}