{"SUYOG.BO": {"cashflowStatementHistory": {"cashflowStatements": [{"maxAge": 1, "endDate": "2020-03-31", "netIncome": 330283779, "depreciation": 72169344, "changeToNetincome": 76520896, "changeToAccountReceivables": -105708060, "changeToLiabilities": 187603957, "changeToInventory": 6539000, "changeToOperatingActivities": 76543049, "totalCashFromOperatingActivities": 643951965, "capitalExpenditures": -347015400, "otherCashflowsFromInvestingActivities": -20307677, "totalCashflowsFromInvestingActivities": -367323077, "dividendsPaid": -30604168, "netBorrowings": -148297608, "otherCashflowsFromFinancingActivities": -56656511, "totalCashFromFinancingActivities": -235558287, "changeInCash": 41070601}, {"maxAge": 1, "endDate": "2019-03-31", "netIncome": 286380942, "depreciation": 57486476, "changeToNetincome": 143289360, "changeToAccountReceivables": -45016553, "changeToLiabilities": 143750394, "changeToInventory": -11276156, "changeToOperatingActivities": -176668619, "totalCashFromOperatingActivities": 397945844, "capitalExpenditures": -268311327, "investments": 10732000, "otherCashflowsFromInvestingActivities": -11564696, "totalCashflowsFromInvestingActivities": -269144023, "dividendsPaid": -12218820, "netBorrowings": -37888158, "otherCashflowsFromFinancingActivities": -67057466, "totalCashFromFinancingActivities": -117164444, "changeInCash": 11637377}, {"maxAge": 1, "endDate": "2018-03-31", "netIncome": 184775255, "depreciation": 44161610, "changeToNetincome": 45507052, "changeToAccountReceivables": 12144463, "changeToLiabilities": 48806966, "changeToInventory": -4690394, "changeToOperatingActivities": -3453092, "totalCashFromOperatingActivities": 327251860, "capitalExpenditures": -238666110, "investments": 10732000, "otherCashflowsFromInvestingActivities": 14048770, "totalCashflowsFromInvestingActivities": -210290359, "dividendsPaid": -12218820, "netBorrowings": -47800896, "otherCashflowsFromFinancingActivities": -72321211, "totalCashFromFinancingActivities": -120122107, "changeInCash": -3160606}, {"maxAge": 1, "endDate": "2017-03-31", "netIncome": 169510724, "depreciation": 31597160, "changeToNetincome": 38666501, "changeToAccountReceivables": -20078408, "changeToLiabilities": 7457283, "changeToInventory": -6669950, "changeToOperatingActivities": -228380006, "totalCashFromOperatingActivities": -7896696, "capitalExpenditures": -326085220, "investments": 10732000, "otherCashflowsFromInvestingActivities": 60479629, "totalCashflowsFromInvestingActivities": -265605591, "dividendsPaid": -12218820, "netBorrowings": 308515329, "otherCashflowsFromFinancingActivities": -47836067, "totalCashFromFinancingActivities": 277603262, "changeInCash": 4100975, "issuanceOfStock": 16924000}], "maxAge": 86400}, "institutionOwnership": {"ownershipList": [], "maxAge": 1}, "balanceSheetHistoryQuarterly": {"balanceSheetStatements": [{"maxAge": 1, "endDate": "2020-06-30", "totalStockholderEquity": 1271335000, "netTangibleAssets": 1270281000}, {"maxAge": 1, "endDate": "2020-03-31", "cash": 64006380, "netReceivables": 593098285, "inventory": 20186000, "otherCurrentAssets": 65395271, "totalCurrentAssets": 852252004, "longTermInvestments": 100000, "propertyPlantEquipment": 1396194025, "intangibleAssets": 1054062, "otherAssets": 198977751, "totalAssets": 2448577842, "accountsPayable": 418953436, "shortLongTermDebt": 126726402, "otherCurrentLiab": 129672786, "longTermDebt": 308479784, "otherLiab": 107186171, "deferredLongTermLiab": 7022255, "totalCurrentLiabilities": 761576533, "totalLiab": 1177242488, "commonStock": 101544000, "retainedEarnings": 1098704536, "treasuryStock": -3869182, "capitalSurplus": 74956000, "otherStockholderEquity": -3869182, "totalStockholderEquity": 1271335354, "netTangibleAssets": 1270281292}, {"maxAge": 1, "endDate": "2019-12-31", "totalStockholderEquity": 1141228000, "netTangibleAssets": 1141228000}, {"maxAge": 1, "endDate": "2019-09-30", "cash": 47627000, "shortTermInvestments": 16599000, "netReceivables": 350815000, "inventory": 21073000, "otherCurrentAssets": 287574000, "totalCurrentAssets": 723688000, "longTermInvestments": 182785000, "propertyPlantEquipment": 1176645000, "otherAssets": 8853000, "totalAssets": 2091971000, "accountsPayable": 149324000, "shortLongTermDebt": 141407000, "otherCurrentLiab": 181325000, "longTermDebt": 370161000, "otherLiab": 97335000, "deferredLongTermLiab": 8854000, "totalCurrentLiabilities": 483247000, "totalLiab": 950743000, "commonStock": 101544000, "treasuryStock": 1039684000, "otherStockholderEquity": 1039684000, "totalStockholderEquity": 1141228000, "netTangibleAssets": 1141228000}], "maxAge": 86400}, "indexTrend": {"maxAge": 1, "symbol": "SP5", "peRatio": 19.7411, "pegRatio": 1.34172, "estimates": [{"period": "0q", "growth": 0.549}, {"period": "+1q", "growth": 0.431}, {"period": "0y", "growth": 0.305}, {"period": "+1y", "growth": 0.109}, {"period": "+5y", "growth": 0.120859005}, {"period": "-5y"}]}, "insiderTransactions": {"transactions": [{"maxAge": 1, "shares": 5680, "value": 27866, "filerUrl": "", "transactionText": "Acquisition at price 4.91 per share.", "filerName": "Lature (Shivshankar)", "filerRelation": "Promoter", "moneyText": "", "startDate": "2019-11-29", "ownership": "D"}, {"maxAge": 1, "shares": 10, "filerUrl": "", "transactionText": "", "filerName": "Chitradurga (Kallinath)", "filerRelation": "Director (Non-Executive)", "moneyText": "", "startDate": "2017-07-18", "ownership": "D"}, {"maxAge": 1, "shares": 7110, "filerUrl": "", "transactionText": "", "filerName": "Chitradurga (Kallinath)", "filerRelation": "Director (Non-Executive)", "moneyText": "", "startDate": "2017-06-07", "ownership": "D"}, {"maxAge": 1, "shares": 2000000, "filerUrl": "", "transactionText": "", "filerName": "Nariman Mercantile Pvt. Ltd.", "filerRelation": "Institution- Corporation", "moneyText": "", "startDate": "2015-02-20", "ownership": "D"}, {"maxAge": 1, "shares": 72000, "filerUrl": "", "transactionText": "", "filerName": "Aryaman Capital Markets Ltd", "filerRelation": "Institution- Corporation", "moneyText": "", "startDate": "2014-02-04", "ownership": "D"}], "maxAge": 1}, "quoteType": {"exchange": "BSE", "quoteType": "EQUITY", "symbol": "SUYOG.BO", "underlyingSymbol": "SUYOG.BO", "shortName": "SUYOG TELEMATICS LTD", "longName": "Suyog Telematics Limited", "firstTradeDateEpochUtc": "2014-01-22 09:15:00", "timeZoneFullName": "Asia/Kolkata", "timeZoneShortName": "IST", "uuid": "02361c0e-dc98-33ed-bdd9-b10fe48afb45", "gmtOffSetMilliseconds": 19800000, "maxAge": 1}, "incomeStatementHistory": {"incomeStatementHistory": [{"maxAge": 1, "endDate": "2020-03-31", "totalRevenue": 1223263806, "costOfRevenue": 619936244, "grossProfit": 603327562, "researchDevelopment": {}, "sellingGeneralAdministrative": 6562105, "nonRecurring": {}, "otherOperatingExpenses": 40250430, "totalOperatingExpenses": 738918123, "operatingIncome": 484345683, "totalOtherIncomeExpenseNet": -50060625, "ebit": 484345683, "interestExpense": -54625383, "incomeBeforeTax": 434285058, "incomeTaxExpense": 104001279, "minorityInterest": {}, "netIncomeFromContinuingOps": 330283779, "discontinuedOperations": {}, "extraordinaryItems": {}, "effectOfAccountingCharges": {}, "otherItems": {}, "netIncome": 330283779, "netIncomeApplicableToCommonShares": 330283779}, {"maxAge": 1, "endDate": "2019-03-31", "totalRevenue": 1053365430, "costOfRevenue": 502812251, "grossProfit": 550553179, "researchDevelopment": {}, "sellingGeneralAdministrative": 5193221, "nonRecurring": {}, "otherOperatingExpenses": 22912586, "totalOperatingExpenses": 588404534, "operatingIncome": 464960896, "totalOtherIncomeExpenseNet": -47060677, "ebit": 464960896, "interestExpense": -65752612, "incomeBeforeTax": 417900219, "incomeTaxExpense": 131519277, "minorityInterest": {}, "netIncomeFromContinuingOps": 286380942, "discontinuedOperations": {}, "extraordinaryItems": {}, "effectOfAccountingCharges": {}, "otherItems": {}, "netIncome": 286380942, "netIncomeApplicableToCommonShares": 286380942}, {"maxAge": 1, "endDate": "2018-03-31", "totalRevenue": 846103518, "costOfRevenue": 432832261, "grossProfit": 413271257, "researchDevelopment": {}, "sellingGeneralAdministrative": 6221291, "nonRecurring": {}, "otherOperatingExpenses": 70948870, "totalOperatingExpenses": 554164032, "operatingIncome": 291939486, "totalOtherIncomeExpenseNet": -52673414, "ebit": 291939486, "interestExpense": -72635735, "incomeBeforeTax": 239266072, "incomeTaxExpense": 54490817, "minorityInterest": {}, "netIncomeFromContinuingOps": 184775255, "discontinuedOperations": {}, "extraordinaryItems": {}, "effectOfAccountingCharges": {}, "otherItems": {}, "netIncome": 184775255, "netIncomeApplicableToCommonShares": 184775255}, {"maxAge": 1, "endDate": "2017-03-31", "totalRevenue": 605374942, "costOfRevenue": 292384759, "grossProfit": 312990183, "researchDevelopment": {}, "sellingGeneralAdministrative": 4904768, "nonRecurring": {}, "otherOperatingExpenses": 20068202, "totalOperatingExpenses": 348954889, "operatingIncome": 256420053, "totalOtherIncomeExpenseNet": -20279716, "ebit": 256420053, "interestExpense": -32709813, "incomeBeforeTax": 236140337, "incomeTaxExpense": 66629613, "minorityInterest": {}, "netIncomeFromContinuingOps": 169510724, "discontinuedOperations": {}, "extraordinaryItems": {}, "effectOfAccountingCharges": {}, "otherItems": {}, "netIncome": 169510724, "netIncomeApplicableToCommonShares": 169510724}], "maxAge": 86400}, "fundOwnership": {"ownershipList": [], "maxAge": 1}, "summaryDetail": {"maxAge": 1, "priceHint": 2, "previousClose": 406.0, "open": 410.95, "dayLow": 403.0, "dayHigh": 411.0, "regularMarketPreviousClose": 406.0, "regularMarketOpen": 410.95, "regularMarketDayLow": 403.0, "regularMarketDayHigh": 411.0, "trailingPE": 12.44465, "volume": 167, "regularMarketVolume": 167, "averageVolume": 1482, "averageVolume10days": 988, "averageDailyVolume10Day": 988, "bid": 400.05, "ask": 409.8, "bidSize": 0, "askSize": 0, "marketCap": 4109485824, "fiftyTwoWeekLow": 246.8, "fiftyTwoWeekHigh": 549.0, "fiftyDayAverage": 448.86667, "twoHundredDayAverage": 380.2908, "trailingAnnualDividendRate": 0.5, "trailingAnnualDividendYield": 0.0012315271, "currency": "INR", "fromCurrency": null, "lastMarket": null, "algorithm": null, "tradeable": false}, "incomeStatementHistoryQuarterly": {"incomeStatementHistory": [{"maxAge": 1, "endDate": "2020-06-30", "totalRevenue": 316588000, "costOfRevenue": 153918000, "grossProfit": 162670000, "researchDevelopment": {}, "sellingGeneralAdministrative": {}, "nonRecurring": {}, "otherOperatingExpenses": 11378000, "totalOperatingExpenses": 185774000, "operatingIncome": 130814000, "totalOtherIncomeExpenseNet": -7309000, "ebit": 130814000, "interestExpense": -11560000, "incomeBeforeTax": 123505000, "incomeTaxExpense": 41807000, "minorityInterest": {}, "netIncomeFromContinuingOps": 81698000, "discontinuedOperations": {}, "extraordinaryItems": {}, "effectOfAccountingCharges": {}, "otherItems": {}, "netIncome": 81698000, "netIncomeApplicableToCommonShares": 81698000}, {"maxAge": 1, "endDate": "2020-03-31", "totalRevenue": 313290806, "costOfRevenue": 171104244, "grossProfit": 142186562, "researchDevelopment": {}, "sellingGeneralAdministrative": 6562105, "nonRecurring": {}, "otherOperatingExpenses": 7103430, "totalOperatingExpenses": 204687123, "operatingIncome": 108603683, "totalOtherIncomeExpenseNet": -19503625, "ebit": 108603683, "interestExpense": -16378383, "incomeBeforeTax": 89100058, "incomeTaxExpense": 11983279, "minorityInterest": {}, "netIncomeFromContinuingOps": 77116779, "discontinuedOperations": {}, "extraordinaryItems": {}, "effectOfAccountingCharges": {}, "otherItems": {}, "netIncome": 77116779, "netIncomeApplicableToCommonShares": 77116779}, {"maxAge": 1, "endDate": "2019-12-31", "totalRevenue": 313487000, "costOfRevenue": 158855000, "grossProfit": 154632000, "researchDevelopment": {}, "sellingGeneralAdministrative": 6562105, "nonRecurring": {}, "otherOperatingExpenses": 9460000, "totalOperatingExpenses": 187028000, "operatingIncome": 126459000, "totalOtherIncomeExpenseNet": -8872000, "ebit": 126459000, "interestExpense": -11698000, "incomeBeforeTax": 117587000, "incomeTaxExpense": 29402000, "minorityInterest": {}, "netIncomeFromContinuingOps": 88185000, "discontinuedOperations": {}, "extraordinaryItems": {}, "effectOfAccountingCharges": {}, "otherItems": {}, "netIncome": 88185000, "netIncomeApplicableToCommonShares": 88185000}, {"maxAge": 1, "endDate": "2019-09-30", "totalRevenue": 303885000, "costOfRevenue": 148416000, "grossProfit": 155469000, "researchDevelopment": {}, "sellingGeneralAdministrative": 6562105, "nonRecurring": {}, "otherOperatingExpenses": 11086000, "totalOperatingExpenses": 176428000, "operatingIncome": 127457000, "totalOtherIncomeExpenseNet": -10038000, "ebit": 127457000, "interestExpense": -12442000, "incomeBeforeTax": 117419000, "incomeTaxExpense": 34312000, "minorityInterest": {}, "netIncomeFromContinuingOps": 83107000, "discontinuedOperations": {}, "extraordinaryItems": {}, "effectOfAccountingCharges": {}, "otherItems": {}, "netIncome": 83107000, "netIncomeApplicableToCommonShares": 83107000}], "maxAge": 86400}, "cashflowStatementHistoryQuarterly": {"cashflowStatements": [{"maxAge": 1, "endDate": "2020-06-30", "netIncome": 81698000, "changeToLiabilities": 0}, {"maxAge": 1, "endDate": "2020-03-31", "netIncome": 77116779, "changeToLiabilities": 0}, {"maxAge": 1, "endDate": "2019-12-31", "netIncome": 88185000, "changeToLiabilities": 0}, {"maxAge": 1, "endDate": "2019-09-30", "netIncome": 83107000, "changeToLiabilities": 0}], "maxAge": 86400}, "insiderHolders": {"holders": [{"maxAge": 1, "name": "Aryaman Capital Markets Ltd", "relation": "Institution- Corporation", "url": "", "transactionDescription": "Acquisition", "latestTransDate": "2014-02-04", "positionDirect": 366000, "positionDirectDate": "2014-02-04"}, {"maxAge": 1, "name": "Chitradurga (Kallinath)", "relation": "Director (Non-Executive)", "url": "", "transactionDescription": "Acquisition", "latestTransDate": "2017-07-18", "positionDirect": 7110, "positionDirectDate": "2017-07-18"}, {"maxAge": 1, "name": "Lature (Shivshankar)", "relation": "Promoter", "url": "", "transactionDescription": "Acquisition", "latestTransDate": "2019-11-29", "positionDirect": 5680, "positionDirectDate": "2019-11-29"}, {"maxAge": 1, "name": "Nariman Mercantile Pvt. Ltd.", "relation": "Institution- Corporation", "url": "", "transactionDescription": "Other", "latestTransDate": "2015-02-20", "positionDirect": 2000000, "positionDirectDate": "2015-02-20"}], "maxAge": 1}, "calendarEvents": {"maxAge": 1, "earnings": {"earningsDate": ["2020-08-27 05:30:S"]}}, "upgradeDowngradeHistory": {"history": [], "maxAge": 86400}, "price": {"maxAge": 1, "regularMarketChangePercent": -0.0032019403, "regularMarketChange": -1.2999878, "regularMarketTime": "2021-04-30 15:05:43", "priceHint": 2, "regularMarketPrice": 404.7, "regularMarketDayHigh": 411.0, "regularMarketDayLow": 403.0, "regularMarketVolume": 167, "averageDailyVolume10Day": 988, "averageDailyVolume3Month": 1482, "regularMarketPreviousClose": 406.0, "regularMarketSource": "FREE_REALTIME", "regularMarketOpen": 410.95, "exchange": "BSE", "exchangeName": "BSE", "exchangeDataDelayedBy": 0, "marketState": "CLOSED", "quoteType": "EQUITY", "symbol": "SUYOG.BO", "underlyingSymbol": null, "shortName": "SUYOG TELEMATICS LTD", "longName": "Suyog Telematics Limited", "currency": "INR", "quoteSourceName": "Delayed Quote", "currencySymbol": "\u20b9", "fromCurrency": null, "lastMarket": null, "marketCap": 4109485824}, "balanceSheetHistory": {"balanceSheetStatements": [{"maxAge": 1, "endDate": "2020-03-31", "cash": 64006380, "netReceivables": 593098285, "inventory": 20186000, "otherCurrentAssets": 65395271, "totalCurrentAssets": 852252004, "longTermInvestments": 100000, "propertyPlantEquipment": 1396194025, "intangibleAssets": 1054062, "otherAssets": 198977751, "totalAssets": 2448577842, "accountsPayable": 418953436, "shortLongTermDebt": 126726402, "otherCurrentLiab": 129672786, "longTermDebt": 308479784, "otherLiab": 107186171, "deferredLongTermLiab": 7022255, "totalCurrentLiabilities": 761576533, "totalLiab": 1177242488, "commonStock": 101544000, "retainedEarnings": 1098704536, "treasuryStock": -3869182, "capitalSurplus": 74956000, "otherStockholderEquity": -3869182, "totalStockholderEquity": 1271335354, "netTangibleAssets": 1270281292}, {"maxAge": 1, "endDate": "2019-03-31", "cash": 22935779, "netReceivables": 497306258, "inventory": 26725000, "otherCurrentAssets": 22342617, "totalCurrentAssets": 742243151, "longTermInvestments": 100000, "propertyPlantEquipment": 1122402031, "otherAssets": 175991950, "totalAssets": 2040737132, "accountsPayable": 231349479, "shortLongTermDebt": 120337286, "otherCurrentLiab": 134591726, "longTermDebt": 456777392, "otherLiab": 75639417, "deferredLongTermLiab": 10686039, "totalCurrentLiabilities": 533554107, "totalLiab": 1065970916, "commonStock": 101544000, "retainedEarnings": 799024925, "treasuryStock": -758709, "capitalSurplus": 74956000, "otherStockholderEquity": -758709, "totalStockholderEquity": 974766216, "netTangibleAssets": 974766216}, {"maxAge": 1, "endDate": "2018-03-31", "cash": 11298402, "netReceivables": 385419706, "inventory": 15448844, "otherCurrentAssets": 66310844, "totalCurrentAssets": 517889265, "longTermInvestments": 10832000, "propertyPlantEquipment": 911577180, "otherAssets": 156683819, "totalAssets": 1596982264, "accountsPayable": 87599085, "shortLongTermDebt": 115800446, "otherCurrentLiab": 108851261, "longTermDebt": 494665550, "otherLiab": 40203387, "deferredLongTermLiab": 14349823, "totalCurrentLiabilities": 365349139, "totalLiab": 900218076, "commonStock": 101544000, "retainedEarnings": 524862803, "treasuryStock": -4598615, "capitalSurplus": 74956000, "otherStockholderEquity": -4598615, "totalStockholderEquity": 696764188, "netTangibleAssets": 696764188}, {"maxAge": 1, "endDate": "2017-03-31", "cash": 14459008, "netReceivables": 359116882, "inventory": 10758450, "otherCurrentAssets": 31494100, "totalCurrentAssets": 502372107, "longTermInvestments": 10832000, "propertyPlantEquipment": 731399661, "otherAssets": 136294083, "totalAssets": 1380897851, "accountsPayable": 38792119, "shortLongTermDebt": 63426914, "otherCurrentLiab": 115842644, "longTermDebt": 542466446, "otherLiab": 25860417, "deferredLongTermLiab": 18013607, "totalCurrentLiabilities": 295983440, "totalLiab": 864310303, "commonStock": 101544000, "retainedEarnings": 340087548, "capitalSurplus": 74956000, "totalStockholderEquity": 516587548, "netTangibleAssets": 516587548}], "maxAge": 86400}, "financialData": {"maxAge": 86400, "currentPrice": 404.7, "recommendationKey": "none", "grossProfits": 603327562, "financialCurrency": "INR"}}}