{"SVAMSOF.BO": {"cashflowStatementHistory": {"cashflowStatements": [{"maxAge": 1, "endDate": "2020-03-31", "netIncome": 86352, "depreciation": 324016, "changeToNetincome": 61275, "changeToLiabilities": -7500000, "changeToInventory": 57442685, "changeToOperatingActivities": -341196, "totalCashFromOperatingActivities": 50073131, "capitalExpenditures": -93128, "totalCashflowsFromInvestingActivities": -63030852, "changeInCash": -12957721}, {"maxAge": 1, "endDate": "2019-03-31", "netIncome": 955842, "depreciation": 1148401, "changeToNetincome": -6698169, "changeToAccountReceivables": 2560000, "changeToLiabilities": -35000, "changeToInventory": -4981842, "changeToOperatingActivities": 17605958, "totalCashFromOperatingActivities": 10555190, "capitalExpenditures": -289414, "investments": -120000, "otherCashflowsFromInvestingActivities": 5992893, "totalCashflowsFromInvestingActivities": 5583479, "otherCashflowsFromFinancingActivities": -168004, "totalCashFromFinancingActivities": -168004, "changeInCash": 15970665}, {"maxAge": 1, "endDate": "2018-03-31", "netIncome": 1273024, "depreciation": 1698248, "changeToNetincome": -8991961, "changeToAccountReceivables": -2486825, "changeToLiabilities": -12350000, "changeToInventory": -54427233, "changeToOperatingActivities": 8197691, "totalCashFromOperatingActivities": -67087057, "capitalExpenditures": -110500, "investments": 79628650, "otherCashflowsFromInvestingActivities": 5263302, "totalCashflowsFromInvestingActivities": 65699125, "otherCashflowsFromFinancingActivities": -237290, "totalCashFromFinancingActivities": -237290, "changeInCash": -1625222}, {"maxAge": 1, "endDate": "2017-03-31", "netIncome": 252011, "depreciation": 660518, "changeToNetincome": -4806354, "changeToAccountReceivables": 1327150, "changeToLiabilities": 14010000, "changeToInventory": 550159, "changeToOperatingActivities": 52609488, "totalCashFromOperatingActivities": 64602972, "capitalExpenditures": -2700000, "investments": -90994300, "otherCashflowsFromInvestingActivities": 4903509, "totalCashflowsFromInvestingActivities": -84771316, "netBorrowings": -301268, "otherCashflowsFromFinancingActivities": -237290, "totalCashFromFinancingActivities": -301268, "changeInCash": -73709344}], "maxAge": 86400}, "institutionOwnership": {"ownershipList": [], "maxAge": 1}, "balanceSheetHistoryQuarterly": {"balanceSheetStatements": [{"maxAge": 1, "endDate": "2020-06-30", "totalStockholderEquity": 194041959, "netTangibleAssets": 194041959}, {"maxAge": 1, "endDate": "2020-03-31", "cash": 3849595, "shortTermInvestments": 121872, "netReceivables": 3477874, "inventory": 1966390, "otherCurrentAssets": 2533553, "totalCurrentAssets": 11963327, "longTermInvestments": 29632360, "propertyPlantEquipment": 640730, "otherAssets": 157536248, "deferredLongTermAssetCharges": 1152512, "totalAssets": 199772665, "otherCurrentLiab": 5509967, "totalCurrentLiabilities": 5730706, "totalLiab": 5730706, "commonStock": 168890000, "retainedEarnings": -12396041, "treasuryStock": 233000, "capitalSurplus": 37315000, "otherStockholderEquity": 233000, "totalStockholderEquity": 194041959, "netTangibleAssets": 194041959}, {"maxAge": 1, "endDate": "2019-12-31", "totalStockholderEquity": 194633000, "netTangibleAssets": 194633000}, {"maxAge": 1, "endDate": "2019-09-30", "cash": 351000, "shortTermInvestments": 2296000, "netReceivables": 140000, "inventory": 25068000, "totalCurrentAssets": 27855000, "longTermInvestments": 35302000, "propertyPlantEquipment": 2113000, "otherAssets": 136252000, "deferredLongTermAssetCharges": 567000, "totalAssets": 201522000, "otherCurrentLiab": 2969000, "otherLiab": 3920000, "totalCurrentLiabilities": 2969000, "totalLiab": 6889000, "commonStock": 168890000, "treasuryStock": 25743000, "otherStockholderEquity": 25743000, "totalStockholderEquity": 194633000, "netTangibleAssets": 194633000}], "maxAge": 86400}, "indexTrend": {"maxAge": 1, "symbol": "SP5", "peRatio": 19.7411, "pegRatio": 1.34172, "estimates": [{"period": "0q", "growth": 0.549}, {"period": "+1q", "growth": 0.431}, {"period": "0y", "growth": 0.305}, {"period": "+1y", "growth": 0.109}, {"period": "+5y", "growth": 0.120859005}, {"period": "-5y"}]}, "quoteType": {"exchange": "BSE", "quoteType": "EQUITY", "symbol": "SVAMSOF.BO", "underlyingSymbol": "SVAMSOF.BO", "shortName": "SVAM SOFTWARE LTD.", "longName": "Svam Software Limited", "firstTradeDateEpochUtc": "2008-01-10 09:15:00", "timeZoneFullName": "Asia/Kolkata", "timeZoneShortName": "IST", "uuid": "ec2d642e-47ea-3acb-9c48-66d65b2776b9", "gmtOffSetMilliseconds": 19800000, "maxAge": 1}, "incomeStatementHistory": {"incomeStatementHistory": [{"maxAge": 1, "endDate": "2020-03-31", "totalRevenue": 61731977, "costOfRevenue": 57442686, "grossProfit": 4289291, "researchDevelopment": {}, "sellingGeneralAdministrative": 3309427, "nonRecurring": {}, "otherOperatingExpenses": 105446, "totalOperatingExpenses": 61181575, "operatingIncome": 550402, "totalOtherIncomeExpenseNet": -305954, "ebit": 550402, "interestExpense": -305954, "incomeBeforeTax": 244448, "incomeTaxExpense": 158096, "minorityInterest": {}, "netIncomeFromContinuingOps": 86352, "discontinuedOperations": {}, "extraordinaryItems": {}, "effectOfAccountingCharges": {}, "otherItems": {}, "netIncome": 86352, "netIncomeApplicableToCommonShares": 86352}, {"maxAge": 1, "endDate": "2019-03-31", "totalRevenue": 13350040, "costOfRevenue": -681956, "grossProfit": 14031996, "researchDevelopment": {}, "sellingGeneralAdministrative": 12459216, "nonRecurring": {}, "otherOperatingExpenses": 105446, "totalOperatingExpenses": 12925661, "operatingIncome": 424379, "totalOtherIncomeExpenseNet": -51987, "ebit": 424379, "interestExpense": -168004, "incomeBeforeTax": 372392, "incomeTaxExpense": -583450, "minorityInterest": {}, "netIncomeFromContinuingOps": 955842, "discontinuedOperations": {}, "extraordinaryItems": {}, "effectOfAccountingCharges": {}, "otherItems": {}, "netIncome": 955842, "netIncomeApplicableToCommonShares": 955842}, {"maxAge": 1, "endDate": "2018-03-31", "totalRevenue": 27633387, "costOfRevenue": 20783070, "grossProfit": 6850317, "researchDevelopment": {}, "sellingGeneralAdministrative": 3792145, "nonRecurring": {}, "otherOperatingExpenses": 105446, "totalOperatingExpenses": 26273463, "operatingIncome": 1359924, "totalOtherIncomeExpenseNet": -234369, "ebit": 1359924, "interestExpense": -237290, "incomeBeforeTax": 1125555, "incomeTaxExpense": -147469, "minorityInterest": {}, "netIncomeFromContinuingOps": 1273024, "discontinuedOperations": {}, "extraordinaryItems": {}, "effectOfAccountingCharges": {}, "otherItems": {}, "netIncome": 1273024, "netIncomeApplicableToCommonShares": 1273024}, {"maxAge": 1, "endDate": "2017-03-31", "totalRevenue": 6997984, "costOfRevenue": 2490159, "grossProfit": 4507825, "researchDevelopment": {}, "sellingGeneralAdministrative": 3478076, "nonRecurring": {}, "otherOperatingExpenses": 105446, "totalOperatingExpenses": 6628753, "operatingIncome": 369231, "totalOtherIncomeExpenseNet": -4972, "ebit": 369231, "interestExpense": -4972, "incomeBeforeTax": 364259, "incomeTaxExpense": 112248, "minorityInterest": {}, "netIncomeFromContinuingOps": 252011, "discontinuedOperations": {}, "extraordinaryItems": {}, "effectOfAccountingCharges": {}, "otherItems": {}, "netIncome": 252011, "netIncomeApplicableToCommonShares": 252011}], "maxAge": 86400}, "fundOwnership": {"ownershipList": [], "maxAge": 1}, "summaryDetail": {"maxAge": 1, "priceHint": 4, "previousClose": 1.81, "open": 1.85, "dayLow": 1.8, "dayHigh": 1.9, "regularMarketPreviousClose": 1.81, "regularMarketOpen": 1.85, "regularMarketDayLow": 1.8, "regularMarketDayHigh": 1.9, "trailingPE": 474.99997, "volume": 7781, "regularMarketVolume": 7781, "averageVolume": 9162, "averageVolume10days": 27230, "averageDailyVolume10Day": 27230, "bid": 1.85, "ask": 1.9, "bidSize": 0, "askSize": 0, "marketCap": 32089100, "fiftyTwoWeekLow": 0.28, "fiftyTwoWeekHigh": 2.02, "fiftyDayAverage": 1.3918182, "twoHundredDayAverage": 0.9288321, "currency": "INR", "fromCurrency": null, "lastMarket": null, "algorithm": null, "tradeable": false}, "incomeStatementHistoryQuarterly": {"incomeStatementHistory": [{"maxAge": 1, "endDate": "2020-06-30", "totalRevenue": 287000, "costOfRevenue": 0, "grossProfit": 287000, "researchDevelopment": {}, "sellingGeneralAdministrative": 80000, "nonRecurring": {}, "otherOperatingExpenses": 188000, "totalOperatingExpenses": 268000, "operatingIncome": 19000, "totalOtherIncomeExpenseNet": -1000, "ebit": 19000, "interestExpense": {}, "incomeBeforeTax": 18000, "incomeTaxExpense": 5000, "minorityInterest": {}, "netIncomeFromContinuingOps": 13000, "discontinuedOperations": {}, "extraordinaryItems": {}, "effectOfAccountingCharges": {}, "otherItems": {}, "netIncome": 13000, "netIncomeApplicableToCommonShares": 13000}, {"maxAge": 1, "endDate": "2020-03-31", "totalRevenue": 25101977, "costOfRevenue": 23101686, "grossProfit": 2000291, "researchDevelopment": {}, "sellingGeneralAdministrative": 2827427, "nonRecurring": {}, "otherOperatingExpenses": -1258554, "totalOperatingExpenses": 24994575, "operatingIncome": 107402, "totalOtherIncomeExpenseNet": -305954, "ebit": 107402, "interestExpense": -305954, "incomeBeforeTax": -198552, "incomeTaxExpense": 158096, "minorityInterest": {}, "netIncomeFromContinuingOps": -356648, "discontinuedOperations": {}, "extraordinaryItems": {}, "effectOfAccountingCharges": {}, "otherItems": {}, "netIncome": -356648, "netIncomeApplicableToCommonShares": -356648}, {"maxAge": 1, "endDate": "2019-12-31", "totalRevenue": 1081000, "costOfRevenue": 0, "grossProfit": 1081000, "researchDevelopment": {}, "sellingGeneralAdministrative": 195000, "nonRecurring": {}, "otherOperatingExpenses": 556000, "totalOperatingExpenses": 751000, "operatingIncome": 330000, "totalOtherIncomeExpenseNet": 0, "ebit": 330000, "interestExpense": -305954, "incomeBeforeTax": 330000, "incomeTaxExpense": 0, "minorityInterest": {}, "netIncomeFromContinuingOps": 330000, "discontinuedOperations": {}, "extraordinaryItems": {}, "effectOfAccountingCharges": {}, "otherItems": {}, "netIncome": 330000, "netIncomeApplicableToCommonShares": 330000}, {"maxAge": 1, "endDate": "2019-09-30", "totalRevenue": 4370000, "costOfRevenue": 3853000, "grossProfit": 517000, "researchDevelopment": {}, "sellingGeneralAdministrative": 153000, "nonRecurring": {}, "otherOperatingExpenses": 289000, "totalOperatingExpenses": 4295000, "operatingIncome": 75000, "totalOtherIncomeExpenseNet": 1000, "ebit": 75000, "interestExpense": -305954, "incomeBeforeTax": 76000, "incomeTaxExpense": 20000, "minorityInterest": {}, "netIncomeFromContinuingOps": 56000, "discontinuedOperations": {}, "extraordinaryItems": {}, "effectOfAccountingCharges": {}, "otherItems": {}, "netIncome": 56000, "netIncomeApplicableToCommonShares": 56000}], "maxAge": 86400}, "cashflowStatementHistoryQuarterly": {"cashflowStatements": [{"maxAge": 1, "endDate": "2020-06-30", "netIncome": 13000, "changeToLiabilities": 0}, {"maxAge": 1, "endDate": "2020-03-31", "netIncome": -356648, "changeToLiabilities": 0}, {"maxAge": 1, "endDate": "2019-12-31", "netIncome": 330000, "changeToLiabilities": 0}, {"maxAge": 1, "endDate": "2019-09-30", "netIncome": 56000, "changeToLiabilities": 0}], "maxAge": 86400}, "insiderHolders": {"holders": [], "maxAge": 1}, "calendarEvents": {"maxAge": 1, "earnings": {"earningsDate": []}}, "upgradeDowngradeHistory": {"history": [], "maxAge": 86400}, "price": {"maxAge": 1, "regularMarketChangePercent": 0.049723778, "regularMarketChange": 0.09000003, "regularMarketTime": "2021-04-30 15:50:30", "priceHint": 4, "regularMarketPrice": 1.9, "regularMarketDayHigh": 1.9, "regularMarketDayLow": 1.8, "regularMarketVolume": 7781, "averageDailyVolume10Day": 27230, "averageDailyVolume3Month": 9162, "regularMarketPreviousClose": 1.81, "regularMarketSource": "FREE_REALTIME", "regularMarketOpen": 1.85, "exchange": "BSE", "exchangeName": "BSE", "exchangeDataDelayedBy": 0, "marketState": "CLOSED", "quoteType": "EQUITY", "symbol": "SVAMSOF.BO", "underlyingSymbol": null, "shortName": "SVAM SOFTWARE LTD.", "longName": "Svam Software Limited", "currency": "INR", "quoteSourceName": "Delayed Quote", "currencySymbol": "\u20b9", "fromCurrency": null, "lastMarket": null, "marketCap": 32089100}, "balanceSheetHistory": {"balanceSheetStatements": [{"maxAge": 1, "endDate": "2020-03-31", "cash": 3849595, "shortTermInvestments": 121872, "netReceivables": 3477874, "inventory": 1966390, "otherCurrentAssets": 2533553, "totalCurrentAssets": 11963327, "longTermInvestments": 29632360, "propertyPlantEquipment": 640730, "otherAssets": 157536248, "deferredLongTermAssetCharges": 1152512, "totalAssets": 199772665, "otherCurrentLiab": 5509967, "totalCurrentLiabilities": 5730706, "totalLiab": 5730706, "commonStock": 168890000, "retainedEarnings": -12396041, "treasuryStock": 233000, "capitalSurplus": 37315000, "otherStockholderEquity": 233000, "totalStockholderEquity": 194041959, "netTangibleAssets": 194041959}, {"maxAge": 1, "endDate": "2019-03-31", "cash": 16807316, "shortTermInvestments": 121872, "netReceivables": 285635, "inventory": 59409075, "otherCurrentAssets": 2031924, "totalCurrentAssets": 78697838, "longTermInvestments": 29632360, "propertyPlantEquipment": 871618, "otherAssets": 94693065, "deferredLongTermAssetCharges": 1247053, "totalAssets": 203894881, "accountsPayable": 7500000, "otherCurrentLiab": 2383443, "totalCurrentLiabilities": 9939273, "totalLiab": 9939273, "commonStock": 168890000, "retainedEarnings": -12482392, "treasuryStock": 233000, "capitalSurplus": 37315000, "otherStockholderEquity": 233000, "totalStockholderEquity": 193955608, "netTangibleAssets": 193955608}, {"maxAge": 1, "endDate": "2018-03-31", "cash": 836652, "shortTermInvestments": 121872, "netReceivables": 3650102, "inventory": 54427233, "otherCurrentAssets": 1688856, "totalCurrentAssets": 60724715, "longTermInvestments": 29512360, "propertyPlantEquipment": 1730605, "otherAssets": 116117272, "deferredLongTermAssetCharges": 566781, "totalAssets": 208084952, "accountsPayable": 7535000, "otherCurrentLiab": 7510045, "otherLiab": 1, "totalCurrentLiabilities": 15085185, "totalLiab": 15085186, "commonStock": 168890000, "retainedEarnings": -13438234, "treasuryStock": 233000, "capitalSurplus": 37315000, "otherStockholderEquity": 233000, "totalStockholderEquity": 192999766, "netTangibleAssets": 192999766}, {"maxAge": 1, "endDate": "2017-03-31", "cash": 2966986, "netReceivables": 2049332, "otherCurrentAssets": 98464067, "totalCurrentAssets": 103480385, "longTermInvestments": 108335310, "propertyPlantEquipment": 3318353, "otherAssets": 129483, "deferredLongTermAssetCharges": 129483, "totalAssets": 215263531, "accountsPayable": 19885000, "otherCurrentLiab": 80631, "otherLiab": 1, "totalCurrentLiabilities": 20018724, "totalLiab": 20018725, "commonStock": 168890000, "retainedEarnings": -11193194, "treasuryStock": 233000, "capitalSurplus": 37315000, "otherStockholderEquity": 233000, "totalStockholderEquity": 195244806, "netTangibleAssets": 195244806}], "maxAge": 86400}, "financialData": {"maxAge": 86400, "currentPrice": 1.9, "recommendationKey": "none", "grossProfits": 4289291, "financialCurrency": "INR"}}}