{"SVPGLOB.BO": {"cashflowStatementHistory": {"cashflowStatements": [{"maxAge": 1, "endDate": "2020-03-31", "netIncome": 511446000, "depreciation": 847066710, "changeToNetincome": -17737349, "changeToAccountReceivables": -996410513, "changeToLiabilities": 1378806128, "changeToInventory": -1451796703, "changeToOperatingActivities": -2678400535, "totalCashFromOperatingActivities": -2407026262, "capitalExpenditures": -11214435637, "investments": 1024923874, "otherCashflowsFromInvestingActivities": 567979524, "totalCashflowsFromInvestingActivities": -9621532239, "netBorrowings": 9112727285, "otherCashflowsFromFinancingActivities": 3976042795, "totalCashFromFinancingActivities": 13088770080, "changeInCash": 1060211578}, {"maxAge": 1, "endDate": "2019-03-31", "netIncome": 462275322, "depreciation": 608521808, "changeToNetincome": -119713705, "changeToAccountReceivables": 1012972970, "changeToLiabilities": 871712975, "changeToInventory": -987145298, "changeToOperatingActivities": -663926012, "totalCashFromOperatingActivities": 1184698060, "capitalExpenditures": -38533902, "investments": -1049656911, "otherCashflowsFromInvestingActivities": 24985132, "totalCashflowsFromInvestingActivities": -1063205681, "netBorrowings": -254319003, "otherCashflowsFromFinancingActivities": 162382, "totalCashFromFinancingActivities": -254156621, "changeInCash": -132664242}, {"maxAge": 1, "endDate": "2018-03-31", "netIncome": 679500641, "depreciation": 743992352, "changeToNetincome": -18308062, "changeToAccountReceivables": -911867903, "changeToLiabilities": -460422161, "changeToInventory": -1002800899, "changeToOperatingActivities": 678389409, "totalCashFromOperatingActivities": -291516623, "capitalExpenditures": -992893398, "investments": -28585318, "otherCashflowsFromInvestingActivities": 126065138, "totalCashflowsFromInvestingActivities": -801398222, "netBorrowings": 892620513, "otherCashflowsFromFinancingActivities": 1971584, "totalCashFromFinancingActivities": 894592097, "changeInCash": -198322747}, {"maxAge": 1, "endDate": "2017-03-31", "netIncome": 176107653, "depreciation": 317867981, "changeToNetincome": -23832543, "changeToAccountReceivables": -1205392659, "changeToLiabilities": 103792282, "changeToInventory": -454211582, "changeToOperatingActivities": 1423239045, "totalCashFromOperatingActivities": 353028373, "capitalExpenditures": -7452804873, "investments": 42697814, "otherCashflowsFromInvestingActivities": -118546086, "totalCashflowsFromInvestingActivities": -7541373679, "netBorrowings": 6354803755, "otherCashflowsFromFinancingActivities": -1, "totalCashFromFinancingActivities": 7561513544, "changeInCash": 373168238, "issuanceOfStock": 1206709790}], "maxAge": 86400}, "institutionOwnership": {"maxAge": 1, "ownershipList": []}, "balanceSheetHistoryQuarterly": {"balanceSheetStatements": [{"maxAge": 1, "endDate": "2020-06-30", "totalStockholderEquity": 8519059340, "netTangibleAssets": 4614964494}, {"maxAge": 1, "endDate": "2020-03-31", "cash": 1274836944, "netReceivables": 7263200994, "inventory": 4252097887, "otherCurrentAssets": 4321548248, "totalCurrentAssets": 17111684073, "longTermInvestments": 56762134, "propertyPlantEquipment": 17699335981, "goodWill": 3903297096, "intangibleAssets": 797750, "totalAssets": 38771877034, "accountsPayable": 2910150121, "otherCurrentLiab": 924677375, "longTermDebt": 17349877691, "otherLiab": 55638182, "minorityInterest": 2237198986, "totalCurrentLiabilities": 10610102835, "totalLiab": 28015618708, "commonStock": 126500000, "treasuryStock": 8392559340, "otherStockholderEquity": 8392559340, "totalStockholderEquity": 8519059340, "netTangibleAssets": 4614964494}, {"maxAge": 1, "endDate": "2019-12-31", "totalStockholderEquity": 6574689416, "netTangibleAssets": 2683453341}, {"maxAge": 1, "endDate": "2019-09-30", "cash": 275672656, "netReceivables": 6561172982, "inventory": 3140530330, "otherCurrentAssets": 4451727804, "totalCurrentAssets": 14429103772, "longTermInvestments": 39672390, "propertyPlantEquipment": 17083777915, "intangibleAssets": 3891236075, "otherAssets": 55025, "totalAssets": 35443845177, "accountsPayable": 1298622719, "otherCurrentLiab": 946277180, "longTermDebt": 20039561307, "otherLiab": 59101757, "minorityInterest": 885326130, "totalCurrentLiabilities": 7885166567, "totalLiab": 27983829631, "commonStock": 126500000, "treasuryStock": 6448189416, "otherStockholderEquity": 6448189416, "totalStockholderEquity": 6574689416, "netTangibleAssets": 2683453341}], "maxAge": 86400}, "indexTrend": {"maxAge": 1, "symbol": "SP5", "peRatio": 19.7411, "pegRatio": 1.34172, "estimates": [{"period": "0q", "growth": 0.549}, {"period": "+1q", "growth": 0.431}, {"period": "0y", "growth": 0.305}, {"period": "+1y", "growth": 0.109}, {"period": "+5y", "growth": 0.120859005}, {"period": "-5y"}]}, "insiderTransactions": {"transactions": [{"maxAge": 1, "shares": 14283, "filerUrl": "", "transactionText": "", "filerName": "Gattani (Prafulla)", "filerRelation": "Promoter", "moneyText": "", "startDate": "2019-03-29", "ownership": "D"}], "maxAge": 1}, "quoteType": {"exchange": "BSE", "quoteType": "EQUITY", "symbol": "SVPGLOB.BO", "underlyingSymbol": "SVPGLOB.BO", "shortName": "SVP GLOBAL VENTURES LTD.", "longName": "SVP Global Ventures Limited", "firstTradeDateEpochUtc": "2005-08-08 09:15:00", "timeZoneFullName": "Asia/Kolkata", "timeZoneShortName": "IST", "uuid": "a9450037-b228-3755-937f-48c6f35b8bca", "messageBoardId": null, "gmtOffSetMilliseconds": 19800000, "maxAge": 1}, "incomeStatementHistory": {"incomeStatementHistory": [{"maxAge": 1, "endDate": "2020-03-31", "totalRevenue": 14097851000, "costOfRevenue": 10069819000, "grossProfit": 4028032000, "researchDevelopment": {}, "sellingGeneralAdministrative": 340741000, "nonRecurring": {}, "otherOperatingExpenses": 1358819000, "totalOperatingExpenses": 12616446000, "operatingIncome": 1481405000, "totalOtherIncomeExpenseNet": -953068000, "ebit": 1481405000, "interestExpense": -1292224000, "incomeBeforeTax": 528337000, "incomeTaxExpense": 16891000, "minorityInterest": 2237198986, "netIncomeFromContinuingOps": 511446000, "discontinuedOperations": {}, "extraordinaryItems": {}, "effectOfAccountingCharges": {}, "otherItems": {}, "netIncome": 511446000, "netIncomeApplicableToCommonShares": 511446000}, {"maxAge": 1, "endDate": "2019-03-31", "totalRevenue": 13921248086, "costOfRevenue": 10430141911, "grossProfit": 3491106175, "researchDevelopment": {}, "sellingGeneralAdministrative": 89327177, "nonRecurring": {}, "otherOperatingExpenses": 1320499849, "totalOperatingExpenses": 12448490745, "operatingIncome": 1472757341, "totalOtherIncomeExpenseNet": -965959381, "ebit": 1472757341, "interestExpense": -1223945078, "incomeBeforeTax": 506797960, "incomeTaxExpense": 44522638, "minorityInterest": 2269844, "netIncomeFromContinuingOps": 462275322, "discontinuedOperations": {}, "extraordinaryItems": {}, "effectOfAccountingCharges": {}, "otherItems": {}, "netIncome": 462275322, "netIncomeApplicableToCommonShares": 462275322}, {"maxAge": 1, "endDate": "2018-03-31", "totalRevenue": 24958824541, "costOfRevenue": 21580840510, "grossProfit": 3377984031, "researchDevelopment": {}, "sellingGeneralAdministrative": 117188853, "nonRecurring": {}, "otherOperatingExpenses": 968110636, "totalOperatingExpenses": 23410132351, "operatingIncome": 1548692190, "totalOtherIncomeExpenseNet": -862777830, "ebit": 1548692190, "interestExpense": -1161232524, "incomeBeforeTax": 685914360, "incomeTaxExpense": 6413719, "minorityInterest": 2089763, "netIncomeFromContinuingOps": 679500641, "discontinuedOperations": {}, "extraordinaryItems": {}, "effectOfAccountingCharges": {}, "otherItems": {}, "netIncome": 679500641, "netIncomeApplicableToCommonShares": 679500641}, {"maxAge": 1, "endDate": "2017-03-31", "totalRevenue": 19043569332, "costOfRevenue": 17283581105, "grossProfit": 1759988227, "researchDevelopment": {}, "sellingGeneralAdministrative": 70200418, "nonRecurring": {}, "otherOperatingExpenses": 486148149, "totalOperatingExpenses": 18173255849, "operatingIncome": 870313483, "totalOtherIncomeExpenseNet": -679583497, "ebit": 870313483, "interestExpense": -803462935, "incomeBeforeTax": 190729986, "incomeTaxExpense": 14622333, "minorityInterest": 251000, "netIncomeFromContinuingOps": 176107653, "discontinuedOperations": {}, "extraordinaryItems": {}, "effectOfAccountingCharges": {}, "otherItems": {}, "netIncome": 176107653, "netIncomeApplicableToCommonShares": 176107653}], "maxAge": 86400}, "fundOwnership": {"maxAge": 1, "ownershipList": []}, "summaryDetail": {"maxAge": 1, "priceHint": 2, "previousClose": 77.95, "open": 77.65, "dayLow": 75.6, "dayHigh": 77.9, "regularMarketPreviousClose": 77.95, "regularMarketOpen": 77.65, "regularMarketDayLow": 75.6, "regularMarketDayHigh": 77.9, "volume": 15186, "regularMarketVolume": 15186, "averageVolume": 171782, "averageVolume10days": 39639, "averageDailyVolume10Day": 39639, "bid": 76.45, "ask": 0.0, "bidSize": 0, "askSize": 0, "marketCap": 967092480, "fiftyTwoWeekLow": 69.0, "fiftyTwoWeekHigh": 839.0, "fiftyDayAverage": 169.80072, "twoHundredDayAverage": 369.12244, "currency": "INR", "fromCurrency": null, "toCurrency": null, "lastMarket": null, "algorithm": null, "tradeable": false}, "incomeStatementHistoryQuarterly": {"incomeStatementHistory": [{"maxAge": 1, "endDate": "2020-06-30", "totalRevenue": 922756000, "costOfRevenue": 766830000, "grossProfit": 155926000, "researchDevelopment": {}, "sellingGeneralAdministrative": 54789000, "nonRecurring": {}, "otherOperatingExpenses": 194764000, "totalOperatingExpenses": 1228041000, "operatingIncome": -305285000, "totalOtherIncomeExpenseNet": -269187000, "ebit": -305285000, "interestExpense": -344418000, "incomeBeforeTax": -574472000, "incomeTaxExpense": 0, "minorityInterest": {}, "netIncomeFromContinuingOps": -574472000, "discontinuedOperations": {}, "extraordinaryItems": {}, "effectOfAccountingCharges": {}, "otherItems": {}, "netIncome": -574472000, "netIncomeApplicableToCommonShares": -574472000}, {"maxAge": 1, "endDate": "2020-03-31", "totalRevenue": 3135813000, "costOfRevenue": 2143126000, "grossProfit": 992687000, "researchDevelopment": {}, "sellingGeneralAdministrative": 113915000, "nonRecurring": {}, "otherOperatingExpenses": 293904000, "totalOperatingExpenses": 2953332000, "operatingIncome": 182481000, "totalOtherIncomeExpenseNet": -276738000, "ebit": 182481000, "interestExpense": -353871000, "incomeBeforeTax": -94257000, "incomeTaxExpense": -11423000, "minorityInterest": 2237198986, "netIncomeFromContinuingOps": -82834000, "discontinuedOperations": {}, "extraordinaryItems": {}, "effectOfAccountingCharges": {}, "otherItems": {}, "netIncome": -82834000, "netIncomeApplicableToCommonShares": -82834000}, {"maxAge": 1, "endDate": "2019-12-31", "totalRevenue": 4032380000, "costOfRevenue": 2911630000, "grossProfit": 1120750000, "researchDevelopment": {}, "sellingGeneralAdministrative": 108430000, "nonRecurring": {}, "otherOperatingExpenses": 346160000, "totalOperatingExpenses": 3514830000, "operatingIncome": 517550000, "totalOtherIncomeExpenseNet": -242040000, "ebit": 517550000, "interestExpense": -324490000, "incomeBeforeTax": 275510000, "incomeTaxExpense": 28310000, "minorityInterest": 2237198986, "netIncomeFromContinuingOps": 247200000, "discontinuedOperations": {}, "extraordinaryItems": {}, "effectOfAccountingCharges": {}, "otherItems": {}, "netIncome": 247200000, "netIncomeApplicableToCommonShares": 247200000}, {"maxAge": 1, "endDate": "2019-09-30", "totalRevenue": 3907658000, "costOfRevenue": 2833118000, "grossProfit": 1074540000, "researchDevelopment": {}, "sellingGeneralAdministrative": 72178000, "nonRecurring": {}, "otherOperatingExpenses": 381337000, "totalOperatingExpenses": 3435873000, "operatingIncome": 471785000, "totalOtherIncomeExpenseNet": -228613000, "ebit": 471785000, "interestExpense": -316448000, "incomeBeforeTax": 243172000, "incomeTaxExpense": 0, "minorityInterest": 885326130, "netIncomeFromContinuingOps": 243172000, "discontinuedOperations": {}, "extraordinaryItems": {}, "effectOfAccountingCharges": {}, "otherItems": {}, "netIncome": 243172000, "netIncomeApplicableToCommonShares": 243172000}], "maxAge": 86400}, "cashflowStatementHistoryQuarterly": {"cashflowStatements": [{"maxAge": 1, "endDate": "2020-06-30", "netIncome": -574472000, "changeToLiabilities": 0}, {"maxAge": 1, "endDate": "2020-03-31", "netIncome": -82834000, "changeToLiabilities": 0}, {"maxAge": 1, "endDate": "2019-12-31", "netIncome": 247200000, "changeToLiabilities": 0}, {"maxAge": 1, "endDate": "2019-09-30", "netIncome": 243172000, "changeToLiabilities": 0}], "maxAge": 86400}, "insiderHolders": {"holders": [{"maxAge": 1, "name": "Gattani (Prafulla)", "relation": "Promoter", "url": "", "transactionDescription": "Sale", "latestTransDate": "2019-03-29", "positionDirect": 1348, "positionDirectDate": "2019-03-29"}], "maxAge": 1}, "calendarEvents": {"maxAge": 1, "earnings": {"earningsDate": ["2020-09-15 05:30:S"]}}, "price": {"maxAge": 1, "regularMarketChangePercent": -0.019243104, "regularMarketChange": -1.5, "regularMarketTime": "2021-04-30 15:43:52", "priceHint": 2, "regularMarketPrice": 76.45, "regularMarketDayHigh": 77.9, "regularMarketDayLow": 75.6, "regularMarketVolume": 15186, "averageDailyVolume10Day": 39639, "averageDailyVolume3Month": 171782, "regularMarketPreviousClose": 77.95, "regularMarketSource": "FREE_REALTIME", "regularMarketOpen": 77.65, "exchange": "BSE", "exchangeName": "BSE", "exchangeDataDelayedBy": 0, "marketState": "CLOSED", "quoteType": "EQUITY", "symbol": "SVPGLOB.BO", "underlyingSymbol": null, "shortName": "SVP GLOBAL VENTURES LTD.", "longName": "SVP Global Ventures Limited", "currency": "INR", "quoteSourceName": "Delayed Quote", "currencySymbol": "\u20b9", "fromCurrency": null, "toCurrency": null, "lastMarket": null, "marketCap": 967092480}, "balanceSheetHistory": {"balanceSheetStatements": [{"maxAge": 1, "endDate": "2020-03-31", "cash": 1274836944, "netReceivables": 7263200994, "inventory": 4252097887, "otherCurrentAssets": 4321548248, "totalCurrentAssets": 17111684073, "longTermInvestments": 56762134, "propertyPlantEquipment": 17699335981, "goodWill": 3903297096, "intangibleAssets": 797750, "totalAssets": 38771877034, "accountsPayable": 2910150121, "otherCurrentLiab": 924677375, "longTermDebt": 17349877691, "otherLiab": 55638182, "minorityInterest": 2237198986, "totalCurrentLiabilities": 10610102835, "totalLiab": 28015618708, "commonStock": 126500000, "treasuryStock": 8392559340, "otherStockholderEquity": 8392559340, "totalStockholderEquity": 8519059340, "netTangibleAssets": 4614964494}, {"maxAge": 1, "endDate": "2019-03-31", "cash": 214625367, "netReceivables": 6980145792, "inventory": 2800301182, "otherCurrentAssets": 1244143107, "totalCurrentAssets": 11242868752, "longTermInvestments": 1081686007, "propertyPlantEquipment": 7331169306, "goodWill": 4440231829, "intangibleAssets": 1595497, "otherAssets": 34508368, "totalAssets": 24132059759, "accountsPayable": 1531343992, "shortLongTermDebt": 774382286, "otherCurrentLiab": 281462139, "longTermDebt": 10523584435, "otherLiab": 59101760, "minorityInterest": 2269844, "totalCurrentLiabilities": 7290152108, "totalLiab": 17872838303, "commonStock": 126500000, "retainedEarnings": 1645057502, "treasuryStock": 6130451612, "capitalSurplus": 4485394110, "otherStockholderEquity": 6130451612, "totalStockholderEquity": 6256951612, "netTangibleAssets": 1815124286}, {"maxAge": 1, "endDate": "2018-03-31", "cash": 347289609, "netReceivables": 7486782231, "inventory": 1813155884, "otherCurrentAssets": 922446072, "totalCurrentAssets": 10588468535, "longTermInvestments": 32029096, "propertyPlantEquipment": 7900199506, "goodWill": 4441958593, "intangibleAssets": 2553203, "otherAssets": 50543640, "totalAssets": 23015752573, "accountsPayable": 659631017, "shortLongTermDebt": 718888389, "otherCurrentLiab": 328284238, "longTermDebt": 10127399309, "otherLiab": 51878664, "minorityInterest": 2089763, "totalCurrentLiabilities": 7043028037, "totalLiab": 17222306010, "commonStock": 126500000, "retainedEarnings": 1179462690, "capitalSurplus": 4485394110, "totalStockholderEquity": 5791356800, "netTangibleAssets": 1346845004}, {"maxAge": 1, "endDate": "2017-03-31", "cash": 545612356, "netReceivables": 6842136882, "inventory": 991741190, "otherCurrentAssets": 783683428, "totalCurrentAssets": 9165106282, "longTermInvestments": 3443778, "propertyPlantEquipment": 7650189605, "goodWill": 4442242110, "intangibleAssets": 3662055, "otherAssets": 253298980, "totalAssets": 21517942810, "accountsPayable": 1120053178, "shortLongTermDebt": 350447116, "otherCurrentLiab": 349483077, "longTermDebt": 10289792585, "otherLiab": 34837024, "deferredLongTermLiab": 159283624, "minorityInterest": 251000, "totalCurrentLiabilities": 6059245596, "totalLiab": 16383875205, "commonStock": 126500000, "retainedEarnings": 521922495, "capitalSurplus": 4485394110, "totalStockholderEquity": 5133816605, "netTangibleAssets": 687912440}], "maxAge": 86400}, "financialData": {"maxAge": 86400, "currentPrice": 76.45, "recommendationKey": "none", "grossProfits": 4028032000, "financialCurrency": "INR"}}}