{"SWANENERGY.NS": {"assetProfile": {"address1": "6, Feltham House", "address2": "2nd Floor 10, J.N. Heredia Marg Ballard Estate", "city": "Mumbai", "zip": "400001", "country": "India", "phone": "91 22 4058 7300", "fax": "91 22 4058 7360", "website": "http://www.swan.co.in", "industry": "Textile Manufacturing", "sector": "Consumer Cyclical", "longBusinessSummary": "Swan Energy Limited engages in the textile, real estate, and energy businesses in India. It manufactures and markets cotton and polyester textile products; and develops commercial and residential real estate properties. The company also constructs and operates LNG Port terminal at Jafrabad port area in the Amreli district of Gujarat with a total capacity of 5 MMTPA. In addition, it engages in the trading of gas commodities, etc.; and mining activities. The company was formerly known as Swan Mills Limited. Swan Energy Limited was incorporated in 1909 and is based in Mumbai, India.", "fullTimeEmployees": 117, "companyOfficers": [{"maxAge": 1, "name": "Mr. Nikhil Vasantlal Merchant", "age": 60, "title": "MD & Exec. Director", "yearBorn": 1960, "fiscalYear": 2020, "totalPay": 13784000, "exercisedValue": 0, "unexercisedValue": 0}, {"maxAge": 1, "name": "Mr. Chetan K. Selarka", "title": "Chief Financial Officer", "exercisedValue": 0, "unexercisedValue": 0}, {"maxAge": 1, "name": "Mr. Paresh Vasantlal Merchant", "age": 57, "title": "Exec. Director", "yearBorn": 1963, "fiscalYear": 2020, "totalPay": 13784000, "exercisedValue": 0, "unexercisedValue": 0}, {"maxAge": 1, "name": "Mr. Padmanabhan  Sugavanam", "age": 75, "title": "Whole Time Director", "yearBorn": 1945, "fiscalYear": 2020, "totalPay": 3509000, "exercisedValue": 0, "unexercisedValue": 0}, {"maxAge": 1, "name": "Mr. Arun S. Agarwal", "title": "Company Sec.", "exercisedValue": 0, "unexercisedValue": 0}], "compensationAsOfEpochDate": "2020-12-31 05:30:00", "maxAge": 86400}, "cashflowStatementHistory": {"cashflowStatements": [{"maxAge": 1, "endDate": "2020-03-31", "netIncome": -58453000, "depreciation": 145202000, "changeToNetincome": 379907000, "changeToAccountReceivables": -119485000, "changeToLiabilities": 160920000, "changeToInventory": 257995000, "changeToOperatingActivities": -14975000, "totalCashFromOperatingActivities": 751152000, "capitalExpenditures": -4681045000, "investments": 1454158000, "otherCashflowsFromInvestingActivities": 41939000, "totalCashflowsFromInvestingActivities": -3238877000, "dividendsPaid": -24426000, "netBorrowings": -414035000, "otherCashflowsFromFinancingActivities": -508318000, "totalCashFromFinancingActivities": 2572157000, "changeInCash": 84432000, "issuanceOfStock": 3518936000}, {"maxAge": 1, "endDate": "2019-03-31", "netIncome": -53093000, "depreciation": 140785000, "changeToNetincome": 559317000, "changeToAccountReceivables": 149735000, "changeToLiabilities": 2633822000, "changeToInventory": 4535450000, "changeToOperatingActivities": -7547348000, "totalCashFromOperatingActivities": 418668000, "capitalExpenditures": -6082765000, "investments": 1877815000, "otherCashflowsFromInvestingActivities": 60616000, "totalCashflowsFromInvestingActivities": -7634628000, "dividendsPaid": -24426000, "netBorrowings": 5626561000, "otherCashflowsFromFinancingActivities": -545017000, "totalCashFromFinancingActivities": 7072405000, "changeInCash": -143555000, "issuanceOfStock": 2015287000}, {"maxAge": 1, "endDate": "2018-03-31", "netIncome": 546930000, "depreciation": 140950000, "changeToNetincome": -322505000, "changeToAccountReceivables": -3219602000, "changeToLiabilities": 1793707000, "changeToInventory": -136811000, "changeToOperatingActivities": 1820487000, "totalCashFromOperatingActivities": 623168000, "capitalExpenditures": -3358278000, "investments": -3062368000, "otherCashflowsFromInvestingActivities": 239722000, "totalCashflowsFromInvestingActivities": -5331572000, "dividendsPaid": -18319000, "netBorrowings": 906994000, "otherCashflowsFromFinancingActivities": -581608000, "totalCashFromFinancingActivities": 4807082000, "changeInCash": 98678000, "issuanceOfStock": 4500015000}, {"maxAge": 1, "endDate": "2017-03-31", "netIncome": 6092000, "depreciation": 118363000, "changeToNetincome": 227809000, "changeToAccountReceivables": -165165000, "changeToLiabilities": 578525000, "changeToInventory": -72330000, "changeToOperatingActivities": 1820487000, "totalCashFromOperatingActivities": 693470000, "capitalExpenditures": -3442248000, "investments": -60789000, "otherCashflowsFromInvestingActivities": 2446814000, "totalCashflowsFromInvestingActivities": -285395000, "dividendsPaid": -11059000, "netBorrowings": 39760000, "otherCashflowsFromFinancingActivities": -318305000, "totalCashFromFinancingActivities": -289604000, "changeInCash": 118469000, "issuanceOfStock": 4500015000}], "maxAge": 86400}, "institutionOwnership": {"ownershipList": [], "maxAge": 1}, "majorHoldersBreakdown": {"maxAge": 1, "insidersPercentHeld": 0.85213, "institutionsPercentHeld": 0.115880005, "institutionsFloatPercentHeld": 0.78366, "institutionsCount": 11}, "balanceSheetHistoryQuarterly": {"balanceSheetStatements": [{"maxAge": 1, "endDate": "2020-12-31", "totalStockholderEquity": 9017166000, "netTangibleAssets": 9017099000}, {"maxAge": 1, "endDate": "2020-09-30", "cash": 1181685000, "shortTermInvestments": 28787000, "netReceivables": 1164437000, "inventory": 1304564000, "otherCurrentAssets": 1272639000, "totalCurrentAssets": 4952112000, "longTermInvestments": 3600000, "propertyPlantEquipment": 36094095000, "intangibleAssets": 67000, "otherAssets": 6183493000, "totalAssets": 47233367000, "accountsPayable": 466965000, "otherCurrentLiab": 5718642000, "longTermDebt": 16028999000, "otherLiab": 343720000, "minorityInterest": 5537821000, "totalCurrentLiabilities": 16305661000, "totalLiab": 32678380000, "commonStock": 244257000, "treasuryStock": 8772909000, "otherStockholderEquity": 8772909000, "totalStockholderEquity": 9017166000, "netTangibleAssets": 9017099000}, {"maxAge": 1, "endDate": "2020-06-30", "totalStockholderEquity": 9148164000, "netTangibleAssets": 9148077000}, {"maxAge": 1, "endDate": "2020-03-31", "cash": 274605000, "shortTermInvestments": 288595000, "netReceivables": 2411589000, "inventory": 1262280000, "otherCurrentAssets": 123565000, "totalCurrentAssets": 4377870000, "longTermInvestments": 3600000, "propertyPlantEquipment": 18192357000, "intangibleAssets": 87000, "otherAssets": 12316343000, "totalAssets": 34890257000, "accountsPayable": 563295000, "shortLongTermDebt": 306793000, "otherCurrentLiab": 5276137000, "longTermDebt": 1846939000, "otherLiab": 317679000, "minorityInterest": 5537890000, "totalCurrentLiabilities": 18025558000, "totalLiab": 20204203000, "commonStock": 244257000, "retainedEarnings": 1537040000, "treasuryStock": 582609000, "capitalSurplus": 6784258000, "otherStockholderEquity": 582609000, "totalStockholderEquity": 9148164000, "netTangibleAssets": 9148077000}], "maxAge": 86400}, "indexTrend": {"maxAge": 1, "symbol": "SP5", "peRatio": 19.7411, "pegRatio": 1.34172, "estimates": [{"period": "0q", "growth": 0.549}, {"period": "+1q", "growth": 0.431}, {"period": "0y", "growth": 0.305}, {"period": "+1y", "growth": 0.109}, {"period": "+5y", "growth": 0.120865}, {"period": "-5y"}]}, "defaultKeyStatistics": {"maxAge": 1, "priceHint": 2, "enterpriseValue": 57485418496, "profitMargins": -0.04675, "floatShares": 31160814, "sharesOutstanding": 244256992, "heldPercentInsiders": 0.85213, "heldPercentInstitutions": 0.115880005, "beta": 0.423937, "category": null, "bookValue": 37.304, "priceToBook": 3.539835, "fundFamily": null, "legalType": null, "lastFiscalYearEnd": "2020-03-31 05:30:00", "nextFiscalYearEnd": "2022-03-31 05:30:00", "mostRecentQuarter": "2020-12-31 05:30:00", "netIncomeToCommon": -149279008, "trailingEps": -0.769, "lastSplitFactor": "2:1", "lastSplitDate": "2014-02-03 05:30:00", "enterpriseToRevenue": 18.002, "enterpriseToEbitda": 130.234}, "summaryProfile": {"address1": "6, Feltham House", "address2": "2nd Floor 10, J.N. Heredia Marg Ballard Estate", "city": "Mumbai", "zip": "400001", "country": "India", "phone": "91 22 4058 7300", "fax": "91 22 4058 7360", "website": "http://www.swan.co.in", "industry": "Textile Manufacturing", "sector": "Consumer Cyclical", "longBusinessSummary": "Swan Energy Limited engages in the textile, real estate, and energy businesses in India. It manufactures and markets cotton and polyester textile products; and develops commercial and residential real estate properties. The company also constructs and operates LNG Port terminal at Jafrabad port area in the Amreli district of Gujarat with a total capacity of 5 MMTPA. In addition, it engages in the trading of gas commodities, etc.; and mining activities. The company was formerly known as Swan Mills Limited. Swan Energy Limited was incorporated in 1909 and is based in Mumbai, India.", "fullTimeEmployees": 117, "companyOfficers": [], "maxAge": 86400}, "netSharePurchaseActivity": {"maxAge": 1, "period": "6m", "buyInfoCount": 0, "buyInfoShares": 0, "sellInfoCount": 0, "netInfoCount": 0, "netInfoShares": 0, "netPercentInsiderShares": 0.0, "totalInsiderShares": 165398432}, "insiderTransactions": {"transactions": [{"maxAge": 1, "shares": 2000000, "filerUrl": "", "transactionText": "", "filerName": "Banshidhar Traders Pvt Ltd", "filerRelation": "Institution- Corporation", "moneyText": "", "startDate": "2013-09-19", "ownership": "D"}, {"maxAge": 1, "shares": 2000000, "filerUrl": "", "transactionText": "", "filerName": "Dhankalash Tradecomm Pvt Ltd", "filerRelation": "Institution- Corporation", "moneyText": "", "startDate": "2013-09-19", "ownership": "D"}, {"maxAge": 1, "shares": 2000000, "filerUrl": "", "transactionText": "", "filerName": "Forceful Vincom Pvt Ltd", "filerRelation": "Institution- Corporation", "moneyText": "", "startDate": "2013-09-19", "ownership": "D"}, {"maxAge": 1, "shares": 2000000, "filerUrl": "", "transactionText": "", "filerName": "Inderlok Dealcomm Pvt Ltd", "filerRelation": "Institution- Corporation", "moneyText": "", "startDate": "2013-09-19", "ownership": "D"}], "maxAge": 1}, "quoteType": {"exchange": "NSI", "quoteType": "EQUITY", "symbol": "SWANENERGY.NS", "underlyingSymbol": "SWANENERGY.NS", "shortName": "SWAN ENERGY LTD", "longName": "Swan Energy Limited", "firstTradeDateEpochUtc": "2012-05-29 09:15:00", "timeZoneFullName": "Asia/Kolkata", "timeZoneShortName": "IST", "uuid": "587bc830-405d-34df-8680-d960ba7bdf59", "gmtOffSetMilliseconds": 19800000, "maxAge": 1}, "incomeStatementHistory": {"incomeStatementHistory": [{"maxAge": 1, "endDate": "2020-03-31", "totalRevenue": 3408158000, "costOfRevenue": 2256290000, "grossProfit": 1151868000, "researchDevelopment": {}, "sellingGeneralAdministrative": 141344000, "nonRecurring": {}, "otherOperatingExpenses": 489882000, "totalOperatingExpenses": 3032759000, "operatingIncome": 375399000, "totalOtherIncomeExpenseNet": -417892000, "ebit": 375399000, "interestExpense": -499123000, "incomeBeforeTax": -42493000, "incomeTaxExpense": 5838000, "minorityInterest": 5537890000, "netIncomeFromContinuingOps": -48331000, "discontinuedOperations": {}, "extraordinaryItems": {}, "effectOfAccountingCharges": {}, "otherItems": {}, "netIncome": -58453000, "netIncomeApplicableToCommonShares": -58453000}, {"maxAge": 1, "endDate": "2019-03-31", "totalRevenue": 8916198000, "costOfRevenue": 7566967000, "grossProfit": 1349231000, "researchDevelopment": {}, "sellingGeneralAdministrative": 148483000, "nonRecurring": {}, "otherOperatingExpenses": 421237000, "totalOperatingExpenses": 8277472000, "operatingIncome": 638726000, "totalOtherIncomeExpenseNet": -347870000, "ebit": 638726000, "interestExpense": -526632000, "incomeBeforeTax": 290856000, "incomeTaxExpense": 350688000, "minorityInterest": 2008832000, "netIncomeFromContinuingOps": -59832000, "discontinuedOperations": {}, "extraordinaryItems": {}, "effectOfAccountingCharges": {}, "otherItems": {}, "netIncome": -53093000, "netIncomeApplicableToCommonShares": -53093000}, {"maxAge": 1, "endDate": "2018-03-31", "totalRevenue": 3466917000, "costOfRevenue": 2592891000, "grossProfit": 874026000, "researchDevelopment": {}, "sellingGeneralAdministrative": 141091000, "nonRecurring": {}, "otherOperatingExpenses": 372090000, "totalOperatingExpenses": 3247022000, "operatingIncome": 219895000, "totalOtherIncomeExpenseNet": 513827000, "ebit": 219895000, "interestExpense": -550247000, "incomeBeforeTax": 733722000, "incomeTaxExpense": 186801000, "minorityInterest": 285000, "netIncomeFromContinuingOps": 546921000, "discontinuedOperations": {}, "extraordinaryItems": {}, "effectOfAccountingCharges": {}, "otherItems": {}, "netIncome": 546930000, "netIncomeApplicableToCommonShares": 546930000}, {"maxAge": 1, "endDate": "2017-03-31", "totalRevenue": 3505862000, "costOfRevenue": 2761697000, "grossProfit": 744165000, "researchDevelopment": {}, "sellingGeneralAdministrative": 121022000, "nonRecurring": {}, "otherOperatingExpenses": 288350000, "totalOperatingExpenses": 3289432000, "operatingIncome": 216430000, "totalOtherIncomeExpenseNet": -189212000, "ebit": 216430000, "interestExpense": -283332000, "incomeBeforeTax": 27218000, "incomeTaxExpense": 21126000, "minorityInterest": 285000, "netIncomeFromContinuingOps": 6092000, "discontinuedOperations": {}, "extraordinaryItems": {}, "effectOfAccountingCharges": {}, "otherItems": {}, "netIncome": 6092000, "netIncomeApplicableToCommonShares": 6092000}], "maxAge": 86400}, "fundOwnership": {"ownershipList": [{"maxAge": 1, "reportDate": "2021-03-31", "organization": "SPDR Portfolio Emerging Markets ETF", "pctHeld": 0.00090000004, "position": 211746, "value": 28702170}, {"maxAge": 1, "reportDate": "2021-01-31", "organization": "DFA Emerging Markets Small Cap Series", "pctHeld": 0.00029999999, "position": 76621, "value": 9853460}, {"maxAge": 1, "reportDate": "2021-03-31", "organization": "SPDR (R) Idx Shares-SPDR (R) Emerging Markets Small Cap ETF", "pctHeld": 0.0002, "position": 48338, "value": 6552215}, {"maxAge": 1, "reportDate": "2021-01-31", "organization": "DFA Emerging Markets Core Equity Portfolio", "pctHeld": 0.0002, "position": 39795, "value": 5117637}], "maxAge": 1}, "summaryDetail": {"maxAge": 1, "priceHint": 2, "previousClose": 139.15, "open": 139.8, "dayLow": 130.2, "dayHigh": 139.8, "regularMarketPreviousClose": 139.15, "regularMarketOpen": 139.8, "regularMarketDayLow": 130.2, "regularMarketDayHigh": 139.8, "dividendRate": 0.1, "dividendYield": 0.0007, "exDividendDate": "2020-09-18 05:30:00", "fiveYearAvgDividendYield": 0.08, "beta": 0.423937, "volume": 140686, "regularMarketVolume": 140686, "averageVolume": 205680, "averageVolume10days": 220061, "averageDailyVolume10Day": 220061, "bid": 0.0, "ask": 0.0, "bidSize": 0, "askSize": 0, "marketCap": 32323727360, "fiftyTwoWeekLow": 90.0, "fiftyTwoWeekHigh": 160.0, "priceToSalesTrailing12Months": 10.122275, "fiftyDayAverage": 141.97424, "twoHundredDayAverage": 135.265, "trailingAnnualDividendRate": 0.1, "trailingAnnualDividendYield": 0.000718649, "currency": "INR", "fromCurrency": null, "lastMarket": null, "algorithm": null, "tradeable": false}, "incomeStatementHistoryQuarterly": {"incomeStatementHistory": [{"maxAge": 1, "endDate": "2020-12-31", "totalRevenue": 978013000, "costOfRevenue": 729013000, "grossProfit": 249000000, "researchDevelopment": {}, "sellingGeneralAdministrative": 30743000, "nonRecurring": {}, "otherOperatingExpenses": 81101000, "totalOperatingExpenses": 877192000, "operatingIncome": 100821000, "totalOtherIncomeExpenseNet": -87916000, "ebit": 100821000, "interestExpense": -95973000, "incomeBeforeTax": 12905000, "incomeTaxExpense": 0, "minorityInterest": {}, "netIncomeFromContinuingOps": 12905000, "discontinuedOperations": {}, "extraordinaryItems": {}, "effectOfAccountingCharges": {}, "otherItems": {}, "netIncome": 9705000, "netIncomeApplicableToCommonShares": 9705000}, {"maxAge": 1, "endDate": "2020-09-30", "totalRevenue": 874526000, "costOfRevenue": 622724000, "grossProfit": 251802000, "researchDevelopment": {}, "sellingGeneralAdministrative": 28862000, "nonRecurring": {}, "otherOperatingExpenses": 105672000, "totalOperatingExpenses": 793081000, "operatingIncome": 81445000, "totalOtherIncomeExpenseNet": -170866000, "ebit": 81445000, "interestExpense": -179124000, "incomeBeforeTax": -89421000, "incomeTaxExpense": 0, "minorityInterest": 5537821000, "netIncomeFromContinuingOps": -89421000, "discontinuedOperations": {}, "extraordinaryItems": {}, "effectOfAccountingCharges": {}, "otherItems": {}, "netIncome": -89438000, "netIncomeApplicableToCommonShares": -89438000}, {"maxAge": 1, "endDate": "2020-06-30", "totalRevenue": 290837000, "costOfRevenue": 175128000, "grossProfit": 115709000, "researchDevelopment": {}, "sellingGeneralAdministrative": 31144000, "nonRecurring": {}, "otherOperatingExpenses": 24953000, "totalOperatingExpenses": 266464000, "operatingIncome": 24373000, "totalOtherIncomeExpenseNet": -41604000, "ebit": 24373000, "interestExpense": -47289000, "incomeBeforeTax": -17231000, "incomeTaxExpense": 0, "minorityInterest": 5537821000, "netIncomeFromContinuingOps": -17231000, "discontinuedOperations": {}, "extraordinaryItems": {}, "effectOfAccountingCharges": {}, "otherItems": {}, "netIncome": -17145000, "netIncomeApplicableToCommonShares": -17145000}, {"maxAge": 1, "endDate": "2020-03-31", "totalRevenue": 1049950000, "costOfRevenue": 725522000, "grossProfit": 324428000, "researchDevelopment": {}, "sellingGeneralAdministrative": 52933000, "nonRecurring": {}, "otherOperatingExpenses": 147034000, "totalOperatingExpenses": 957604000, "operatingIncome": 92346000, "totalOtherIncomeExpenseNet": -142684000, "ebit": 92346000, "interestExpense": -157171000, "incomeBeforeTax": -50338000, "incomeTaxExpense": 5838000, "minorityInterest": 5537890000, "netIncomeFromContinuingOps": -56176000, "discontinuedOperations": {}, "extraordinaryItems": {}, "effectOfAccountingCharges": {}, "otherItems": {}, "netIncome": -52402000, "netIncomeApplicableToCommonShares": -52402000}], "maxAge": 86400}, "cashflowStatementHistoryQuarterly": {"cashflowStatements": [{"maxAge": 1, "endDate": "2020-12-31", "netIncome": 9705000, "changeToLiabilities": 0}, {"maxAge": 1, "endDate": "2020-09-30", "netIncome": -89438000, "changeToLiabilities": 0}, {"maxAge": 1, "endDate": "2020-06-30", "netIncome": -17145000, "changeToLiabilities": 0}, {"maxAge": 1, "endDate": "2020-03-31", "netIncome": -52402000, "changeToLiabilities": 0}], "maxAge": 86400}, "insiderHolders": {"holders": [{"maxAge": 1, "name": "Banshidhar Traders Pvt Ltd", "relation": "Institution- Corporation", "url": "", "transactionDescription": "Other", "latestTransDate": "2013-09-19", "positionDirect": 2000000, "positionDirectDate": "2013-09-19"}, {"maxAge": 1, "name": "Dhankalash Tradecomm Pvt Ltd", "relation": "Institution- Corporation", "url": "", "transactionDescription": "Other", "latestTransDate": "2013-09-19", "positionDirect": 2000000, "positionDirectDate": "2013-09-19"}, {"maxAge": 1, "name": "Forceful Vincom Pvt Ltd", "relation": "Institution- Corporation", "url": "", "transactionDescription": "Other", "latestTransDate": "2013-09-19", "positionDirect": 2000000, "positionDirectDate": "2013-09-19"}, {"maxAge": 1, "name": "Inderlok Dealcomm Pvt Ltd", "relation": "Institution- Corporation", "url": "", "transactionDescription": "Other", "latestTransDate": "2013-09-19", "positionDirect": 2000000, "positionDirectDate": "2013-09-19"}], "maxAge": 1}, "calendarEvents": {"maxAge": 1, "earnings": {"earningsDate": []}, "exDividendDate": "2020-09-18 05:30:00"}, "upgradeDowngradeHistory": {"history": [], "maxAge": 86400}, "price": {"maxAge": 1, "regularMarketChangePercent": -0.051024012, "regularMarketChange": -7.099991, "regularMarketTime": "2021-04-30 15:30:00", "priceHint": 2, "regularMarketPrice": 132.05, "regularMarketDayHigh": 139.8, "regularMarketDayLow": 130.2, "regularMarketVolume": 140686, "averageDailyVolume10Day": 220061, "averageDailyVolume3Month": 205680, "regularMarketPreviousClose": 139.15, "regularMarketSource": "FREE_REALTIME", "regularMarketOpen": 139.8, "exchange": "NSI", "exchangeName": "NSE", "exchangeDataDelayedBy": 15, "marketState": "CLOSED", "quoteType": "EQUITY", "symbol": "SWANENERGY.NS", "underlyingSymbol": null, "shortName": "SWAN ENERGY LTD", "longName": "Swan Energy Limited", "currency": "INR", "quoteSourceName": "Delayed Quote", "currencySymbol": "\u20b9", "fromCurrency": null, "lastMarket": null, "marketCap": 32323727360}, "balanceSheetHistory": {"balanceSheetStatements": [{"maxAge": 1, "endDate": "2020-03-31", "cash": 274605000, "shortTermInvestments": 288595000, "netReceivables": 2411589000, "inventory": 1262280000, "otherCurrentAssets": 123565000, "totalCurrentAssets": 4377870000, "longTermInvestments": 3600000, "propertyPlantEquipment": 18192357000, "intangibleAssets": 87000, "otherAssets": 12316343000, "totalAssets": 34890257000, "accountsPayable": 563295000, "shortLongTermDebt": 306793000, "otherCurrentLiab": 5276137000, "longTermDebt": 1846939000, "otherLiab": 317679000, "minorityInterest": 5537890000, "totalCurrentLiabilities": 18025558000, "totalLiab": 20204203000, "commonStock": 244257000, "retainedEarnings": 1537040000, "treasuryStock": 582609000, "capitalSurplus": 6784258000, "otherStockholderEquity": 582609000, "totalStockholderEquity": 9148164000, "netTangibleAssets": 9148077000}, {"maxAge": 1, "endDate": "2019-03-31", "cash": 197425000, "shortTermInvestments": 2007599000, "netReceivables": 2027702000, "inventory": 1520274000, "otherCurrentAssets": 118255000, "totalCurrentAssets": 5903901000, "longTermInvestments": 3600000, "propertyPlantEquipment": 13592087000, "otherAssets": 12201024000, "totalAssets": 31700612000, "accountsPayable": 402375000, "shortLongTermDebt": 1176617000, "otherCurrentLiab": 5275026000, "longTermDebt": 2151938000, "otherLiab": 308007000, "minorityInterest": 2008832000, "totalCurrentLiabilities": 17995252000, "totalLiab": 20455197000, "commonStock": 244257000, "retainedEarnings": 1625511000, "treasuryStock": 582557000, "capitalSurplus": 6784258000, "otherStockholderEquity": 582557000, "totalStockholderEquity": 9236583000, "netTangibleAssets": 9236583000}, {"maxAge": 1, "endDate": "2018-03-31", "cash": 283516000, "shortTermInvestments": 3497261000, "netReceivables": 1985852000, "inventory": 6055724000, "otherCurrentAssets": 1777766000, "totalCurrentAssets": 13600777000, "longTermInvestments": 5100000, "propertyPlantEquipment": 7587036000, "otherAssets": 5170792000, "totalAssets": 26363705000, "accountsPayable": 2704751000, "shortLongTermDebt": 154049000, "otherCurrentLiab": 4845431000, "longTermDebt": 3431633000, "otherLiab": 288756000, "minorityInterest": 285000, "totalCurrentLiabilities": 13323956000, "totalLiab": 17044345000, "commonStock": 244257000, "retainedEarnings": 1708003000, "treasuryStock": 582557000, "capitalSurplus": 6784258000, "otherStockholderEquity": 582557000, "totalStockholderEquity": 9319075000, "netTangibleAssets": 9319075000}, {"maxAge": 1, "endDate": "2017-03-31", "cash": 39788000, "shortTermInvestments": 485812000, "netReceivables": 1940699000, "inventory": 5918913000, "otherCurrentAssets": 125217000, "totalCurrentAssets": 8513777000, "longTermInvestments": 3603000, "propertyPlantEquipment": 5020970000, "otherAssets": 4940394000, "totalAssets": 18478744000, "accountsPayable": 822021000, "shortLongTermDebt": 112176000, "otherCurrentLiab": 4849162000, "longTermDebt": 3570810000, "otherLiab": 267757000, "deferredLongTermLiab": 12000, "totalCurrentLiabilities": 10326822000, "totalLiab": 14165389000, "commonStock": 221180000, "retainedEarnings": 1183121000, "treasuryStock": 601734000, "capitalSurplus": 2307320000, "otherStockholderEquity": 601734000, "totalStockholderEquity": 4313355000, "netTangibleAssets": 4313355000}], "maxAge": 86400}, "financialData": {"maxAge": 86400, "currentPrice": 132.05, "recommendationKey": "none", "totalCash": 1210471936, "totalCashPerShare": 6.236, "ebitda": 441400000, "totalDebt": 26149052416, "totalRevenue": 3193326080, "debtToEquity": 179.657, "revenuePerShare": 16.452, "grossProfits": 1151868000, "revenueGrowth": 0.025, "grossMargins": 0.29466, "ebitdaMargins": 0.13822, "operatingMargins": 0.09363, "profitMargins": -0.04675, "financialCurrency": "INR"}}}