{"SWARAJENG.BO": {"recommendationTrend": {"trend": [{"period": "0m", "strongBuy": 0, "buy": 0, "hold": 0, "sell": 0, "strongSell": 0}, {"period": "-1m", "strongBuy": 0, "buy": 0, "hold": 0, "sell": 0, "strongSell": 0}, {"period": "-2m", "strongBuy": 0, "buy": 0, "hold": 0, "sell": 0, "strongSell": 0}, {"period": "-3m", "strongBuy": 0, "buy": 0, "hold": 0, "sell": 0, "strongSell": 0}], "maxAge": 86400}, "cashflowStatementHistory": {"cashflowStatements": [{"maxAge": 1, "endDate": "2020-03-31", "netIncome": 710422000, "depreciation": 196681000, "changeToNetincome": -149285000, "changeToAccountReceivables": 200939000, "changeToLiabilities": -71614000, "changeToInventory": 104299000, "totalCashFromOperatingActivities": 996083000, "capitalExpenditures": -157668000, "investments": -197836000, "otherCashflowsFromInvestingActivities": 84872000, "totalCashflowsFromInvestingActivities": -269453000, "dividendsPaid": -240982000, "otherCashflowsFromFinancingActivities": -124798000, "totalCashFromFinancingActivities": -731347000, "changeInCash": -4717000, "issuanceOfStock": 33000}, {"maxAge": 1, "endDate": "2019-03-31", "netIncome": 824208000, "depreciation": 190648000, "changeToNetincome": -144123000, "changeToAccountReceivables": -106621000, "changeToLiabilities": 74027000, "changeToInventory": -155197000, "totalCashFromOperatingActivities": 687677000, "capitalExpenditures": -340150000, "investments": 261433000, "otherCashflowsFromInvestingActivities": 110610000, "totalCashflowsFromInvestingActivities": 37782000, "dividendsPaid": -727907000, "otherCashflowsFromFinancingActivities": -909000, "totalCashFromFinancingActivities": -728794000, "changeInCash": -3335000, "issuanceOfStock": 22000}, {"maxAge": 1, "endDate": "2018-03-31", "netIncome": 800995000, "depreciation": 167890000, "changeToNetincome": -185730000, "changeToAccountReceivables": -135982000, "changeToLiabilities": 304078000, "changeToInventory": -58373000, "totalCashFromOperatingActivities": 893189000, "capitalExpenditures": -233538000, "investments": 541144000, "otherCashflowsFromInvestingActivities": 158449000, "totalCashflowsFromInvestingActivities": 474799000, "dividendsPaid": -329440651, "otherCashflowsFromFinancingActivities": -10110000, "totalCashFromFinancingActivities": -1357419999, "changeInCash": 10568000, "repurchaseOfStock": -707390000, "issuanceOfStock": 16000}, {"maxAge": 1, "endDate": "2017-03-31", "netIncome": 688351000, "depreciation": 162536000, "changeToNetincome": -177915000, "changeToAccountReceivables": -34478000, "changeToLiabilities": 167429000, "changeToInventory": 16659000, "totalCashFromOperatingActivities": 822853000, "capitalExpenditures": -64609000, "investments": -422518000, "otherCashflowsFromInvestingActivities": 165332000, "totalCashflowsFromInvestingActivities": -318851000, "dividendsPaid": -267545300, "otherCashflowsFromFinancingActivities": -154000, "totalCashFromFinancingActivities": -491256000, "changeInCash": 12746000, "repurchaseOfStock": -707390000, "issuanceOfStock": 16000}], "maxAge": 86400}, "institutionOwnership": {"ownershipList": [], "maxAge": 1}, "balanceSheetHistoryQuarterly": {"balanceSheetStatements": [{"maxAge": 1, "endDate": "2020-06-30", "totalStockholderEquity": 2358945000, "netTangibleAssets": 2358570000}, {"maxAge": 1, "endDate": "2020-03-31", "cash": 22422000, "shortTermInvestments": 100000000, "netReceivables": 60065000, "inventory": 370098000, "otherCurrentAssets": 761989000, "totalCurrentAssets": 2428303000, "propertyPlantEquipment": 1063468000, "intangibleAssets": 375000, "otherAssets": 58212000, "totalAssets": 3550358000, "accountsPayable": 889901000, "otherCurrentLiab": 70014000, "otherLiab": 88840000, "deferredLongTermLiab": 8921000, "totalCurrentLiabilities": 1102573000, "totalLiab": 1191413000, "commonStock": 121322000, "retainedEarnings": 2228767000, "treasuryStock": 1831000, "capitalSurplus": 7025000, "otherStockholderEquity": 1831000, "totalStockholderEquity": 2358945000, "netTangibleAssets": 2358570000}, {"maxAge": 1, "endDate": "2019-12-31", "totalStockholderEquity": 2073100000, "netTangibleAssets": 2061500000}, {"maxAge": 1, "endDate": "2019-09-30", "cash": 76500000, "shortTermInvestments": 1310000000, "netReceivables": 161900000, "inventory": 370600000, "otherCurrentAssets": 180300000, "totalCurrentAssets": 2099300000, "propertyPlantEquipment": 1061200000, "intangibleAssets": 11600000, "otherAssets": 63300000, "totalAssets": 3235400000, "accountsPayable": 975100000, "otherCurrentLiab": 94000000, "otherLiab": 93200000, "totalCurrentLiabilities": 1069100000, "totalLiab": 1162300000, "commonStock": 121300000, "treasuryStock": 1951800000, "otherStockholderEquity": 1951800000, "totalStockholderEquity": 2073100000, "netTangibleAssets": 2061500000}], "maxAge": 86400}, "earningsHistory": {"history": [{"maxAge": 1, "epsActual": 18.89, "epsEstimate": 17.61, "epsDifference": 1.28, "surprisePercent": 0.073, "quarter": "2017-09-30", "period": "-4q"}, {"maxAge": 1, "epsActual": 13.86, "epsEstimate": 14.85, "epsDifference": -0.99, "surprisePercent": -0.067, "quarter": "2017-12-31", "period": "-3q"}, {"maxAge": 1, "epsActual": 14.49, "epsEstimate": 16.1, "epsDifference": -1.61, "surprisePercent": -0.1, "quarter": "2018-03-31", "period": "-2q"}, {"maxAge": 1, "epsActual": 20.9, "epsEstimate": 17.93, "epsDifference": 2.97, "surprisePercent": 0.16600001, "quarter": "2018-09-30", "period": "-1q"}], "maxAge": 86400}, "indexTrend": {"maxAge": 1, "symbol": "SP5", "peRatio": 19.7411, "pegRatio": 1.34172, "estimates": [{"period": "0q", "growth": 0.549}, {"period": "+1q", "growth": 0.431}, {"period": "0y", "growth": 0.305}, {"period": "+1y", "growth": 0.109}, {"period": "+5y", "growth": 0.120865}, {"period": "-5y"}]}, "industryTrend": {"maxAge": 1, "symbol": null, "estimates": []}, "insiderTransactions": {"transactions": [{"maxAge": 1, "shares": 177586, "filerUrl": "", "transactionText": "", "filerName": "Mahindra & Mahindra Ltd", "filerRelation": "UNREPORTED", "moneyText": "", "startDate": "2019-06-03", "ownership": "D"}], "maxAge": 1}, "quoteType": {"exchange": "BSE", "quoteType": "EQUITY", "symbol": "SWARAJENG.BO", "underlyingSymbol": "SWARAJENG.BO", "shortName": "SWARAJ ENGINES LTD.", "longName": "Swaraj Engines Limited", "firstTradeDateEpochUtc": "2000-01-03 09:15:00", "timeZoneFullName": "Asia/Kolkata", "timeZoneShortName": "IST", "uuid": "40ca3b3d-9657-3bed-bef6-e84ee252fef7", "gmtOffSetMilliseconds": 19800000, "maxAge": 1}, "incomeStatementHistory": {"incomeStatementHistory": [{"maxAge": 1, "endDate": "2020-03-31", "totalRevenue": 7732957000, "costOfRevenue": 5986908000, "grossProfit": 1746049000, "researchDevelopment": {}, "sellingGeneralAdministrative": 426550000, "nonRecurring": {}, "otherOperatingExpenses": 313638000, "totalOperatingExpenses": 6928418000, "operatingIncome": 804539000, "totalOtherIncomeExpenseNet": 126186000, "ebit": 804539000, "interestExpense": -116000, "incomeBeforeTax": 930725000, "incomeTaxExpense": 220303000, "minorityInterest": {}, "netIncomeFromContinuingOps": 710422000, "discontinuedOperations": {}, "extraordinaryItems": {}, "effectOfAccountingCharges": {}, "otherItems": {}, "netIncome": 710422000, "netIncomeApplicableToCommonShares": 710422000}, {"maxAge": 1, "endDate": "2019-03-31", "totalRevenue": 8717372000, "costOfRevenue": 6631906000, "grossProfit": 2085466000, "researchDevelopment": {}, "sellingGeneralAdministrative": 402133000, "nonRecurring": {}, "otherOperatingExpenses": 365472000, "totalOperatingExpenses": 7594894000, "operatingIncome": 1122478000, "totalOtherIncomeExpenseNet": 151504000, "ebit": 1122478000, "interestExpense": -899000, "incomeBeforeTax": 1273982000, "incomeTaxExpense": 449774000, "minorityInterest": {}, "netIncomeFromContinuingOps": 824208000, "discontinuedOperations": {}, "extraordinaryItems": {}, "effectOfAccountingCharges": {}, "otherItems": {}, "netIncome": 824208000, "netIncomeApplicableToCommonShares": 824208000}, {"maxAge": 1, "endDate": "2018-03-31", "totalRevenue": 7711568000, "costOfRevenue": 5796250000, "grossProfit": 1915318000, "researchDevelopment": {}, "sellingGeneralAdministrative": 359755000, "nonRecurring": {}, "otherOperatingExpenses": 338375000, "totalOperatingExpenses": 6662581000, "operatingIncome": 1048987000, "totalOtherIncomeExpenseNet": 178158000, "ebit": 1048987000, "interestExpense": -10078000, "incomeBeforeTax": 1227145000, "incomeTaxExpense": 426150000, "minorityInterest": {}, "netIncomeFromContinuingOps": 800995000, "discontinuedOperations": {}, "extraordinaryItems": {}, "effectOfAccountingCharges": {}, "otherItems": {}, "netIncome": 800995000, "netIncomeApplicableToCommonShares": 800995000}, {"maxAge": 1, "endDate": "2017-03-31", "totalRevenue": 6661443000, "costOfRevenue": 4998926000, "grossProfit": 1662517000, "researchDevelopment": {}, "sellingGeneralAdministrative": 321696000, "nonRecurring": {}, "otherOperatingExpenses": 294017000, "totalOperatingExpenses": 5777446000, "operatingIncome": 883997000, "totalOtherIncomeExpenseNet": 170615000, "ebit": 883997000, "interestExpense": -94000, "incomeBeforeTax": 1054612000, "incomeTaxExpense": 366261000, "minorityInterest": {}, "netIncomeFromContinuingOps": 688351000, "discontinuedOperations": {}, "extraordinaryItems": {}, "effectOfAccountingCharges": {}, "otherItems": {}, "netIncome": 688351000, "netIncomeApplicableToCommonShares": 688351000}], "maxAge": 86400}, "fundOwnership": {"ownershipList": [{"maxAge": 1, "reportDate": "2020-07-31", "organization": "DFA Emerging Markets Small Cap Series", "pctHeld": 0.0023, "position": 28164, "value": 38045339}, {"maxAge": 1, "reportDate": "2020-07-31", "organization": "DFA Emerging Markets Core Equity Portfolio", "pctHeld": 0.0018000001, "position": 21440, "value": 28962224}, {"maxAge": 1, "reportDate": "2020-07-31", "organization": "DFA Investment Dimensions-Emerging Markets Social Core Equity", "pctHeld": 0.0002, "position": 2273, "value": 3070482}, {"maxAge": 1, "reportDate": "2020-07-31", "organization": "DFA T.A. World Ex U.S. Core Equity Portfolio", "pctHeld": 0.0001, "position": 1454, "value": 1964135}, {"maxAge": 1, "reportDate": "2020-07-31", "organization": "DFA Emerging Markets Sustainability Core 1 Portfolio", "pctHeld": 0.0001, "position": 1248, "value": 1685860}, {"maxAge": 1, "reportDate": "2020-07-31", "organization": "DFA Investment Dimensions-World Ex U.S. Core Equity Port", "pctHeld": 0.0001, "position": 1242, "value": 1677755}], "maxAge": 1}, "summaryDetail": {"maxAge": 1, "priceHint": 2, "previousClose": 1487.0, "open": 1479.9, "dayLow": 1465.0, "dayHigh": 1490.0, "regularMarketPreviousClose": 1487.0, "regularMarketOpen": 1479.9, "regularMarketDayLow": 1465.0, "regularMarketDayHigh": 1490.0, "trailingPE": 28.8168, "forwardPE": 22.077017, "volume": 889, "regularMarketVolume": 889, "averageVolume": 1028, "averageVolume10days": 1155, "averageDailyVolume10Day": 1155, "bid": 1465.0, "ask": 1499.95, "bidSize": 0, "askSize": 0, "marketCap": 17836154880, "fiftyTwoWeekLow": 807.35, "fiftyTwoWeekHigh": 1708.95, "fiftyDayAverage": 1380.2363, "twoHundredDayAverage": 1449.2614, "trailingAnnualDividendRate": 25.0, "trailingAnnualDividendYield": 0.016812375, "currency": "INR", "fromCurrency": null, "lastMarket": null, "algorithm": null, "tradeable": false}, "sectorTrend": {"maxAge": 1, "symbol": null, "estimates": []}, "incomeStatementHistoryQuarterly": {"incomeStatementHistory": [{"maxAge": 1, "endDate": "2020-06-30", "totalRevenue": 1169900000, "costOfRevenue": 879800000, "grossProfit": 290100000, "researchDevelopment": {}, "sellingGeneralAdministrative": 94700000, "nonRecurring": {}, "otherOperatingExpenses": 66600000, "totalOperatingExpenses": 1083400000, "operatingIncome": 86500000, "totalOtherIncomeExpenseNet": 20600000, "ebit": 86500000, "interestExpense": {}, "incomeBeforeTax": 107100000, "incomeTaxExpense": 28700000, "minorityInterest": {}, "netIncomeFromContinuingOps": 78400000, "discontinuedOperations": {}, "extraordinaryItems": {}, "effectOfAccountingCharges": {}, "otherItems": {}, "netIncome": 78400000, "netIncomeApplicableToCommonShares": 78400000}, {"maxAge": 1, "endDate": "2020-03-31", "totalRevenue": 1751257000, "costOfRevenue": 1389008000, "grossProfit": 362249000, "researchDevelopment": {}, "sellingGeneralAdministrative": 108050000, "nonRecurring": {}, "otherOperatingExpenses": 18838000, "totalOperatingExpenses": 1565018000, "operatingIncome": 186239000, "totalOtherIncomeExpenseNet": 28086000, "ebit": 186239000, "interestExpense": -16000, "incomeBeforeTax": 214325000, "incomeTaxExpense": 55903000, "minorityInterest": {}, "netIncomeFromContinuingOps": 158422000, "discontinuedOperations": {}, "extraordinaryItems": {}, "effectOfAccountingCharges": {}, "otherItems": {}, "netIncome": 158422000, "netIncomeApplicableToCommonShares": 158422000}, {"maxAge": 1, "endDate": "2019-12-31", "totalRevenue": 1700700000, "costOfRevenue": 1309200000, "grossProfit": 391500000, "researchDevelopment": {}, "sellingGeneralAdministrative": 106600000, "nonRecurring": {}, "otherOperatingExpenses": 88000000, "totalOperatingExpenses": 1555000000, "operatingIncome": 145700000, "totalOtherIncomeExpenseNet": 27600000, "ebit": 145700000, "interestExpense": -16000, "incomeBeforeTax": 173300000, "incomeTaxExpense": 44400000, "minorityInterest": {}, "netIncomeFromContinuingOps": 128900000, "discontinuedOperations": {}, "extraordinaryItems": {}, "effectOfAccountingCharges": {}, "otherItems": {}, "netIncome": 128900000, "netIncomeApplicableToCommonShares": 128900000}, {"maxAge": 1, "endDate": "2019-09-30", "totalRevenue": 2227200000, "costOfRevenue": 1712900000, "grossProfit": 514300000, "researchDevelopment": {}, "sellingGeneralAdministrative": 108900000, "nonRecurring": {}, "otherOperatingExpenses": 105400000, "totalOperatingExpenses": 1980600000, "operatingIncome": 246600000, "totalOtherIncomeExpenseNet": 34300000, "ebit": 246600000, "interestExpense": -100000, "incomeBeforeTax": 280900000, "incomeTaxExpense": 27000000, "minorityInterest": {}, "netIncomeFromContinuingOps": 253900000, "discontinuedOperations": {}, "extraordinaryItems": {}, "effectOfAccountingCharges": {}, "otherItems": {}, "netIncome": 253900000, "netIncomeApplicableToCommonShares": 253900000}], "maxAge": 86400}, "cashflowStatementHistoryQuarterly": {"cashflowStatements": [{"maxAge": 1, "endDate": "2020-06-30", "netIncome": 78400000, "changeToLiabilities": 0}, {"maxAge": 1, "endDate": "2020-03-31", "netIncome": 158422000, "changeToLiabilities": 0}, {"maxAge": 1, "endDate": "2019-12-31", "netIncome": 128900000, "changeToLiabilities": 0}, {"maxAge": 1, "endDate": "2019-09-30", "netIncome": 253900000, "changeToLiabilities": 0}], "maxAge": 86400}, "insiderHolders": {"holders": [{"maxAge": 1, "name": "Mahindra & Mahindra Ltd", "relation": "UNREPORTED", "url": "", "transactionDescription": "Acquisition", "latestTransDate": "2019-06-03", "positionDirect": 4216792, "positionDirectDate": "2019-06-03"}], "maxAge": 1}, "earnings": {"maxAge": 86400, "earningsChart": {"quarterly": [{"date": "3Q2017", "actual": 18.89, "estimate": 17.61}, {"date": "4Q2017", "actual": 13.86, "estimate": 14.85}, {"date": "1Q2018", "actual": 14.49, "estimate": 16.1}, {"date": "3Q2018", "actual": 20.9, "estimate": 17.93}], "currentQuarterEstimateDate": "4Q", "currentQuarterEstimateYear": 2018, "earningsDate": []}, "financialsChart": {"yearly": [{"date": 2017, "revenue": 6661443000, "earnings": 688351000}, {"date": 2018, "revenue": 7711568000, "earnings": 800995000}, {"date": 2019, "revenue": 8717372000, "earnings": 824208000}, {"date": 2020, "revenue": 7732957000, "earnings": 710422000}], "quarterly": [{"date": "3Q2019", "revenue": 2227200000, "earnings": 253900000}, {"date": "4Q2019", "revenue": 1700700000, "earnings": 128900000}, {"date": "1Q2020", "revenue": 1751257000, "earnings": 158422000}, {"date": "2Q2020", "revenue": 1169900000, "earnings": 78400000}]}, "financialCurrency": "INR"}, "calendarEvents": {"maxAge": 1, "earnings": {"earningsDate": []}}, "upgradeDowngradeHistory": {"history": [], "maxAge": 86400}, "price": {"maxAge": 1, "regularMarketChangePercent": -0.011062508, "regularMarketChange": -16.449951, "regularMarketTime": "2021-04-30 15:29:51", "priceHint": 2, "regularMarketPrice": 1470.55, "regularMarketDayHigh": 1490.0, "regularMarketDayLow": 1465.0, "regularMarketVolume": 889, "averageDailyVolume10Day": 1155, "averageDailyVolume3Month": 1028, "regularMarketPreviousClose": 1487.0, "regularMarketSource": "FREE_REALTIME", "regularMarketOpen": 1479.9, "exchange": "BSE", "exchangeName": "BSE", "exchangeDataDelayedBy": 0, "marketState": "CLOSED", "quoteType": "EQUITY", "symbol": "SWARAJENG.BO", "underlyingSymbol": null, "shortName": "SWARAJ ENGINES LTD.", "longName": "Swaraj Engines Limited", "currency": "INR", "quoteSourceName": "Delayed Quote", "currencySymbol": "\u20b9", "fromCurrency": null, "lastMarket": null, "marketCap": 17836154880}, "balanceSheetHistory": {"balanceSheetStatements": [{"maxAge": 1, "endDate": "2020-03-31", "cash": 22422000, "shortTermInvestments": 100000000, "netReceivables": 60065000, "inventory": 370098000, "otherCurrentAssets": 761989000, "totalCurrentAssets": 2428303000, "propertyPlantEquipment": 1063468000, "intangibleAssets": 375000, "otherAssets": 58212000, "totalAssets": 3550358000, "accountsPayable": 889901000, "otherCurrentLiab": 70014000, "otherLiab": 88840000, "deferredLongTermLiab": 8921000, "totalCurrentLiabilities": 1102573000, "totalLiab": 1191413000, "commonStock": 121322000, "retainedEarnings": 2228767000, "treasuryStock": 1831000, "capitalSurplus": 7025000, "otherStockholderEquity": 1831000, "totalStockholderEquity": 2358945000, "netTangibleAssets": 2358570000}, {"maxAge": 1, "endDate": "2019-03-31", "cash": 27139000, "shortTermInvestments": 203000000, "netReceivables": 213028000, "inventory": 474397000, "otherCurrentAssets": 706929000, "totalCurrentAssets": 2465081000, "propertyPlantEquipment": 1103741000, "intangibleAssets": 556000, "otherAssets": 93447000, "totalAssets": 3662825000, "accountsPayable": 944052000, "otherCurrentLiab": 94244000, "otherLiab": 111380000, "deferredLongTermLiab": 13381000, "totalCurrentLiabilities": 1171620000, "totalLiab": 1283000000, "commonStock": 121289000, "retainedEarnings": 2249445000, "treasuryStock": 5525000, "capitalSurplus": 3566000, "otherStockholderEquity": 5525000, "totalStockholderEquity": 2379825000, "netTangibleAssets": 2379269000}, {"maxAge": 1, "endDate": "2018-03-31", "cash": 30474000, "shortTermInvestments": 566900000, "netReceivables": 195767000, "inventory": 319200000, "otherCurrentAssets": 511697000, "totalCurrentAssets": 2387064000, "propertyPlantEquipment": 957992000, "intangibleAssets": 833000, "otherAssets": 129102000, "totalAssets": 3474991000, "accountsPayable": 883776000, "otherCurrentLiab": 74528000, "otherLiab": 93510000, "deferredLongTermLiab": 17842000, "totalCurrentLiabilities": 1096486000, "totalLiab": 1189996000, "commonStock": 121267000, "retainedEarnings": 2156205000, "treasuryStock": 6198000, "capitalSurplus": 1325000, "otherStockholderEquity": 6198000, "totalStockholderEquity": 2284995000, "netTangibleAssets": 2284162000}, {"maxAge": 1, "endDate": "2017-03-31", "cash": 19906000, "shortTermInvestments": 1703400000, "netReceivables": 192464000, "inventory": 260827000, "otherCurrentAssets": 94496000, "totalCurrentAssets": 2762295000, "propertyPlantEquipment": 913000000, "intangibleAssets": 5364000, "otherAssets": 40918000, "totalAssets": 3721577000, "accountsPayable": 609954000, "otherCurrentLiab": 42428000, "otherLiab": 91555000, "totalCurrentLiabilities": 796328000, "totalLiab": 887883000, "commonStock": 124198000, "retainedEarnings": 2705372000, "treasuryStock": 4124000, "otherStockholderEquity": 4124000, "totalStockholderEquity": 2833694000, "netTangibleAssets": 2828330000}], "maxAge": 86400}, "earningsTrend": {"trend": [{"maxAge": 1, "period": "0q", "endDate": "2018-12-31", "growth": {}, "earningsEstimate": {"avg": 0.0, "low": 0.0, "high": 0.0, "yearAgoEps": 18.89, "numberOfAnalysts": 0, "growth": {}}, "revenueEstimate": {"avg": 0, "low": 0, "high": 0, "numberOfAnalysts": 0, "yearAgoRevenue": {}, "growth": {}}, "epsTrend": {"current": 0.0, "7daysAgo": 0.0, "30daysAgo": 0.0, "60daysAgo": 0.0, "90daysAgo": 0.0}, "epsRevisions": {"upLast7days": 0, "upLast30days": 0, "downLast30days": 0, "downLast90days": {}}}, {"maxAge": 1, "period": "+1q", "endDate": "2019-03-31", "growth": {}, "earningsEstimate": {"avg": 0.0, "low": 0.0, "high": 0.0, "yearAgoEps": 13.86, "numberOfAnalysts": 0, "growth": {}}, "revenueEstimate": {"avg": 0, "low": 0, "high": 0, "numberOfAnalysts": 0, "yearAgoRevenue": {}, "growth": {}}, "epsTrend": {"current": 0.0, "7daysAgo": 0.0, "30daysAgo": 0.0, "60daysAgo": 0.0, "90daysAgo": 0.0}, "epsRevisions": {"upLast7days": 0, "upLast30days": 0, "downLast30days": 0, "downLast90days": {}}}, {"maxAge": 1, "period": "0y", "endDate": "2019-03-31", "growth": {}, "earningsEstimate": {"avg": 0.0, "low": 0.0, "high": 0.0, "yearAgoEps": {}, "numberOfAnalysts": 0, "growth": {}}, "revenueEstimate": {"avg": 9142910000, "low": 8882000000, "high": 9692000000, "numberOfAnalysts": 7, "yearAgoRevenue": 7711600000, "growth": 0.186}, "epsTrend": {"current": 0.0, "7daysAgo": 76.5, "30daysAgo": 76.5, "60daysAgo": 76.5, "90daysAgo": 76.5}, "epsRevisions": {"upLast7days": 0, "upLast30days": 1, "downLast30days": 0, "downLast90days": {}}}, {"maxAge": 1, "period": "+1y", "endDate": "2020-03-31", "growth": {}, "earningsEstimate": {"avg": 0.0, "low": 0.0, "high": 0.0, "yearAgoEps": {}, "numberOfAnalysts": 0, "growth": {}}, "revenueEstimate": {"avg": 9978200000, "low": 9372000000, "high": 10558000000, "numberOfAnalysts": 8, "yearAgoRevenue": 9142910000, "growth": 0.091000006}, "epsTrend": {"current": 0.0, "7daysAgo": 84.84, "30daysAgo": 84.84, "60daysAgo": 84.84, "90daysAgo": 84.84}, "epsRevisions": {"upLast7days": 0, "upLast30days": 1, "downLast30days": 0, "downLast90days": {}}}, {"maxAge": 1, "period": "+5y", "endDate": null, "growth": 0.785, "earningsEstimate": {"avg": {}, "low": {}, "high": {}, "yearAgoEps": {}, "numberOfAnalysts": {}, "growth": {}}, "revenueEstimate": {"avg": {}, "low": {}, "high": {}, "numberOfAnalysts": {}, "yearAgoRevenue": {}, "growth": {}}, "epsTrend": {"current": {}, "7daysAgo": {}, "30daysAgo": {}, "60daysAgo": {}, "90daysAgo": {}}, "epsRevisions": {"upLast7days": {}, "upLast30days": {}, "downLast30days": {}, "downLast90days": {}}}, {"maxAge": 1, "period": "-5y", "endDate": null, "growth": {}, "earningsEstimate": {"avg": {}, "low": {}, "high": {}, "yearAgoEps": {}, "numberOfAnalysts": {}, "growth": {}}, "revenueEstimate": {"avg": {}, "low": {}, "high": {}, "numberOfAnalysts": {}, "yearAgoRevenue": {}, "growth": {}}, "epsTrend": {"current": {}, "7daysAgo": {}, "30daysAgo": {}, "60daysAgo": {}, "90daysAgo": {}}, "epsRevisions": {"upLast7days": {}, "upLast30days": {}, "downLast30days": {}, "downLast90days": {}}}], "maxAge": 1}, "financialData": {"maxAge": 86400, "currentPrice": 1470.55, "targetHighPrice": 2498.0, "targetLowPrice": 1450.0, "targetMeanPrice": 1875.86, "targetMedianPrice": 1794.0, "recommendationKey": "none", "numberOfAnalystOpinions": 7, "grossProfits": 1746049000, "financialCurrency": "INR"}}}