{"SWARAJENG.NS": {"assetProfile": {"address1": "Phase-IV, Industrial Area", "address2": "S.A.S. Nagar", "city": "Mohali", "zip": "160055", "country": "India", "phone": "91 17 2227 1620", "fax": "91 17 2227 2731", "website": "http://www.swarajenterprise.com", "industry": "Auto Parts", "sector": "Consumer Cyclical", "longBusinessSummary": "Swaraj Engines Limited manufactures and sells diesel engines, diesel engine components, and spare parts for tractors in India. The company was incorporated in 1985 and is based in Mohali, India.", "companyOfficers": [{"maxAge": 1, "name": "Mr. Maninder S. Grewal", "title": "CEO & Whole Time Director", "fiscalYear": 2020, "totalPay": 911000, "exercisedValue": 0, "unexercisedValue": 0}, {"maxAge": 1, "name": "Mr. Rajinder  Arora", "title": "Chief Financial Officer", "fiscalYear": 2020, "totalPay": 4550000, "exercisedValue": 0, "unexercisedValue": 0}, {"maxAge": 1, "name": "Mr. Rajesh Kumar Kapila", "title": "Compliance Officer & Company Sec.", "exercisedValue": 0, "unexercisedValue": 0}], "compensationAsOfEpochDate": "2020-12-31 05:30:00", "maxAge": 86400}, "recommendationTrend": {"trend": [{"period": "0m", "strongBuy": 0, "buy": 0, "hold": 0, "sell": 0, "strongSell": 0}, {"period": "-1m", "strongBuy": 0, "buy": 0, "hold": 0, "sell": 0, "strongSell": 0}, {"period": "-2m", "strongBuy": 0, "buy": 0, "hold": 0, "sell": 0, "strongSell": 0}, {"period": "-3m", "strongBuy": 0, "buy": 0, "hold": 0, "sell": 0, "strongSell": 0}], "maxAge": 86400}, "cashflowStatementHistory": {"cashflowStatements": [{"maxAge": 1, "endDate": "2021-03-31", "netIncome": 925400000, "depreciation": 197700000, "changeToNetincome": -118100000, "changeToAccountReceivables": -1107300000, "changeToLiabilities": 629400000, "changeToInventory": -247000000, "totalCashFromOperatingActivities": 280100000, "capitalExpenditures": -56200000, "investments": 530900000, "otherCashflowsFromInvestingActivities": 85700000, "totalCashflowsFromInvestingActivities": 562600000, "dividendsPaid": -487300000, "totalCashFromFinancingActivities": -487200000, "changeInCash": 355500000, "issuanceOfStock": 100000}, {"maxAge": 1, "endDate": "2020-03-31", "netIncome": 710422000, "depreciation": 196681000, "changeToNetincome": -149285000, "changeToAccountReceivables": 200939000, "changeToLiabilities": -71614000, "changeToInventory": 104299000, "totalCashFromOperatingActivities": 996083000, "capitalExpenditures": -157668000, "investments": -197836000, "otherCashflowsFromInvestingActivities": 84872000, "totalCashflowsFromInvestingActivities": -269453000, "dividendsPaid": -240982000, "otherCashflowsFromFinancingActivities": -124798000, "totalCashFromFinancingActivities": -731347000, "changeInCash": -4717000, "issuanceOfStock": 33000}, {"maxAge": 1, "endDate": "2019-03-31", "netIncome": 824208000, "depreciation": 190648000, "changeToNetincome": -144123000, "changeToAccountReceivables": -106621000, "changeToLiabilities": 74027000, "changeToInventory": -155197000, "totalCashFromOperatingActivities": 687677000, "capitalExpenditures": -340150000, "investments": 261433000, "otherCashflowsFromInvestingActivities": 110610000, "totalCashflowsFromInvestingActivities": 37782000, "dividendsPaid": -727907000, "otherCashflowsFromFinancingActivities": -909000, "totalCashFromFinancingActivities": -728794000, "changeInCash": -3335000, "issuanceOfStock": 22000}, {"maxAge": 1, "endDate": "2018-03-31", "netIncome": 800995000, "depreciation": 167890000, "changeToNetincome": -185730000, "changeToAccountReceivables": -135982000, "changeToLiabilities": 304078000, "changeToInventory": -58373000, "totalCashFromOperatingActivities": 893189000, "capitalExpenditures": -233538000, "investments": 541144000, "otherCashflowsFromInvestingActivities": 158449000, "totalCashflowsFromInvestingActivities": 474799000, "dividendsPaid": -329440651, "otherCashflowsFromFinancingActivities": -10110000, "totalCashFromFinancingActivities": -1357419999, "changeInCash": 10568000, "repurchaseOfStock": -707390000, "issuanceOfStock": 16000}], "maxAge": 86400}, "indexTrend": {"maxAge": 1, "symbol": "SP5", "peRatio": 19.7411, "pegRatio": 1.34172, "estimates": [{"period": "0q", "growth": 0.549}, {"period": "+1q", "growth": 0.431}, {"period": "0y", "growth": 0.305}, {"period": "+1y", "growth": 0.109}, {"period": "+5y", "growth": 0.120865}, {"period": "-5y"}]}, "defaultKeyStatistics": {"maxAge": 1, "priceHint": 2, "enterpriseValue": 16399433728, "forwardPE": 17.008907, "profitMargins": 0.0938, "floatShares": 5162895, "sharesOutstanding": 12140600, "heldPercentInsiders": 0.55548, "heldPercentInstitutions": 0.12470999, "beta": 0.482412, "category": null, "bookValue": 231.281, "priceToBook": 6.3569856, "fundFamily": null, "legalType": null, "lastFiscalYearEnd": "2021-03-31 05:30:00", "nextFiscalYearEnd": "2023-03-31 05:30:00", "mostRecentQuarter": "2021-03-31 05:30:00", "earningsQuarterlyGrowth": 1.055, "netIncomeToCommon": 925400000, "trailingEps": 76.2, "forwardEps": 86.44, "pegRatio": 0.29, "lastSplitFactor": "3:1", "lastSplitDate": "2005-08-12 05:30:00", "enterpriseToRevenue": 1.662, "enterpriseToEbitda": 12.089}, "industryTrend": {"maxAge": 1, "symbol": null, "estimates": []}, "quoteType": {"exchange": "NSI", "quoteType": "EQUITY", "symbol": "SWARAJENG.NS", "underlyingSymbol": "SWARAJENG.NS", "shortName": "SWARAJ ENGINES", "longName": "Swaraj Engines Limited", "firstTradeDateEpochUtc": "2002-07-01 09:15:00", "timeZoneFullName": "Asia/Kolkata", "timeZoneShortName": "IST", "uuid": "1c9f822b-2e50-308d-81cd-acff8ea72bd5", "gmtOffSetMilliseconds": 19800000, "maxAge": 1}, "incomeStatementHistory": {"incomeStatementHistory": [{"maxAge": 1, "endDate": "2021-03-31", "totalRevenue": 9865700000, "costOfRevenue": 7656900000, "grossProfit": 2208800000, "researchDevelopment": {}, "sellingGeneralAdministrative": 428900000, "nonRecurring": {}, "otherOperatingExpenses": 423300000, "totalOperatingExpenses": 8706800000, "operatingIncome": 1158900000, "totalOtherIncomeExpenseNet": 85900000, "ebit": 1158900000, "interestExpense": {}, "incomeBeforeTax": 1244800000, "incomeTaxExpense": 319400000, "minorityInterest": {}, "netIncomeFromContinuingOps": 925400000, "discontinuedOperations": {}, "extraordinaryItems": {}, "effectOfAccountingCharges": {}, "otherItems": {}, "netIncome": 925400000, "netIncomeApplicableToCommonShares": 925400000}, {"maxAge": 1, "endDate": "2020-03-31", "totalRevenue": 7732957000, "costOfRevenue": 5986908000, "grossProfit": 1746049000, "researchDevelopment": {}, "sellingGeneralAdministrative": 426550000, "nonRecurring": {}, "otherOperatingExpenses": 313638000, "totalOperatingExpenses": 6928418000, "operatingIncome": 804539000, "totalOtherIncomeExpenseNet": 126186000, "ebit": 804539000, "interestExpense": -116000, "incomeBeforeTax": 930725000, "incomeTaxExpense": 220303000, "minorityInterest": {}, "netIncomeFromContinuingOps": 710422000, "discontinuedOperations": {}, "extraordinaryItems": {}, "effectOfAccountingCharges": {}, "otherItems": {}, "netIncome": 710422000, "netIncomeApplicableToCommonShares": 710422000}, {"maxAge": 1, "endDate": "2019-03-31", "totalRevenue": 8717372000, "costOfRevenue": 6631906000, "grossProfit": 2085466000, "researchDevelopment": {}, "sellingGeneralAdministrative": 402133000, "nonRecurring": {}, "otherOperatingExpenses": 365472000, "totalOperatingExpenses": 7594894000, "operatingIncome": 1122478000, "totalOtherIncomeExpenseNet": 151504000, "ebit": 1122478000, "interestExpense": -899000, "incomeBeforeTax": 1273982000, "incomeTaxExpense": 449774000, "minorityInterest": {}, "netIncomeFromContinuingOps": 824208000, "discontinuedOperations": {}, "extraordinaryItems": {}, "effectOfAccountingCharges": {}, "otherItems": {}, "netIncome": 824208000, "netIncomeApplicableToCommonShares": 824208000}, {"maxAge": 1, "endDate": "2018-03-31", "totalRevenue": 7711568000, "costOfRevenue": 5796250000, "grossProfit": 1915318000, "researchDevelopment": {}, "sellingGeneralAdministrative": 359755000, "nonRecurring": {}, "otherOperatingExpenses": 338375000, "totalOperatingExpenses": 6662581000, "operatingIncome": 1048987000, "totalOtherIncomeExpenseNet": 178158000, "ebit": 1048987000, "interestExpense": -10078000, "incomeBeforeTax": 1227145000, "incomeTaxExpense": 426150000, "minorityInterest": {}, "netIncomeFromContinuingOps": 800995000, "discontinuedOperations": {}, "extraordinaryItems": {}, "effectOfAccountingCharges": {}, "otherItems": {}, "netIncome": 800995000, "netIncomeApplicableToCommonShares": 800995000}], "maxAge": 86400}, "fundOwnership": {"ownershipList": [{"maxAge": 1, "reportDate": "2021-01-31", "organization": "DFA Emerging Markets Small Cap Series", "pctHeld": 0.0021, "position": 25377, "value": 33066231}, {"maxAge": 1, "reportDate": "2021-01-31", "organization": "DFA Emerging Markets Core Equity Portfolio", "pctHeld": 0.0018000001, "position": 21440, "value": 27936320}, {"maxAge": 1, "reportDate": "2021-01-31", "organization": "DFA Investment Dimensions-Emerging Markets Social Core Equity", "pctHeld": 0.0002, "position": 2273, "value": 2961719}, {"maxAge": 1, "reportDate": "2021-01-31", "organization": "DFA T.A. World Ex U.S. Core Equity Portfolio", "pctHeld": 0.0001, "position": 1454, "value": 1894562}, {"maxAge": 1, "reportDate": "2021-01-31", "organization": "DFA Emerging Markets Sustainability Core 1 Portfolio", "pctHeld": 0.0001, "position": 1248, "value": 1626144}, {"maxAge": 1, "reportDate": "2021-01-31", "organization": "DFA Investment Dimensions-World Ex U.S. Core Equity Port", "pctHeld": 0.0001, "position": 1242, "value": 1618326}], "maxAge": 1}, "summaryDetail": {"maxAge": 1, "priceHint": 2, "previousClose": 1487.9, "open": 1494.9, "dayLow": 1463.8, "dayHigh": 1494.9, "regularMarketPreviousClose": 1487.9, "regularMarketOpen": 1494.9, "regularMarketDayLow": 1463.8, "regularMarketDayHigh": 1494.9, "dividendRate": 50.0, "dividendYield": 0.0336, "exDividendDate": "2021-07-01 05:30:00", "payoutRatio": 0.32810003, "fiveYearAvgDividendYield": 1.52, "beta": 0.482412, "trailingPE": 19.29462, "forwardPE": 17.008907, "volume": 5817, "regularMarketVolume": 5817, "averageVolume": 16621, "averageVolume10days": 6485, "averageDailyVolume10Day": 6485, "bid": 0.0, "ask": 0.0, "bidSize": 0, "askSize": 0, "marketCap": 17838985216, "fiftyTwoWeekLow": 899.95, "fiftyTwoWeekHigh": 1699.95, "priceToSalesTrailing12Months": 1.8081824, "fiftyDayAverage": 1339.1721, "twoHundredDayAverage": 1380.4639, "trailingAnnualDividendRate": 50.0, "trailingAnnualDividendYield": 0.03360441, "currency": "INR", "fromCurrency": null, "lastMarket": null, "algorithm": null, "tradeable": false}, "insiderHolders": {"holders": [{"maxAge": 1, "name": "Mahindra & Mahindra Ltd", "relation": "UNREPORTED", "url": "", "transactionDescription": "Acquisition", "latestTransDate": "2019-06-03", "positionDirect": 4216792, "positionDirectDate": "2019-06-03"}], "maxAge": 1}, "calendarEvents": {"maxAge": 1, "earnings": {"earningsDate": []}, "exDividendDate": "2021-07-01 05:30:00"}, "upgradeDowngradeHistory": {"history": [], "maxAge": 86400}, "price": {"maxAge": 1, "regularMarketChangePercent": -0.011862373, "regularMarketChange": -17.650024, "regularMarketTime": "2021-04-30 15:29:53", "priceHint": 2, "regularMarketPrice": 1470.25, "regularMarketDayHigh": 1494.9, "regularMarketDayLow": 1463.8, "regularMarketVolume": 5817, "averageDailyVolume10Day": 6485, "averageDailyVolume3Month": 16621, "regularMarketPreviousClose": 1487.9, "regularMarketSource": "FREE_REALTIME", "regularMarketOpen": 1494.9, "exchange": "NSI", "exchangeName": "NSE", "exchangeDataDelayedBy": 15, "marketState": "CLOSED", "quoteType": "EQUITY", "symbol": "SWARAJENG.NS", "underlyingSymbol": null, "shortName": "SWARAJ ENGINES", "longName": "Swaraj Engines Limited", "currency": "INR", "quoteSourceName": "Delayed Quote", "currencySymbol": "\u20b9", "fromCurrency": null, "lastMarket": null, "marketCap": 17838985216}, "balanceSheetHistory": {"balanceSheetStatements": [{"maxAge": 1, "endDate": "2021-03-31", "cash": 1174600000, "shortTermInvestments": 475900000, "netReceivables": 1133800000, "inventory": 617100000, "otherCurrentAssets": 192300000, "totalCurrentAssets": 3593700000, "propertyPlantEquipment": 924100000, "intangibleAssets": 4800000, "otherAssets": 61200000, "totalAssets": 4583800000, "accountsPayable": 1638600000, "otherCurrentLiab": 76800000, "otherLiab": 62700000, "totalCurrentLiabilities": 1715400000, "totalLiab": 1778100000, "commonStock": 121400000, "treasuryStock": 2684300000, "otherStockholderEquity": 2684300000, "totalStockholderEquity": 2805700000, "netTangibleAssets": 2800900000}, {"maxAge": 1, "endDate": "2020-03-31", "cash": 22422000, "shortTermInvestments": 100000000, "netReceivables": 60065000, "inventory": 370098000, "otherCurrentAssets": 761989000, "totalCurrentAssets": 2428303000, "propertyPlantEquipment": 1063468000, "intangibleAssets": 375000, "otherAssets": 58212000, "totalAssets": 3550358000, "accountsPayable": 889901000, "otherCurrentLiab": 70014000, "otherLiab": 88840000, "deferredLongTermLiab": 8921000, "totalCurrentLiabilities": 1102573000, "totalLiab": 1191413000, "commonStock": 121322000, "retainedEarnings": 2228767000, "treasuryStock": 1831000, "capitalSurplus": 7025000, "otherStockholderEquity": 1831000, "totalStockholderEquity": 2358945000, "netTangibleAssets": 2358570000}, {"maxAge": 1, "endDate": "2019-03-31", "cash": 27139000, "shortTermInvestments": 203000000, "netReceivables": 213028000, "inventory": 474397000, "otherCurrentAssets": 706929000, "totalCurrentAssets": 2465081000, "propertyPlantEquipment": 1103741000, "intangibleAssets": 556000, "otherAssets": 93447000, "totalAssets": 3662825000, "accountsPayable": 944052000, "otherCurrentLiab": 94244000, "otherLiab": 111380000, "deferredLongTermLiab": 13381000, "totalCurrentLiabilities": 1171620000, "totalLiab": 1283000000, "commonStock": 121289000, "retainedEarnings": 2249445000, "treasuryStock": 5525000, "capitalSurplus": 3566000, "otherStockholderEquity": 5525000, "totalStockholderEquity": 2379825000, "netTangibleAssets": 2379269000}, {"maxAge": 1, "endDate": "2018-03-31", "cash": 30474000, "shortTermInvestments": 566900000, "netReceivables": 195767000, "inventory": 319200000, "otherCurrentAssets": 511697000, "totalCurrentAssets": 2387064000, "propertyPlantEquipment": 957992000, "intangibleAssets": 833000, "otherAssets": 129102000, "totalAssets": 3474991000, "accountsPayable": 883776000, "otherCurrentLiab": 74528000, "otherLiab": 93510000, "deferredLongTermLiab": 17842000, "totalCurrentLiabilities": 1096486000, "totalLiab": 1189996000, "commonStock": 121267000, "retainedEarnings": 2156205000, "treasuryStock": 6198000, "capitalSurplus": 1325000, "otherStockholderEquity": 6198000, "totalStockholderEquity": 2284995000, "netTangibleAssets": 2284162000}], "maxAge": 86400}, "earningsTrend": {"trend": [{"maxAge": 1, "period": "0q", "endDate": "2018-06-30", "growth": {}, "earningsEstimate": {"avg": 0.0, "low": 0.0, "high": 0.0, "yearAgoEps": {}, "numberOfAnalysts": 0, "growth": {}}, "revenueEstimate": {"avg": 0, "low": 0, "high": 0, "numberOfAnalysts": 0, "yearAgoRevenue": {}, "growth": {}}, "epsTrend": {"current": 0.0, "7daysAgo": 0.0, "30daysAgo": 0.0, "60daysAgo": 0.0, "90daysAgo": 0.0}, "epsRevisions": {"upLast7days": 0, "upLast30days": 0, "downLast30days": 0, "downLast90days": {}}}, {"maxAge": 1, "period": "+1q", "endDate": "2018-09-30", "growth": {}, "earningsEstimate": {"avg": 0.0, "low": 0.0, "high": 0.0, "yearAgoEps": 18.89, "numberOfAnalysts": 0, "growth": {}}, "revenueEstimate": {"avg": 0, "low": 0, "high": 0, "numberOfAnalysts": 0, "yearAgoRevenue": {}, "growth": {}}, "epsTrend": {"current": 0.0, "7daysAgo": 0.0, "30daysAgo": 0.0, "60daysAgo": 0.0, "90daysAgo": 0.0}, "epsRevisions": {"upLast7days": 0, "upLast30days": 0, "downLast30days": 0, "downLast90days": {}}}, {"maxAge": 1, "period": "0y", "endDate": "2019-03-31", "growth": 0.202, "earningsEstimate": {"avg": 77.62, "low": 73.8, "high": 84.6, "yearAgoEps": 64.56, "numberOfAnalysts": 6, "growth": 0.202}, "revenueEstimate": {"avg": 8687240000, "low": 8384000000, "high": 9000000000, "numberOfAnalysts": 6, "yearAgoRevenue": 7711600000, "growth": 0.127}, "epsTrend": {"current": 77.62, "7daysAgo": 77.62, "30daysAgo": 77.08, "60daysAgo": 77.08, "90daysAgo": 78.52}, "epsRevisions": {"upLast7days": 0, "upLast30days": 0, "downLast30days": 0, "downLast90days": {}}}, {"maxAge": 1, "period": "+1y", "endDate": "2020-03-31", "growth": 0.11399999, "earningsEstimate": {"avg": 86.44, "low": 74.3, "high": 97.2, "yearAgoEps": 77.62, "numberOfAnalysts": 8, "growth": 0.11399999}, "revenueEstimate": {"avg": 9614540000, "low": 8890000000, "high": 10332000000, "numberOfAnalysts": 8, "yearAgoRevenue": 8687240000, "growth": 0.107}, "epsTrend": {"current": 86.44, "7daysAgo": 86.44, "30daysAgo": 86.44, "60daysAgo": 86.44, "90daysAgo": 88.1}, "epsRevisions": {"upLast7days": 0, "upLast30days": 0, "downLast30days": 0, "downLast90days": {}}}, {"maxAge": 1, "period": "+5y", "endDate": null, "growth": 0.84599996, "earningsEstimate": {"avg": {}, "low": {}, "high": {}, "yearAgoEps": {}, "numberOfAnalysts": {}, "growth": {}}, "revenueEstimate": {"avg": {}, "low": {}, "high": {}, "numberOfAnalysts": {}, "yearAgoRevenue": {}, "growth": {}}, "epsTrend": {"current": {}, "7daysAgo": {}, "30daysAgo": {}, "60daysAgo": {}, "90daysAgo": {}}, "epsRevisions": {"upLast7days": {}, "upLast30days": {}, "downLast30days": {}, "downLast90days": {}}}, {"maxAge": 1, "period": "-5y", "endDate": null, "growth": 0.054899998, "earningsEstimate": {"avg": {}, "low": {}, "high": {}, "yearAgoEps": {}, "numberOfAnalysts": {}, "growth": {}}, "revenueEstimate": {"avg": {}, "low": {}, "high": {}, "numberOfAnalysts": {}, "yearAgoRevenue": {}, "growth": {}}, "epsTrend": {"current": {}, "7daysAgo": {}, "30daysAgo": {}, "60daysAgo": {}, "90daysAgo": {}}, "epsRevisions": {"upLast7days": {}, "upLast30days": {}, "downLast30days": {}, "downLast90days": {}}}], "maxAge": 1}, "institutionOwnership": {"ownershipList": [], "maxAge": 1}, "majorHoldersBreakdown": {"maxAge": 1, "insidersPercentHeld": 0.55548, "institutionsPercentHeld": 0.12470999, "institutionsFloatPercentHeld": 0.28056, "institutionsCount": 10}, "balanceSheetHistoryQuarterly": {"balanceSheetStatements": [{"maxAge": 1, "endDate": "2021-03-31", "cash": 1174600000, "shortTermInvestments": 475900000, "netReceivables": 1133800000, "inventory": 617100000, "otherCurrentAssets": 192300000, "totalCurrentAssets": 3593700000, "propertyPlantEquipment": 924100000, "intangibleAssets": 4800000, "otherAssets": 61200000, "totalAssets": 4583800000, "accountsPayable": 1638600000, "otherCurrentLiab": 76800000, "otherLiab": 62700000, "totalCurrentLiabilities": 1715400000, "totalLiab": 1778100000, "commonStock": 121400000, "treasuryStock": 2684300000, "otherStockholderEquity": 2684300000, "totalStockholderEquity": 2805700000, "netTangibleAssets": 2800900000}, {"maxAge": 1, "endDate": "2020-12-31", "totalStockholderEquity": 2226200000, "netTangibleAssets": 2219200000}, {"maxAge": 1, "endDate": "2020-09-30", "cash": 480000000, "shortTermInvestments": 528000000, "netReceivables": 1187100000, "inventory": 454500000, "otherCurrentAssets": 187300000, "totalCurrentAssets": 2836900000, "longTermInvestments": 119900000, "propertyPlantEquipment": 985900000, "intangibleAssets": 7000000, "otherAssets": 28900000, "totalAssets": 3978600000, "accountsPayable": 1597100000, "otherCurrentLiab": 85400000, "otherLiab": 69900000, "totalCurrentLiabilities": 1682500000, "totalLiab": 1752400000, "commonStock": 121300000, "treasuryStock": 2104900000, "otherStockholderEquity": 2104900000, "totalStockholderEquity": 2226200000, "netTangibleAssets": 2219200000}, {"maxAge": 1, "endDate": "2020-06-30", "totalStockholderEquity": 2358945000, "netTangibleAssets": 2358570000}], "maxAge": 86400}, "earningsHistory": {"history": [{"maxAge": 1, "epsActual": {}, "epsEstimate": {}, "epsDifference": {}, "surprisePercent": {}, "quarter": {}, "period": "-4q"}, {"maxAge": 1, "epsActual": 18.89, "epsEstimate": 17.61, "epsDifference": 1.28, "surprisePercent": 0.073, "quarter": "2017-09-30", "period": "-3q"}, {"maxAge": 1, "epsActual": 13.86, "epsEstimate": 14.85, "epsDifference": -0.99, "surprisePercent": -0.067, "quarter": "2017-12-31", "period": "-2q"}, {"maxAge": 1, "epsActual": 14.49, "epsEstimate": 16.1, "epsDifference": -1.61, "surprisePercent": -0.1, "quarter": "2018-03-31", "period": "-1q"}], "maxAge": 86400}, "summaryProfile": {"address1": "Phase-IV, Industrial Area", "address2": "S.A.S. Nagar", "city": "Mohali", "zip": "160055", "country": "India", "phone": "91 17 2227 1620", "fax": "91 17 2227 2731", "website": "http://www.swarajenterprise.com", "industry": "Auto Parts", "sector": "Consumer Cyclical", "longBusinessSummary": "Swaraj Engines Limited manufactures and sells diesel engines, diesel engine components, and spare parts for tractors in India. The company was incorporated in 1985 and is based in Mohali, India.", "companyOfficers": [], "maxAge": 86400}, "netSharePurchaseActivity": {"maxAge": 1, "period": "6m", "buyInfoCount": 0, "buyInfoShares": 0, "sellInfoCount": 0, "netInfoCount": 0, "netInfoShares": 0, "netPercentInsiderShares": 0.0, "totalInsiderShares": 6738609}, "insiderTransactions": {"transactions": [{"maxAge": 1, "shares": 177586, "filerUrl": "", "transactionText": "", "filerName": "Mahindra & Mahindra Ltd", "filerRelation": "UNREPORTED", "moneyText": "", "startDate": "2019-06-03", "ownership": "D"}], "maxAge": 1}, "sectorTrend": {"maxAge": 1, "symbol": null, "estimates": []}, "incomeStatementHistoryQuarterly": {"incomeStatementHistory": [{"maxAge": 1, "endDate": "2021-03-31", "totalRevenue": 3049100000, "costOfRevenue": 2353900000, "grossProfit": 695200000, "researchDevelopment": {}, "sellingGeneralAdministrative": 111000000, "nonRecurring": {}, "otherOperatingExpenses": 122400000, "totalOperatingExpenses": 2634500000, "operatingIncome": 414600000, "totalOtherIncomeExpenseNet": 22400000, "ebit": 414600000, "interestExpense": {}, "incomeBeforeTax": 437000000, "incomeTaxExpense": 111400000, "minorityInterest": {}, "netIncomeFromContinuingOps": 325600000, "discontinuedOperations": {}, "extraordinaryItems": {}, "effectOfAccountingCharges": {}, "otherItems": {}, "netIncome": 325600000, "netIncomeApplicableToCommonShares": 325600000}, {"maxAge": 1, "endDate": "2020-12-31", "totalRevenue": 2723900000, "costOfRevenue": 2131400000, "grossProfit": 592500000, "researchDevelopment": {}, "sellingGeneralAdministrative": 110000000, "nonRecurring": {}, "otherOperatingExpenses": 116500000, "totalOperatingExpenses": 2409700000, "operatingIncome": 314200000, "totalOtherIncomeExpenseNet": 22100000, "ebit": 314200000, "interestExpense": {}, "incomeBeforeTax": 336300000, "incomeTaxExpense": 86100000, "minorityInterest": {}, "netIncomeFromContinuingOps": 250200000, "discontinuedOperations": {}, "extraordinaryItems": {}, "effectOfAccountingCharges": {}, "otherItems": {}, "netIncome": 250200000, "netIncomeApplicableToCommonShares": 250200000}, {"maxAge": 1, "endDate": "2020-09-30", "totalRevenue": 2922800000, "costOfRevenue": 2291800000, "grossProfit": 631000000, "researchDevelopment": {}, "sellingGeneralAdministrative": 113200000, "nonRecurring": {}, "otherOperatingExpenses": 117800000, "totalOperatingExpenses": 2579200000, "operatingIncome": 343600000, "totalOtherIncomeExpenseNet": 20800000, "ebit": 343600000, "interestExpense": {}, "incomeBeforeTax": 364400000, "incomeTaxExpense": 93200000, "minorityInterest": {}, "netIncomeFromContinuingOps": 271200000, "discontinuedOperations": {}, "extraordinaryItems": {}, "effectOfAccountingCharges": {}, "otherItems": {}, "netIncome": 271200000, "netIncomeApplicableToCommonShares": 271200000}, {"maxAge": 1, "endDate": "2020-06-30", "totalRevenue": 1169900000, "costOfRevenue": 879800000, "grossProfit": 290100000, "researchDevelopment": {}, "sellingGeneralAdministrative": 94700000, "nonRecurring": {}, "otherOperatingExpenses": 66600000, "totalOperatingExpenses": 1083400000, "operatingIncome": 86500000, "totalOtherIncomeExpenseNet": 20600000, "ebit": 86500000, "interestExpense": {}, "incomeBeforeTax": 107100000, "incomeTaxExpense": 28700000, "minorityInterest": {}, "netIncomeFromContinuingOps": 78400000, "discontinuedOperations": {}, "extraordinaryItems": {}, "effectOfAccountingCharges": {}, "otherItems": {}, "netIncome": 78400000, "netIncomeApplicableToCommonShares": 78400000}], "maxAge": 86400}, "cashflowStatementHistoryQuarterly": {"cashflowStatements": [{"maxAge": 1, "endDate": "2021-03-31", "netIncome": 325600000, "changeToLiabilities": 0}, {"maxAge": 1, "endDate": "2020-12-31", "netIncome": 250200000, "changeToLiabilities": 0}, {"maxAge": 1, "endDate": "2020-09-30", "netIncome": 271200000, "changeToLiabilities": 0}, {"maxAge": 1, "endDate": "2020-06-30", "netIncome": 78400000, "changeToLiabilities": 0}], "maxAge": 86400}, "earnings": {"maxAge": 86400, "earningsChart": {"quarterly": [{"date": "3Q2017", "actual": 18.89, "estimate": 17.61}, {"date": "4Q2017", "actual": 13.86, "estimate": 14.85}, {"date": "1Q2018", "actual": 14.49, "estimate": 16.1}], "currentQuarterEstimateDate": "2Q", "currentQuarterEstimateYear": 2018, "earningsDate": []}, "financialsChart": {"yearly": [{"date": 2018, "revenue": 7711568000, "earnings": 800995000}, {"date": 2019, "revenue": 8717372000, "earnings": 824208000}, {"date": 2020, "revenue": 7732957000, "earnings": 710422000}, {"date": 2021, "revenue": 9865700000, "earnings": 925400000}], "quarterly": [{"date": "2Q2020", "revenue": 1169900000, "earnings": 78400000}, {"date": "3Q2020", "revenue": 2922800000, "earnings": 271200000}, {"date": "4Q2020", "revenue": 2723900000, "earnings": 250200000}, {"date": "1Q2021", "revenue": 3049100000, "earnings": 325600000}]}, "financialCurrency": "INR"}, "financialData": {"maxAge": 86400, "currentPrice": 1470.25, "targetHighPrice": 2500.0, "targetLowPrice": 1650.0, "targetMeanPrice": 2280.0, "targetMedianPrice": 2402.0, "recommendationMean": 2.3, "recommendationKey": "buy", "numberOfAnalystOpinions": 7, "totalCash": 1650499968, "totalCashPerShare": 136.055, "ebitda": 1356600064, "totalDebt": 0, "quickRatio": 1.623, "currentRatio": 2.095, "totalRevenue": 9865700352, "revenuePerShare": 813.115, "returnOnAssets": 0.17809, "returnOnEquity": 0.35836, "grossProfits": 2208800000, "freeCashflow": 736520512, "operatingCashflow": 280100000, "earningsGrowth": 1.053, "revenueGrowth": 0.741, "grossMargins": 0.22389, "ebitdaMargins": 0.13751, "operatingMargins": 0.117469996, "profitMargins": 0.0938, "financialCurrency": "INR"}}}