{"SWASTIKA.BO": {"recommendationTrend": {"trend": [{"period": "0m", "strongBuy": 0, "buy": 0, "hold": 0, "sell": 0, "strongSell": 0}, {"period": "-1m", "strongBuy": 0, "buy": 0, "hold": 0, "sell": 0, "strongSell": 0}, {"period": "-2m", "strongBuy": 0, "buy": 0, "hold": 0, "sell": 0, "strongSell": 0}, {"period": "-3m", "strongBuy": 0, "buy": 0, "hold": 0, "sell": 0, "strongSell": 0}], "maxAge": 86400}, "cashflowStatementHistory": {"cashflowStatements": [{"maxAge": 1, "endDate": "2020-03-31", "netIncome": 6992548, "depreciation": 10043020, "changeToNetincome": 65319530, "changeToAccountReceivables": 100484160, "changeToLiabilities": 76676800, "changeToInventory": 3137828, "changeToOperatingActivities": -18443898, "totalCashFromOperatingActivities": 244843469, "capitalExpenditures": -8351354, "investments": 26569179, "otherCashflowsFromInvestingActivities": 4957547, "totalCashflowsFromInvestingActivities": 23175372, "dividendsPaid": -7054977, "netBorrowings": -72485249, "otherCashflowsFromFinancingActivities": -49851215, "totalCashFromFinancingActivities": -122391441, "changeInCash": 145627400, "issuanceOfStock": 7000000}, {"maxAge": 1, "endDate": "2019-03-31", "netIncome": 46226418, "depreciation": 8895310, "changeToNetincome": 8397663, "changeToAccountReceivables": 47067048, "changeToLiabilities": 161960314, "changeToInventory": -4046646, "changeToOperatingActivities": -266070417, "totalCashFromOperatingActivities": 3010652, "capitalExpenditures": -25228463, "investments": -7970100, "otherCashflowsFromInvestingActivities": 36346385, "totalCashflowsFromInvestingActivities": 3647822, "dividendsPaid": -3576405, "netBorrowings": 76480023, "otherCashflowsFromFinancingActivities": -51716504, "totalCashFromFinancingActivities": 21187114, "changeInCash": 27845588, "issuanceOfStock": 7000000}, {"maxAge": 1, "endDate": "2018-03-31", "netIncome": 22389193, "depreciation": 8679024, "changeToNetincome": -28849537, "changeToAccountReceivables": 114416028, "changeToLiabilities": 126208212, "changeToInventory": -1314952, "changeToOperatingActivities": -602652246, "totalCashFromOperatingActivities": -360536397, "capitalExpenditures": -10597970, "investments": -8515770, "otherCashflowsFromInvestingActivities": 18633089, "totalCashflowsFromInvestingActivities": -480651, "dividendsPaid": -3389150, "netBorrowings": 220483475, "otherCashflowsFromFinancingActivities": -12000739, "totalCashFromFinancingActivities": 205093586, "changeInCash": -155923462, "issuanceOfStock": 7000000}, {"maxAge": 1, "endDate": "2017-03-31", "netIncome": 67622930, "depreciation": 8983978, "changeToNetincome": 7517061, "changeToAccountReceivables": 14770379, "changeToLiabilities": 56772825, "changeToInventory": 10229203, "changeToOperatingActivities": -102977086, "totalCashFromOperatingActivities": 63473746, "capitalExpenditures": -8462592, "investments": 28562985, "otherCashflowsFromInvestingActivities": 13525462, "totalCashflowsFromInvestingActivities": 33790555, "dividendsPaid": -3595366, "netBorrowings": 116053467, "otherCashflowsFromFinancingActivities": -18021795, "totalCashFromFinancingActivities": 94436306, "changeInCash": 191700607, "issuanceOfStock": 7000000}], "maxAge": 86400}, "institutionOwnership": {"maxAge": 1, "ownershipList": []}, "balanceSheetHistoryQuarterly": {"balanceSheetStatements": [{"maxAge": 1, "endDate": "2020-06-30", "totalStockholderEquity": 268473000, "netTangibleAssets": 263661000}, {"maxAge": 1, "endDate": "2020-03-31", "cash": 272998423, "netReceivables": 335666137, "otherCurrentAssets": 635004770, "totalCurrentAssets": 1249157545, "longTermInvestments": 23124235, "propertyPlantEquipment": 70288832, "intangibleAssets": 4811489, "otherAssets": 371801333, "deferredLongTermAssetCharges": 4220667, "totalAssets": 1719183434, "accountsPayable": 819160807, "otherCurrentLiab": 159215629, "totalCurrentLiabilities": 1450710405, "totalLiab": 1450710405, "commonStock": 29597000, "retainedEarnings": 252063614, "treasuryStock": -13187585, "otherStockholderEquity": -13187585, "totalStockholderEquity": 268473029, "netTangibleAssets": 263661540}, {"maxAge": 1, "endDate": "2019-12-31", "cash": 272998423, "netReceivables": 335666137, "otherCurrentAssets": 635004770, "totalCurrentAssets": 1249157545, "longTermInvestments": 23124235, "propertyPlantEquipment": 70288832, "intangibleAssets": 4811489, "otherAssets": 371801333, "deferredLongTermAssetCharges": 4220667, "totalAssets": 1719183434, "accountsPayable": 819160807, "otherCurrentLiab": 159215629, "totalCurrentLiabilities": 1450710405, "totalLiab": 1450710405, "commonStock": 29597000, "retainedEarnings": 252063614, "treasuryStock": -13187585, "otherStockholderEquity": -13187585, "totalStockholderEquity": 268473029, "netTangibleAssets": 263661540}, {"maxAge": 1, "endDate": "2019-09-30", "cash": 747002000, "netReceivables": 658005000, "inventory": 8009000, "otherCurrentAssets": 21062000, "totalCurrentAssets": 1434078000, "longTermInvestments": 156358000, "propertyPlantEquipment": 71960000, "intangibleAssets": 5208000, "otherAssets": 11602000, "totalAssets": 1679206000, "accountsPayable": 663172000, "otherCurrentLiab": 185470000, "otherLiab": 1809000, "totalCurrentLiabilities": 1389231000, "totalLiab": 1391040000, "commonStock": 29597000, "treasuryStock": 258569000, "otherStockholderEquity": 258569000, "totalStockholderEquity": 288166000, "netTangibleAssets": 282958000}], "maxAge": 86400}, "earningsHistory": {"history": [{"maxAge": 1, "epsActual": {}, "epsEstimate": {}, "epsDifference": {}, "surprisePercent": {}, "quarter": {}, "period": "-4q"}, {"maxAge": 1, "epsActual": {}, "epsEstimate": {}, "epsDifference": {}, "surprisePercent": {}, "quarter": {}, "period": "-3q"}, {"maxAge": 1, "epsActual": {}, "epsEstimate": {}, "epsDifference": {}, "surprisePercent": {}, "quarter": {}, "period": "-2q"}, {"maxAge": 1, "epsActual": {}, "epsEstimate": {}, "epsDifference": {}, "surprisePercent": {}, "quarter": {}, "period": "-1q"}], "maxAge": 86400}, "indexTrend": {"maxAge": 1, "symbol": "SP5", "peRatio": 19.7411, "pegRatio": 1.34172, "estimates": [{"period": "0q", "growth": 0.549}, {"period": "+1q", "growth": 0.431}, {"period": "0y", "growth": 0.305}, {"period": "+1y", "growth": 0.109}, {"period": "+5y", "growth": 0.120859005}, {"period": "-5y"}]}, "industryTrend": {"maxAge": 1, "symbol": null, "estimates": []}, "insiderTransactions": {"transactions": [{"maxAge": 1, "shares": 48700, "filerUrl": "", "transactionText": "", "filerName": "Nyati (Vandana)", "filerRelation": "Promoter", "moneyText": "", "startDate": "2019-01-04", "ownership": "D"}, {"maxAge": 1, "shares": 48700, "filerUrl": "", "transactionText": "", "filerName": "Nyati(Anil) HUF", "filerRelation": "Promoter", "moneyText": "", "startDate": "2019-01-04", "ownership": "D"}], "maxAge": 1}, "quoteType": {"exchange": "BSE", "quoteType": "EQUITY", "symbol": "SWASTIKA.BO", "underlyingSymbol": "SWASTIKA.BO", "shortName": "SWASTIKA INVESTMART LTD.", "longName": "Swastika Investmart Limited", "firstTradeDateEpochUtc": "2002-12-18 09:15:00", "timeZoneFullName": "Asia/Kolkata", "timeZoneShortName": "IST", "uuid": "bc6595fb-d42f-3323-875e-230bde6bd7b5", "messageBoardId": null, "gmtOffSetMilliseconds": 19800000, "maxAge": 1}, "incomeStatementHistory": {"incomeStatementHistory": [{"maxAge": 1, "endDate": "2020-03-31", "totalRevenue": 481077632, "costOfRevenue": 120765619, "grossProfit": 360312013, "researchDevelopment": {}, "sellingGeneralAdministrative": 225821790, "nonRecurring": {}, "otherOperatingExpenses": 109698302, "totalOperatingExpenses": 466962214, "operatingIncome": 14115418, "totalOtherIncomeExpenseNet": 2906671, "ebit": 0, "interestExpense": {}, "incomeBeforeTax": 17022089, "incomeTaxExpense": 10029541, "minorityInterest": {}, "netIncomeFromContinuingOps": 6992548, "discontinuedOperations": {}, "extraordinaryItems": {}, "effectOfAccountingCharges": {}, "otherItems": {}, "netIncome": 6992548, "netIncomeApplicableToCommonShares": 6992548}, {"maxAge": 1, "endDate": "2019-03-31", "totalRevenue": 396142850, "costOfRevenue": 101531781, "grossProfit": 294611069, "researchDevelopment": {}, "sellingGeneralAdministrative": 155819570, "nonRecurring": {}, "otherOperatingExpenses": 67885072, "totalOperatingExpenses": 334712695, "operatingIncome": 61430155, "totalOtherIncomeExpenseNet": 404005, "ebit": 0, "interestExpense": {}, "incomeBeforeTax": 61834160, "incomeTaxExpense": 15607742, "minorityInterest": {}, "netIncomeFromContinuingOps": 46226418, "discontinuedOperations": {}, "extraordinaryItems": {}, "effectOfAccountingCharges": {}, "otherItems": {}, "netIncome": 46226418, "netIncomeApplicableToCommonShares": 46226418}, {"maxAge": 1, "endDate": "2018-03-31", "totalRevenue": 404206018, "costOfRevenue": 436390, "grossProfit": 403769628, "researchDevelopment": {}, "sellingGeneralAdministrative": 138098897, "nonRecurring": {}, "otherOperatingExpenses": 183288185, "totalOperatingExpenses": 365569285, "operatingIncome": 38636733, "totalOtherIncomeExpenseNet": -58459, "ebit": 0, "interestExpense": {}, "incomeBeforeTax": 38578274, "incomeTaxExpense": 16189081, "minorityInterest": {}, "netIncomeFromContinuingOps": 22389193, "discontinuedOperations": {}, "extraordinaryItems": {}, "effectOfAccountingCharges": {}, "otherItems": {}, "netIncome": 22389193, "netIncomeApplicableToCommonShares": 22389193}, {"maxAge": 1, "endDate": "2017-03-31", "totalRevenue": 366306133, "costOfRevenue": 24173212, "grossProfit": 342132921, "researchDevelopment": {}, "sellingGeneralAdministrative": 125224976, "nonRecurring": {}, "otherOperatingExpenses": 156402271, "totalOperatingExpenses": 315338893, "operatingIncome": 50967240, "totalOtherIncomeExpenseNet": 45642733, "ebit": 0, "interestExpense": {}, "incomeBeforeTax": 96609973, "incomeTaxExpense": 28987043, "minorityInterest": {}, "netIncomeFromContinuingOps": 67622930, "discontinuedOperations": {}, "extraordinaryItems": {}, "effectOfAccountingCharges": {}, "otherItems": {}, "netIncome": 67622930, "netIncomeApplicableToCommonShares": 67622930}], "maxAge": 86400}, "fundOwnership": {"maxAge": 1, "ownershipList": []}, "summaryDetail": {"maxAge": 1, "priceHint": 2, "previousClose": 171.3, "open": 178.55, "dayLow": 166.65, "dayHigh": 179.0, "regularMarketPreviousClose": 171.3, "regularMarketOpen": 178.55, "regularMarketDayLow": 166.65, "regularMarketDayHigh": 179.0, "trailingPE": 12.714892, "volume": 298, "regularMarketVolume": 298, "averageVolume": 6512, "averageVolume10days": 1362, "averageDailyVolume10Day": 1362, "bid": 166.75, "ask": 168.1, "bidSize": 0, "askSize": 0, "marketCap": 505664768, "fiftyTwoWeekLow": 57.2, "fiftyTwoWeekHigh": 207.45, "fiftyDayAverage": 167.8657, "twoHundredDayAverage": 98.0416, "trailingAnnualDividendRate": 1.0, "trailingAnnualDividendYield": 0.0058377115, "currency": "INR", "fromCurrency": null, "toCurrency": null, "lastMarket": null, "algorithm": null, "tradeable": false}, "sectorTrend": {"maxAge": 1, "symbol": null, "estimates": []}, "incomeStatementHistoryQuarterly": {"incomeStatementHistory": [{"maxAge": 1, "endDate": "2020-06-30", "totalRevenue": 163159000, "costOfRevenue": 41902000, "grossProfit": 121257000, "researchDevelopment": {}, "sellingGeneralAdministrative": 51587000, "nonRecurring": {}, "otherOperatingExpenses": 17133000, "totalOperatingExpenses": 113280000, "operatingIncome": 49879000, "totalOtherIncomeExpenseNet": -1000, "ebit": 0, "interestExpense": {}, "incomeBeforeTax": 49878000, "incomeTaxExpense": 8708000, "minorityInterest": {}, "netIncomeFromContinuingOps": 41170000, "discontinuedOperations": {}, "extraordinaryItems": {}, "effectOfAccountingCharges": {}, "otherItems": {}, "netIncome": 41170000, "netIncomeApplicableToCommonShares": 41170000}, {"maxAge": 1, "endDate": "2020-03-31", "totalRevenue": 125965316, "costOfRevenue": 36149310, "grossProfit": 89816007, "researchDevelopment": {}, "sellingGeneralAdministrative": 67766895, "nonRecurring": {}, "otherOperatingExpenses": 22486151, "totalOperatingExpenses": 129152107, "operatingIncome": -3186791, "totalOtherIncomeExpenseNet": 1452836, "ebit": 0, "interestExpense": {}, "incomeBeforeTax": -1733955, "incomeTaxExpense": 1183771, "minorityInterest": {}, "netIncomeFromContinuingOps": -2917726, "discontinuedOperations": {}, "extraordinaryItems": {}, "effectOfAccountingCharges": {}, "otherItems": {}, "netIncome": -2917726, "netIncomeApplicableToCommonShares": -2917726}, {"maxAge": 1, "endDate": "2019-12-31", "totalRevenue": 125965316, "costOfRevenue": 36149310, "grossProfit": 89816007, "researchDevelopment": {}, "sellingGeneralAdministrative": 67766895, "nonRecurring": {}, "otherOperatingExpenses": 22486151, "totalOperatingExpenses": 129152107, "operatingIncome": -3186791, "totalOtherIncomeExpenseNet": 1452836, "ebit": 0, "interestExpense": {}, "incomeBeforeTax": -1733955, "incomeTaxExpense": 1183771, "minorityInterest": {}, "netIncomeFromContinuingOps": -2917726, "discontinuedOperations": {}, "extraordinaryItems": {}, "effectOfAccountingCharges": {}, "otherItems": {}, "netIncome": -2917726, "netIncomeApplicableToCommonShares": -2917726}, {"maxAge": 1, "endDate": "2019-09-30", "totalRevenue": 123982000, "costOfRevenue": 27580000, "grossProfit": 96402000, "researchDevelopment": {}, "sellingGeneralAdministrative": 47953000, "nonRecurring": {}, "otherOperatingExpenses": 36245000, "totalOperatingExpenses": 114364000, "operatingIncome": 9618000, "totalOtherIncomeExpenseNet": 1000, "ebit": 0, "interestExpense": {}, "incomeBeforeTax": 9619000, "incomeTaxExpense": 5127000, "minorityInterest": {}, "netIncomeFromContinuingOps": 4492000, "discontinuedOperations": {}, "extraordinaryItems": {}, "effectOfAccountingCharges": {}, "otherItems": {}, "netIncome": 4492000, "netIncomeApplicableToCommonShares": 4492000}], "maxAge": 86400}, "cashflowStatementHistoryQuarterly": {"cashflowStatements": [{"maxAge": 1, "endDate": "2020-06-30", "netIncome": 41170000, "changeToLiabilities": 0}, {"maxAge": 1, "endDate": "2020-03-31", "netIncome": -2917726, "depreciation": 2433010, "changeToNetincome": 24839765, "changeToAccountReceivables": 46437580, "changeToLiabilities": 92603900, "changeToInventory": 1260414, "changeToOperatingActivities": 4691551, "totalCashFromOperatingActivities": 169665235, "capitalExpenditures": -1451177, "investments": 18890590, "otherCashflowsFromInvestingActivities": -13858726, "totalCashflowsFromInvestingActivities": 3424686, "dividendsPaid": -1824989, "netBorrowings": -124835625, "otherCashflowsFromFinancingActivities": -8334608, "totalCashFromFinancingActivities": -131495221, "changeInCash": 41594700, "issuanceOfStock": 3500000}, {"maxAge": 1, "endDate": "2019-12-31", "netIncome": -2917726, "depreciation": 2433010, "changeToNetincome": 24839765, "changeToAccountReceivables": 46437580, "changeToLiabilities": 92603900, "changeToInventory": 1260414, "changeToOperatingActivities": 4691551, "totalCashFromOperatingActivities": 169665235, "capitalExpenditures": -1451177, "investments": 18890590, "otherCashflowsFromInvestingActivities": -13858726, "totalCashflowsFromInvestingActivities": 3424686, "dividendsPaid": -1824989, "netBorrowings": -124835625, "otherCashflowsFromFinancingActivities": -8334608, "totalCashFromFinancingActivities": -131495221, "changeInCash": 41594700, "issuanceOfStock": 3500000}, {"maxAge": 1, "endDate": "2019-09-30", "netIncome": 4492000, "depreciation": 2433010, "changeToNetincome": 24839765, "changeToAccountReceivables": 46437580, "changeToLiabilities": 0, "changeToInventory": 1260414, "changeToOperatingActivities": 4691551, "totalCashFromOperatingActivities": 169665235, "capitalExpenditures": -1451177, "investments": 18890590, "otherCashflowsFromInvestingActivities": -13858726, "totalCashflowsFromInvestingActivities": 3424686, "dividendsPaid": -1824989, "netBorrowings": -124835625, "otherCashflowsFromFinancingActivities": -8334608, "totalCashFromFinancingActivities": -131495221, "changeInCash": 41594700, "issuanceOfStock": 3500000}], "maxAge": 86400}, "insiderHolders": {"holders": [{"maxAge": 1, "name": "Nyati (Vandana)", "relation": "Promoter", "url": "", "transactionDescription": "Gift", "latestTransDate": "2019-01-04", "positionDirect": 110000, "positionDirectDate": "2019-01-04"}, {"maxAge": 1, "name": "Nyati(Anil) HUF", "relation": "Promoter", "url": "", "transactionDescription": "Gift", "latestTransDate": "2019-01-04", "positionDirect": 50950, "positionDirectDate": "2019-01-04"}], "maxAge": 1}, "earnings": {"maxAge": 86400, "earningsChart": {"quarterly": [], "earningsDate": []}, "financialsChart": {"yearly": [{"date": 2017, "revenue": 366306133, "earnings": 67622930}, {"date": 2018, "revenue": 404206018, "earnings": 22389193}, {"date": 2019, "revenue": 396142850, "earnings": 46226418}, {"date": 2020, "revenue": 481077632, "earnings": 6992548}], "quarterly": [{"date": "3Q2019", "revenue": 123982000, "earnings": 4492000}, {"date": "4Q2019", "revenue": 125965316, "earnings": -2917726}, {"date": "1Q2020", "revenue": 125965316, "earnings": -2917726}, {"date": "2Q2020", "revenue": 163159000, "earnings": 41170000}]}, "financialCurrency": "INR"}, "calendarEvents": {"maxAge": 1, "earnings": {"earningsDate": []}}, "price": {"maxAge": 1, "regularMarketChangePercent": -0.0026269522, "regularMarketChange": -0.44999695, "regularMarketTime": "2021-04-30 15:28:08", "priceHint": 2, "regularMarketPrice": 170.85, "regularMarketDayHigh": 179.0, "regularMarketDayLow": 166.65, "regularMarketVolume": 298, "averageDailyVolume10Day": 1362, "averageDailyVolume3Month": 6512, "regularMarketPreviousClose": 171.3, "regularMarketSource": "FREE_REALTIME", "regularMarketOpen": 178.55, "exchange": "BSE", "exchangeName": "BSE", "exchangeDataDelayedBy": 0, "marketState": "CLOSED", "quoteType": "EQUITY", "symbol": "SWASTIKA.BO", "underlyingSymbol": null, "shortName": "SWASTIKA INVESTMART LTD.", "longName": "Swastika Investmart Limited", "currency": "INR", "quoteSourceName": "Delayed Quote", "currencySymbol": "\u20b9", "fromCurrency": null, "toCurrency": null, "lastMarket": null, "marketCap": 505664768}, "balanceSheetHistory": {"balanceSheetStatements": [{"maxAge": 1, "endDate": "2020-03-31", "cash": 272998423, "netReceivables": 335666137, "otherCurrentAssets": 635004770, "totalCurrentAssets": 1249157545, "longTermInvestments": 23124235, "propertyPlantEquipment": 70288832, "intangibleAssets": 4811489, "otherAssets": 371801333, "deferredLongTermAssetCharges": 4220667, "totalAssets": 1719183434, "accountsPayable": 819160807, "otherCurrentLiab": 159215629, "totalCurrentLiabilities": 1450710405, "totalLiab": 1450710405, "commonStock": 29597000, "retainedEarnings": 252063614, "treasuryStock": -13187585, "otherStockholderEquity": -13187585, "totalStockholderEquity": 268473029, "netTangibleAssets": 263661540}, {"maxAge": 1, "endDate": "2019-03-31", "cash": 127371023, "netReceivables": 540466005, "otherCurrentAssets": 623858904, "totalCurrentAssets": 1300321975, "longTermInvestments": 84243944, "propertyPlantEquipment": 71365441, "intangibleAssets": 5573807, "otherAssets": 266352471, "deferredLongTermAssetCharges": 107167, "totalAssets": 1727857638, "accountsPayable": 737302558, "otherCurrentLiab": 176034047, "totalCurrentLiabilities": 1440594869, "totalLiab": 1440594869, "commonStock": 29597000, "retainedEarnings": 243282511, "treasuryStock": 14383258, "otherStockholderEquity": 14383258, "totalStockholderEquity": 287262769, "netTangibleAssets": 281688962}, {"maxAge": 1, "endDate": "2018-03-31", "cash": 99525435, "netReceivables": 824650257, "otherCurrentAssets": 326978276, "totalCurrentAssets": 1255733363, "longTermInvestments": 93719207, "propertyPlantEquipment": 55222784, "intangibleAssets": 6176768, "otherAssets": 66654547, "totalAssets": 1477506669, "accountsPayable": 567542828, "otherCurrentLiab": 195807334, "otherLiab": 10289632, "totalCurrentLiabilities": 1206540296, "totalLiab": 1216829928, "commonStock": 29597000, "retainedEarnings": 204883744, "treasuryStock": 26195997, "otherStockholderEquity": 26195997, "totalStockholderEquity": 260676741, "netTangibleAssets": 254499973}, {"maxAge": 1, "endDate": "2017-03-31", "cash": 255448897, "netReceivables": 489128356, "otherCurrentAssets": 162124273, "totalCurrentAssets": 912147828, "longTermInvestments": 67744203, "propertyPlantEquipment": 53524047, "intangibleAssets": 6602899, "otherAssets": 82330295, "totalAssets": 1122349272, "accountsPayable": 544143612, "otherCurrentLiab": 36141432, "otherLiab": 9582286, "totalCurrentLiabilities": 870459778, "totalLiab": 880042064, "commonStock": 29597000, "retainedEarnings": 187613225, "treasuryStock": 25096983, "otherStockholderEquity": 25096983, "totalStockholderEquity": 242307208, "netTangibleAssets": 235704309}], "maxAge": 86400}, "earningsTrend": {"trend": [{"maxAge": 1, "period": "0q", "endDate": null, "growth": {}, "earningsEstimate": {"avg": 0.0, "low": 0.0, "high": 0.0, "yearAgoEps": {}, "numberOfAnalysts": 0, "growth": {}}, "revenueEstimate": {"avg": 0, "low": 0, "high": 0, "numberOfAnalysts": 0, "yearAgoRevenue": {}, "growth": {}}, "epsTrend": {"current": 0.0, "7daysAgo": 0.0, "30daysAgo": 0.0, "60daysAgo": 0.0, "90daysAgo": 0.0}, "epsRevisions": {"upLast7days": 0, "upLast30days": 0, "downLast30days": 0, "downLast90days": {}}}, {"maxAge": 1, "period": "+1q", "endDate": null, "growth": {}, "earningsEstimate": {"avg": 0.0, "low": 0.0, "high": 0.0, "yearAgoEps": {}, "numberOfAnalysts": 0, "growth": {}}, "revenueEstimate": {"avg": 0, "low": 0, "high": 0, "numberOfAnalysts": 0, "yearAgoRevenue": {}, "growth": {}}, "epsTrend": {"current": 0.0, "7daysAgo": 0.0, "30daysAgo": 0.0, "60daysAgo": 0.0, "90daysAgo": 0.0}, "epsRevisions": {"upLast7days": 0, "upLast30days": 0, "downLast30days": 0, "downLast90days": {}}}, {"maxAge": 1, "period": "0y", "endDate": null, "growth": {}, "earningsEstimate": {"avg": 0.0, "low": 0.0, "high": 0.0, "yearAgoEps": {}, "numberOfAnalysts": 0, "growth": {}}, "revenueEstimate": {"avg": 0, "low": 0, "high": 0, "numberOfAnalysts": 0, "yearAgoRevenue": {}, "growth": {}}, "epsTrend": {"current": 0.0, "7daysAgo": 0.0, "30daysAgo": 0.0, "60daysAgo": 0.0, "90daysAgo": 0.0}, "epsRevisions": {"upLast7days": 0, "upLast30days": 0, "downLast30days": 0, "downLast90days": {}}}, {"maxAge": 1, "period": "+1y", "endDate": null, "growth": {}, "earningsEstimate": {"avg": 0.0, "low": 0.0, "high": 0.0, "yearAgoEps": {}, "numberOfAnalysts": 0, "growth": {}}, "revenueEstimate": {"avg": 0, "low": 0, "high": 0, "numberOfAnalysts": 0, "yearAgoRevenue": {}, "growth": {}}, "epsTrend": {"current": 0.0, "7daysAgo": 0.0, "30daysAgo": 0.0, "60daysAgo": 0.0, "90daysAgo": 0.0}, "epsRevisions": {"upLast7days": 0, "upLast30days": 0, "downLast30days": 0, "downLast90days": {}}}, {"maxAge": 1, "period": "+5y", "endDate": null, "growth": {}, "earningsEstimate": {"avg": {}, "low": {}, "high": {}, "yearAgoEps": {}, "numberOfAnalysts": {}, "growth": {}}, "revenueEstimate": {"avg": {}, "low": {}, "high": {}, "numberOfAnalysts": {}, "yearAgoRevenue": {}, "growth": {}}, "epsTrend": {"current": {}, "7daysAgo": {}, "30daysAgo": {}, "60daysAgo": {}, "90daysAgo": {}}, "epsRevisions": {"upLast7days": {}, "upLast30days": {}, "downLast30days": {}, "downLast90days": {}}}, {"maxAge": 1, "period": "-5y", "endDate": null, "growth": {}, "earningsEstimate": {"avg": {}, "low": {}, "high": {}, "yearAgoEps": {}, "numberOfAnalysts": {}, "growth": {}}, "revenueEstimate": {"avg": {}, "low": {}, "high": {}, "numberOfAnalysts": {}, "yearAgoRevenue": {}, "growth": {}}, "epsTrend": {"current": {}, "7daysAgo": {}, "30daysAgo": {}, "60daysAgo": {}, "90daysAgo": {}}, "epsRevisions": {"upLast7days": {}, "upLast30days": {}, "downLast30days": {}, "downLast90days": {}}}], "maxAge": 1}, "financialData": {"maxAge": 86400, "currentPrice": 170.85, "recommendationKey": "none", "grossProfits": 360312013, "financialCurrency": "INR"}}}