{"SWSOLAR.NS": {"assetProfile": {"address1": "Universal Majestic", "address2": "9th Floor P. L. Lokhande Marg Chembur West", "city": "Mumbai", "zip": "400043", "country": "India", "phone": "91 22 2548 5300", "fax": "91 22 2548 5331", "website": "http://www.sterlingandwilson.com", "industry": "Solar", "sector": "Technology", "longBusinessSummary": "Sterling and Wilson Solar Limited provides engineering, procurement, and construction (EPC) services to solar power projects. Its EPC services primarily include the design and engineering functions, procurement of raw materials and selection of vendors, inspection and audit, construction of the solar power project, and field quality monitoring services. The company also provides operations and maintenance services to third-party projects. Additionally, it imports, exports, and trades in solar modules, structures, invertors, and related accessories. Further, the company engages in the installation and maintenance of solar power generating facilities and other related activities. It has 245 solar power projects with an aggregate capacity of 10,134 mega-watt peak. The company's customers include independent power producers, developers, and equity funds. It operates in 25 countries with operations in India, the South-East Asia, the Middle East, Africa, Europe, the Americas, and Australia. The company was founded in 2011 and is based in New Delhi, India. Sterling and Wilson Solar Limited is a subsidiary of Shapoorji Pallonji and Company Private Limited.", "fullTimeEmployees": 1286, "companyOfficers": [{"maxAge": 1, "name": "Mr. Bahadur  Dastoor", "title": "Chief Financial Officer", "fiscalYear": 2020, "totalPay": 28900000, "exercisedValue": 0, "unexercisedValue": 0}, {"maxAge": 1, "name": "Mr. Chunduru V. Jagannadha Rao", "title": "Company Sec. & Compliance Officer", "fiscalYear": 2020, "totalPay": 15300000, "exercisedValue": 0, "unexercisedValue": 0}, {"maxAge": 1, "name": "Mr. Bikesh  Ogra", "title": "Non-Exec. Director & Global CEO", "fiscalYear": 2020, "totalPay": 800000, "exercisedValue": 0, "unexercisedValue": 0}, {"maxAge": 1, "name": "Mr. Chandra Kishore Thakur", "age": 59, "title": "Chief Operations Officer \u00c2\u0096 Solar International Projects", "yearBorn": 1961, "exercisedValue": 0, "unexercisedValue": 0}, {"maxAge": 1, "name": "Mr. Rajneesh  Shrotriya", "title": "Chief Technology Officer", "exercisedValue": 0, "unexercisedValue": 0}, {"maxAge": 1, "name": "Mr. Rahul  Rao", "title": "Corp. Communications", "exercisedValue": 0, "unexercisedValue": 0}, {"maxAge": 1, "name": "Mr. Rahul  Kshetrapal", "title": "Head of Sales & Bus. Devel.", "exercisedValue": 0, "unexercisedValue": 0}, {"maxAge": 1, "name": "Mr. C.  Basavarajappa", "title": "Head of Human Resource", "exercisedValue": 0, "unexercisedValue": 0}, {"maxAge": 1, "name": "Mr. Praveen  Jaiswal", "title": "Head of Solar Operations & Maintenance", "exercisedValue": 0, "unexercisedValue": 0}, {"maxAge": 1, "name": "Mr. M.  Jayachandra", "title": "Head of Solar Rooftop", "exercisedValue": 0, "unexercisedValue": 0}], "compensationAsOfEpochDate": "2020-12-31 05:30:00", "maxAge": 86400}, "cashflowStatementHistory": {"cashflowStatements": [{"maxAge": 1, "endDate": "2020-03-31", "netIncome": 3100590000, "depreciation": 139120000, "changeToNetincome": -286510000, "changeToAccountReceivables": -987870000, "changeToLiabilities": 3983720000, "changeToInventory": -13620000, "changeToOperatingActivities": -2561390000, "totalCashFromOperatingActivities": 3377270000, "capitalExpenditures": -175380000, "investments": -86300000, "otherCashflowsFromInvestingActivities": 10404490000, "totalCashflowsFromInvestingActivities": 10134870000, "dividendsPaid": -961820000, "netBorrowings": -10089410000, "otherCashflowsFromFinancingActivities": -2081600000, "totalCashFromFinancingActivities": -13132830000, "effectOfExchangeRate": 45780000, "changeInCash": 425090000}, {"maxAge": 1, "endDate": "2019-03-31", "netIncome": 6389890000, "depreciation": 75140000, "changeToNetincome": -319300000, "changeToAccountReceivables": -1083400000, "changeToLiabilities": -22784310000, "changeToInventory": 67890000, "changeToOperatingActivities": 10417750000, "totalCashFromOperatingActivities": -7233440000, "capitalExpenditures": -98610000, "investments": -189310000, "otherCashflowsFromInvestingActivities": -9009590000, "totalCashflowsFromInvestingActivities": -9288330000, "dividendsPaid": -961820000, "netBorrowings": 20434410000, "otherCashflowsFromFinancingActivities": -712320000, "totalCashFromFinancingActivities": 19722090000, "effectOfExchangeRate": 46300000, "changeInCash": 3253040000}, {"maxAge": 1, "endDate": "2018-03-31", "netIncome": 4173932656, "depreciation": 26769233, "changeToNetincome": 205504633, "changeToAccountReceivables": -9541985411, "changeToLiabilities": 33089264296, "changeToInventory": -33526157, "changeToOperatingActivities": -25604974441, "totalCashFromOperatingActivities": 2317458655, "capitalExpenditures": -167206168, "investments": -13790770, "otherCashflowsFromInvestingActivities": 5243077, "totalCashflowsFromInvestingActivities": -173003091, "dividendsPaid": -961820000, "netBorrowings": -1209138562, "otherCashflowsFromFinancingActivities": -92141546, "totalCashFromFinancingActivities": -1301280108, "effectOfExchangeRate": 1698462, "changeInCash": 881224689}], "maxAge": 86400}, "institutionOwnership": {"maxAge": 1, "ownershipList": []}, "majorHoldersBreakdown": {"maxAge": 1, "insidersPercentHeld": 0.73139, "institutionsPercentHeld": 0.081920005, "institutionsFloatPercentHeld": 0.30497998, "institutionsCount": 13}, "balanceSheetHistoryQuarterly": {"balanceSheetStatements": [{"maxAge": 1, "endDate": "2020-12-31", "totalStockholderEquity": 10594900000, "netTangibleAssets": 10536800000}, {"maxAge": 1, "endDate": "2020-09-30", "cash": 5172800000, "shortTermInvestments": 3188700000, "netReceivables": 21882000000, "inventory": 515800000, "otherCurrentAssets": 11039100000, "totalCurrentAssets": 41798400000, "propertyPlantEquipment": 486100000, "goodWill": 33000000, "intangibleAssets": 25100000, "otherAssets": 688200000, "deferredLongTermAssetCharges": 544700000, "totalAssets": 43030800000, "accountsPayable": 14269000000, "otherCurrentLiab": 8631500000, "otherLiab": 152800000, "minorityInterest": -174500000, "totalCurrentLiabilities": 32394700000, "totalLiab": 32610400000, "commonStock": 160400000, "treasuryStock": 10434500000, "otherStockholderEquity": 10434500000, "totalStockholderEquity": 10594900000, "netTangibleAssets": 10536800000}, {"maxAge": 1, "endDate": "2020-06-30", "totalStockholderEquity": 10809640000, "netTangibleAssets": 10748560000}, {"maxAge": 1, "endDate": "2020-03-31", "cash": 4632790000, "shortTermInvestments": 39410000, "netReceivables": 39500610000, "inventory": 1725020000, "otherCurrentAssets": 3343540000, "totalCurrentAssets": 49436450000, "propertyPlantEquipment": 429640000, "goodWill": 33570000, "intangibleAssets": 27510000, "otherAssets": 417640000, "deferredLongTermAssetCharges": 363690000, "totalAssets": 50344810000, "accountsPayable": 22211370000, "otherCurrentLiab": 4216780000, "longTermDebt": 20000, "otherLiab": 136110000, "minorityInterest": -83580000, "totalCurrentLiabilities": 39414690000, "totalLiab": 39618750000, "commonStock": 160360000, "retainedEarnings": 11980200000, "treasuryStock": -1330920000, "otherStockholderEquity": -1330920000, "totalStockholderEquity": 10809640000, "netTangibleAssets": 10748560000}], "maxAge": 86400}, "indexTrend": {"maxAge": 1, "symbol": "SP5", "peRatio": 19.7411, "pegRatio": 1.34172, "estimates": [{"period": "0q", "growth": 0.549}, {"period": "+1q", "growth": 0.431}, {"period": "0y", "growth": 0.305}, {"period": "+1y", "growth": 0.109}, {"period": "+5y", "growth": 0.120865}, {"period": "-5y"}]}, "defaultKeyStatistics": {"maxAge": 1, "priceHint": 2, "enterpriseValue": 49247989760, "profitMargins": 0.03351, "floatShares": 46547760, "sharesOutstanding": 160360000, "heldPercentInsiders": 0.73139, "heldPercentInstitutions": 0.081920005, "category": null, "bookValue": 66.048, "priceToBook": 4.557292, "fundFamily": null, "legalType": null, "lastFiscalYearEnd": "2020-03-31 05:30:00", "nextFiscalYearEnd": "2022-03-31 05:30:00", "mostRecentQuarter": "2020-12-31 05:30:00", "earningsQuarterlyGrowth": -0.564, "netIncomeToCommon": 1937490048, "trailingEps": 12.071, "lastSplitFactor": null, "enterpriseToRevenue": 0.852, "enterpriseToEbitda": 27.81, "52WeekChange": 0.91232526, "SandP52WeekChange": 0.48148263, "lastDividendValue": 6.0, "lastDividendDate": 1582502400}, "summaryProfile": {"address1": "Universal Majestic", "address2": "9th Floor P. L. Lokhande Marg Chembur West", "city": "Mumbai", "zip": "400043", "country": "India", "phone": "91 22 2548 5300", "fax": "91 22 2548 5331", "website": "http://www.sterlingandwilson.com", "industry": "Solar", "sector": "Technology", "longBusinessSummary": "Sterling and Wilson Solar Limited provides engineering, procurement, and construction (EPC) services to solar power projects. Its EPC services primarily include the design and engineering functions, procurement of raw materials and selection of vendors, inspection and audit, construction of the solar power project, and field quality monitoring services. The company also provides operations and maintenance services to third-party projects. Additionally, it imports, exports, and trades in solar modules, structures, invertors, and related accessories. Further, the company engages in the installation and maintenance of solar power generating facilities and other related activities. It has 245 solar power projects with an aggregate capacity of 10,134 mega-watt peak. The company's customers include independent power producers, developers, and equity funds. It operates in 25 countries with operations in India, the South-East Asia, the Middle East, Africa, Europe, the Americas, and Australia. The company was founded in 2011 and is based in New Delhi, India. Sterling and Wilson Solar Limited is a subsidiary of Shapoorji Pallonji and Company Private Limited.", "fullTimeEmployees": 1286, "companyOfficers": [], "maxAge": 86400}, "netSharePurchaseActivity": {"maxAge": 1, "period": "6m", "buyInfoCount": 0, "buyInfoShares": 0, "sellInfoCount": 0, "netInfoCount": 0, "netInfoShares": 0, "netPercentInsiderShares": 0.0, "totalInsiderShares": 117184936}, "insiderTransactions": {"transactions": [{"maxAge": 1, "shares": 4460000, "value": 15265242, "filerUrl": "", "transactionText": "Sale at price 3.42 per share.", "filerName": "Daruvala (Khurshed Yazdi)", "filerRelation": "Promoter", "moneyText": "", "startDate": "2021-03-31", "ownership": "D"}, {"maxAge": 1, "shares": 8000000, "value": 27440000, "filerUrl": "", "transactionText": "Sale at price 3.43 per share.", "filerName": "Daruvala (Khurshed Yazdi)", "filerRelation": "Promoter", "moneyText": "", "startDate": "2021-03-31", "ownership": "D"}, {"maxAge": 1, "shares": 4233600, "filerUrl": "", "transactionText": "Purchase at price 0.00 per share.", "filerName": "Daruvala (Khurshed Yazdi)", "filerRelation": "Promoter", "moneyText": "", "startDate": "2021-03-19", "ownership": "D"}, {"maxAge": 1, "shares": 1603600, "filerUrl": "", "transactionText": "Purchase at price 0.00 per share.", "filerName": "Ogra (Bikesh)", "filerRelation": "Promoter", "moneyText": "", "startDate": "2021-03-19", "ownership": "D"}, {"maxAge": 1, "shares": 2630000, "value": 8492270, "filerUrl": "", "transactionText": "Sale at price 3.23 per share.", "filerName": "Daruvala (Khurshed Yazdi)", "filerRelation": "Promoter", "moneyText": "", "startDate": "2020-12-31", "ownership": "D"}, {"maxAge": 1, "shares": 3000000, "value": 9473100, "filerUrl": "", "transactionText": "Sale at price 3.16 per share.", "filerName": "Daruvala (Khurshed Yazdi)", "filerRelation": "Promoter", "moneyText": "", "startDate": "2020-12-31", "ownership": "D"}, {"maxAge": 1, "shares": 13000000, "filerUrl": "", "transactionText": "Gift at price 0.00 per share.", "filerName": "Daruvala (Kainaz Khurshid)", "filerRelation": "Promoter", "moneyText": "", "startDate": "2020-12-23", "ownership": "D"}, {"maxAge": 1, "shares": 13000000, "filerUrl": "", "transactionText": "Gift at price 0.00 per share.", "filerName": "Daruvala (Khurshed Yazdi)", "filerRelation": "Promoter", "moneyText": "", "startDate": "2020-12-23", "ownership": "D"}], "maxAge": 1}, "quoteType": {"exchange": "NSI", "quoteType": "EQUITY", "symbol": "SWSOLAR.NS", "underlyingSymbol": "SWSOLAR.NS", "shortName": "Sterling & Wilson So Ltd", "longName": "Sterling and Wilson Solar Limited", "firstTradeDateEpochUtc": "2019-08-20 09:15:00", "timeZoneFullName": "Asia/Kolkata", "timeZoneShortName": "IST", "uuid": "63fa1011-7944-390e-8b63-19065ac8ec07", "messageBoardId": "finmb_567270629", "gmtOffSetMilliseconds": 19800000, "maxAge": 1}, "incomeStatementHistory": {"incomeStatementHistory": [{"maxAge": 1, "endDate": "2020-03-31", "totalRevenue": 55805840000, "costOfRevenue": 48435750000, "grossProfit": 7370090000, "researchDevelopment": {}, "sellingGeneralAdministrative": 2734910000, "nonRecurring": {}, "otherOperatingExpenses": 1429470000, "totalOperatingExpenses": 52778930000, "operatingIncome": 3026910000, "totalOtherIncomeExpenseNet": 958080000, "ebit": 3026910000, "interestExpense": -1885220000, "incomeBeforeTax": 3984990000, "incomeTaxExpense": 942270000, "minorityInterest": -83580000, "netIncomeFromContinuingOps": 3042720000, "discontinuedOperations": {}, "extraordinaryItems": {}, "effectOfAccountingCharges": {}, "otherItems": {}, "netIncome": 3100590000, "netIncomeApplicableToCommonShares": 3100590000}, {"maxAge": 1, "endDate": "2019-03-31", "totalRevenue": 82404080000, "costOfRevenue": 72383140000, "grossProfit": 10020940000, "researchDevelopment": {}, "sellingGeneralAdministrative": 2096400000, "nonRecurring": {}, "otherOperatingExpenses": 1435800000, "totalOperatingExpenses": 76036660000, "operatingIncome": 6367420000, "totalOtherIncomeExpenseNet": 1224290000, "ebit": 6367420000, "interestExpense": -745160000, "incomeBeforeTax": 7591710000, "incomeTaxExpense": 1209380000, "minorityInterest": -34850000, "netIncomeFromContinuingOps": 6382330000, "discontinuedOperations": {}, "extraordinaryItems": {}, "effectOfAccountingCharges": {}, "otherItems": {}, "netIncome": 6389890000, "netIncomeApplicableToCommonShares": 6389890000}, {"maxAge": 1, "endDate": "2018-03-31", "totalRevenue": 63431156055, "costOfRevenue": 56442890857, "grossProfit": 6988265198, "researchDevelopment": {}, "sellingGeneralAdministrative": 1069301628, "nonRecurring": {}, "otherOperatingExpenses": 781827757, "totalOperatingExpenses": 58350051016, "operatingIncome": 5081105039, "totalOtherIncomeExpenseNet": -201000017, "ebit": 5081105039, "interestExpense": -111600009, "incomeBeforeTax": 4880105022, "incomeTaxExpense": 721320060, "minorityInterest": -27150000, "netIncomeFromContinuingOps": 4158784962, "discontinuedOperations": {}, "extraordinaryItems": {}, "effectOfAccountingCharges": {}, "otherItems": {}, "netIncome": 4173932656, "netIncomeApplicableToCommonShares": 4173932656}], "maxAge": 86400}, "fundOwnership": {"maxAge": 1, "ownershipList": []}, "summaryDetail": {"maxAge": 1, "priceHint": 2, "previousClose": 304.6, "open": 303.0, "dayLow": 299.5, "dayHigh": 314.9, "regularMarketPreviousClose": 304.6, "regularMarketOpen": 303.0, "regularMarketDayLow": 299.5, "regularMarketDayHigh": 314.9, "exDividendDate": "2020-02-24 05:30:00", "payoutRatio": 0.4971, "trailingPE": 24.935797, "volume": 708773, "regularMarketVolume": 708773, "averageVolume": 1599464, "averageVolume10days": 1056162, "averageDailyVolume10Day": 1056162, "bid": 301.0, "ask": 0.0, "marketCap": 48268361728, "fiftyTwoWeekLow": 106.5, "fiftyTwoWeekHigh": 343.8, "priceToSalesTrailing12Months": 0.83477736, "fiftyDayAverage": 290.79306, "twoHundredDayAverage": 250.90517, "trailingAnnualDividendRate": 0.0, "trailingAnnualDividendYield": 0.0, "currency": "INR", "fromCurrency": null, "toCurrency": null, "lastMarket": null, "algorithm": null, "tradeable": false}, "incomeStatementHistoryQuarterly": {"incomeStatementHistory": [{"maxAge": 1, "endDate": "2020-12-31", "totalRevenue": 13117300000, "costOfRevenue": 12179900000, "grossProfit": 937400000, "researchDevelopment": {}, "sellingGeneralAdministrative": 497300000, "nonRecurring": {}, "otherOperatingExpenses": 295700000, "totalOperatingExpenses": 13011700000, "operatingIncome": 105600000, "totalOtherIncomeExpenseNet": 128000000, "ebit": 105600000, "interestExpense": -231100000, "incomeBeforeTax": 233600000, "incomeTaxExpense": 9100000, "minorityInterest": {}, "netIncomeFromContinuingOps": 224500000, "discontinuedOperations": {}, "extraordinaryItems": {}, "effectOfAccountingCharges": {}, "otherItems": {}, "netIncome": 216300000, "netIncomeApplicableToCommonShares": 216300000}, {"maxAge": 1, "endDate": "2020-09-30", "totalRevenue": 13366300000, "costOfRevenue": 12200800000, "grossProfit": 1165500000, "researchDevelopment": {}, "sellingGeneralAdministrative": 536500000, "nonRecurring": {}, "otherOperatingExpenses": 585400000, "totalOperatingExpenses": 13360000000, "operatingIncome": 6300000, "totalOtherIncomeExpenseNet": 168900000, "ebit": 6300000, "interestExpense": -224200000, "incomeBeforeTax": 175200000, "incomeTaxExpense": 24300000, "minorityInterest": -174500000, "netIncomeFromContinuingOps": 150900000, "discontinuedOperations": {}, "extraordinaryItems": {}, "effectOfAccountingCharges": {}, "otherItems": {}, "netIncome": 234200000, "netIncomeApplicableToCommonShares": 234200000}, {"maxAge": 1, "endDate": "2020-06-30", "totalRevenue": 10679000000, "costOfRevenue": 9536800000, "grossProfit": 1142200000, "researchDevelopment": {}, "sellingGeneralAdministrative": 496800000, "nonRecurring": {}, "otherOperatingExpenses": 479600000, "totalOperatingExpenses": 10552100000, "operatingIncome": 126900000, "totalOtherIncomeExpenseNet": 68500000, "ebit": 126900000, "interestExpense": -246300000, "incomeBeforeTax": 195400000, "incomeTaxExpense": 23200000, "minorityInterest": -174500000, "netIncomeFromContinuingOps": 172200000, "discontinuedOperations": {}, "extraordinaryItems": {}, "effectOfAccountingCharges": {}, "otherItems": {}, "netIncome": 164200000, "netIncomeApplicableToCommonShares": 164200000}, {"maxAge": 1, "endDate": "2020-03-31", "totalRevenue": 20659240000, "costOfRevenue": 17907390000, "grossProfit": 2751850000, "researchDevelopment": {}, "sellingGeneralAdministrative": 1025660000, "nonRecurring": {}, "otherOperatingExpenses": 226430000, "totalOperatingExpenses": 19230260000, "operatingIncome": 1428980000, "totalOtherIncomeExpenseNet": 161970000, "ebit": 1428980000, "interestExpense": -245210000, "incomeBeforeTax": 1590950000, "incomeTaxExpense": 305120000, "minorityInterest": -83580000, "netIncomeFromContinuingOps": 1285830000, "discontinuedOperations": {}, "extraordinaryItems": {}, "effectOfAccountingCharges": {}, "otherItems": {}, "netIncome": 1322760000, "netIncomeApplicableToCommonShares": 1322760000}], "maxAge": 86400}, "cashflowStatementHistoryQuarterly": {"cashflowStatements": [{"maxAge": 1, "endDate": "2020-12-31", "netIncome": 216300000, "changeToLiabilities": 0}, {"maxAge": 1, "endDate": "2020-09-30", "netIncome": 234200000, "changeToLiabilities": 0}, {"maxAge": 1, "endDate": "2020-06-30", "netIncome": 164200000, "changeToLiabilities": 0}, {"maxAge": 1, "endDate": "2020-03-31", "netIncome": 1322760000, "changeToLiabilities": 0}], "maxAge": 86400}, "insiderHolders": {"holders": [{"maxAge": 1, "name": "Daruvala (Kainaz Khurshid)", "relation": "Promoter", "url": "", "transactionDescription": "Gift", "latestTransDate": "2020-12-23", "positionDirect": 13000200, "positionDirectDate": "2020-12-23"}, {"maxAge": 1, "name": "Daruvala (Khurshed Yazdi)", "relation": "Promoter", "url": "", "transactionDescription": "Sale", "latestTransDate": "2021-03-31", "positionDirect": 20131390, "positionDirectDate": "2021-03-31"}, {"maxAge": 1, "name": "Ogra (Bikesh)", "relation": "Promoter", "url": "", "transactionDescription": "Purchase", "latestTransDate": "2021-03-19", "positionDirect": 1603600, "positionDirectDate": "2021-03-19"}], "maxAge": 1}, "calendarEvents": {"maxAge": 1, "earnings": {"earningsDate": ["2020-02-12 05:30:S"]}, "exDividendDate": "2020-02-24 05:30:00"}, "price": {"maxAge": 1, "regularMarketChangePercent": -0.011818799, "regularMarketChange": -3.600006, "regularMarketTime": "2021-04-30 15:30:02", "priceHint": 2, "regularMarketPrice": 301.0, "regularMarketDayHigh": 314.9, "regularMarketDayLow": 299.5, "regularMarketVolume": 708773, "averageDailyVolume10Day": 1056162, "averageDailyVolume3Month": 1599464, "regularMarketPreviousClose": 304.6, "regularMarketSource": "FREE_REALTIME", "regularMarketOpen": 303.0, "exchange": "NSI", "exchangeName": "NSE", "exchangeDataDelayedBy": 15, "marketState": "CLOSED", "quoteType": "EQUITY", "symbol": "SWSOLAR.NS", "underlyingSymbol": null, "shortName": "Sterling & Wilson So Ltd", "longName": "Sterling and Wilson Solar Limited", "currency": "INR", "quoteSourceName": "Delayed Quote", "currencySymbol": "\u20b9", "fromCurrency": null, "toCurrency": null, "lastMarket": null, "marketCap": 48268361728}, "balanceSheetHistory": {"balanceSheetStatements": [{"maxAge": 1, "endDate": "2020-03-31", "cash": 4632790000, "shortTermInvestments": 39410000, "netReceivables": 39500610000, "inventory": 1725020000, "otherCurrentAssets": 3343540000, "totalCurrentAssets": 49436450000, "propertyPlantEquipment": 429640000, "goodWill": 33570000, "intangibleAssets": 27510000, "otherAssets": 417640000, "deferredLongTermAssetCharges": 363690000, "totalAssets": 50344810000, "accountsPayable": 22211370000, "otherCurrentLiab": 4216780000, "longTermDebt": 20000, "otherLiab": 136110000, "minorityInterest": -83580000, "totalCurrentLiabilities": 39414690000, "totalLiab": 39618750000, "commonStock": 160360000, "retainedEarnings": 11980200000, "treasuryStock": -1330920000, "otherStockholderEquity": -1330920000, "totalStockholderEquity": 10809640000, "netTangibleAssets": 10748560000}, {"maxAge": 1, "endDate": "2019-03-31", "cash": 4207700000, "shortTermInvestments": 1690000, "netReceivables": 44469950000, "inventory": 1262400000, "otherCurrentAssets": 3092980000, "totalCurrentAssets": 53246880000, "propertyPlantEquipment": 265410000, "goodWill": 31150000, "intangibleAssets": 18330000, "otherAssets": 357420000, "deferredLongTermAssetCharges": 321230000, "totalAssets": 53919190000, "accountsPayable": 19125490000, "otherCurrentLiab": 3552840000, "longTermDebt": 20000, "otherLiab": 86110000, "minorityInterest": -34850000, "totalCurrentLiabilities": 45457850000, "totalLiab": 45543980000, "commonStock": 160360000, "retainedEarnings": 10068640000, "treasuryStock": -1818940000, "otherStockholderEquity": -1818940000, "totalStockholderEquity": 8410060000, "netTangibleAssets": 8360580000}, {"maxAge": 1, "endDate": "2018-03-31", "cash": 954660000, "shortTermInvestments": 1590000, "netReceivables": 41957690000, "inventory": 5243420000, "otherCurrentAssets": 569610000, "totalCurrentAssets": 48788170000, "propertyPlantEquipment": 230890000, "intangibleAssets": 10360000, "otherAssets": 174390000, "deferredLongTermAssetCharges": 110230000, "totalAssets": 49203810000, "accountsPayable": 37397940000, "otherCurrentLiab": 7586650000, "longTermDebt": 20000, "otherLiab": 55740000, "minorityInterest": -27150000, "totalCurrentLiabilities": 47209290000, "totalLiab": 47265050000, "commonStock": 160360000, "retainedEarnings": 3674600000, "treasuryStock": -1869050000, "otherStockholderEquity": -1869050000, "totalStockholderEquity": 1965910000, "netTangibleAssets": 1955550000}], "maxAge": 86400}, "financialData": {"maxAge": 86400, "currentPrice": 301.0, "recommendationKey": "none", "totalCash": 8361500160, "totalCashPerShare": 52.187, "ebitda": 1770902528, "totalDebt": 9557099520, "totalRevenue": 57821839360, "debtToEquity": 91.715, "revenuePerShare": 360.256, "grossProfits": 7370090000, "earningsGrowth": -0.563, "revenueGrowth": 0.219, "grossMargins": 0.10371, "ebitdaMargins": 0.03063, "operatingMargins": 0.02884, "profitMargins": 0.03351, "financialCurrency": "INR"}}}