{"SYMBIOX.BO": {"cashflowStatementHistory": {"cashflowStatements": [{"maxAge": 1, "endDate": "2020-03-31", "netIncome": 237556, "changeToNetincome": -148085, "changeToAccountReceivables": 12616414, "changeToLiabilities": 0, "changeToOperatingActivities": -10009885, "totalCashFromOperatingActivities": 2696000, "investments": -3840559, "totalCashflowsFromInvestingActivities": -3840559, "changeInCash": -1144559}, {"maxAge": 1, "endDate": "2019-03-31", "netIncome": -89716, "changeToNetincome": -504150, "changeToAccountReceivables": 3403304, "changeToLiabilities": 0, "changeToInventory": 98176, "changeToOperatingActivities": 11366219, "totalCashFromOperatingActivities": 14273833, "investments": -15496519, "totalCashflowsFromInvestingActivities": -15496519, "changeInCash": -1222686}, {"maxAge": 1, "endDate": "2018-03-31", "netIncome": 1316521, "depreciation": 36750, "changeToNetincome": 456580, "changeToAccountReceivables": -12745070, "changeToLiabilities": 0, "changeToInventory": 98176, "changeToOperatingActivities": 15691424, "totalCashFromOperatingActivities": 4756205, "investments": -4115144, "totalCashflowsFromInvestingActivities": -4115144, "changeInCash": 641061}, {"maxAge": 1, "endDate": "2017-03-31", "netIncome": 1127404, "depreciation": 46075, "changeToNetincome": 504150, "changeToAccountReceivables": -3274648, "changeToLiabilities": 0, "changeToInventory": 98176, "changeToOperatingActivities": 16540548, "totalCashFromOperatingActivities": 14943529, "capitalExpenditures": -65820, "investments": -13844100, "totalCashflowsFromInvestingActivities": -13909920, "changeInCash": 1033609}], "maxAge": 86400}, "institutionOwnership": {"ownershipList": [], "maxAge": 1}, "balanceSheetHistoryQuarterly": {"balanceSheetStatements": [{"maxAge": 1, "endDate": "2020-06-30", "totalStockholderEquity": 308929000, "netTangibleAssets": 308929000}, {"maxAge": 1, "endDate": "2020-03-31", "cash": 89389, "netReceivables": 148366773, "otherCurrentAssets": 1905117, "totalCurrentAssets": 319790601, "propertyPlantEquipment": 37485, "totalAssets": 319828086, "accountsPayable": 6996204, "otherCurrentLiab": 947408, "longTermDebt": 2627532, "totalCurrentLiabilities": 8271551, "totalLiab": 10899083, "commonStock": 312873300, "retainedEarnings": -4380947, "capitalSurplus": 436650, "totalStockholderEquity": 308929003, "netTangibleAssets": 308929003}, {"maxAge": 1, "endDate": "2019-12-31", "totalStockholderEquity": 309903000, "netTangibleAssets": 309903000}, {"maxAge": 1, "endDate": "2019-09-30", "cash": 825000, "shortTermInvestments": 167557000, "netReceivables": 150898000, "totalCurrentAssets": 319280000, "propertyPlantEquipment": 37000, "totalAssets": 319317000, "accountsPayable": 5334000, "otherCurrentLiab": 1452000, "longTermDebt": 2628000, "totalCurrentLiabilities": 6786000, "totalLiab": 9414000, "commonStock": 312873000, "treasuryStock": -2970000, "otherStockholderEquity": -2970000, "totalStockholderEquity": 309903000, "netTangibleAssets": 309903000}], "maxAge": 86400}, "indexTrend": {"maxAge": 1, "symbol": "SP5", "peRatio": 19.7411, "pegRatio": 1.34172, "estimates": [{"period": "0q", "growth": 0.549}, {"period": "+1q", "growth": 0.431}, {"period": "0y", "growth": 0.305}, {"period": "+1y", "growth": 0.109}, {"period": "+5y", "growth": 0.120859005}, {"period": "-5y"}]}, "quoteType": {"exchange": "BSE", "quoteType": "EQUITY", "symbol": "SYMBIOX.BO", "underlyingSymbol": "SYMBIOX.BO", "shortName": "Symbiox Investment & Trading C", "longName": "Symbiox Investment &amp; Trading Co. Ltd.", "firstTradeDateEpochUtc": "2015-12-10 09:15:00", "timeZoneFullName": "Asia/Kolkata", "timeZoneShortName": "IST", "uuid": "6174bac8-1870-38d8-a590-61e23e3fb97b", "gmtOffSetMilliseconds": 19800000, "maxAge": 1}, "incomeStatementHistory": {"incomeStatementHistory": [{"maxAge": 1, "endDate": "2020-03-31", "totalRevenue": 19971691, "costOfRevenue": 15413475, "grossProfit": 4558216, "researchDevelopment": {}, "sellingGeneralAdministrative": 1635867, "nonRecurring": {}, "otherOperatingExpenses": 2605314, "totalOperatingExpenses": 19654656, "operatingIncome": 317035, "totalOtherIncomeExpenseNet": -160, "ebit": 317035, "interestExpense": -160, "incomeBeforeTax": 316875, "incomeTaxExpense": 79319, "minorityInterest": {}, "netIncomeFromContinuingOps": 237556, "discontinuedOperations": {}, "extraordinaryItems": {}, "effectOfAccountingCharges": {}, "otherItems": {}, "netIncome": 237556, "netIncomeApplicableToCommonShares": 237556}, {"maxAge": 1, "endDate": "2019-03-31", "totalRevenue": 17496828, "costOfRevenue": 14375000, "grossProfit": 3121828, "researchDevelopment": {}, "sellingGeneralAdministrative": 1849909, "nonRecurring": {}, "otherOperatingExpenses": 890925, "totalOperatingExpenses": 17115834, "operatingIncome": 380994, "totalOtherIncomeExpenseNet": -14130, "ebit": 380994, "interestExpense": -1340, "incomeBeforeTax": 366864, "incomeTaxExpense": 456580, "minorityInterest": {}, "netIncomeFromContinuingOps": -89716, "discontinuedOperations": {}, "extraordinaryItems": {}, "effectOfAccountingCharges": {}, "otherItems": {}, "netIncome": -89716, "netIncomeApplicableToCommonShares": -89716}, {"maxAge": 1, "endDate": "2018-03-31", "totalRevenue": 28952927, "costOfRevenue": 23513750, "grossProfit": 5439177, "researchDevelopment": {}, "sellingGeneralAdministrative": 1480155, "nonRecurring": {}, "otherOperatingExpenses": 2149171, "totalOperatingExpenses": 27179826, "operatingIncome": 1773101, "totalOtherIncomeExpenseNet": 10402000, "ebit": 1773101, "interestExpense": -1340, "incomeBeforeTax": 1773101, "incomeTaxExpense": 456580, "minorityInterest": {}, "netIncomeFromContinuingOps": 1316521, "discontinuedOperations": {}, "extraordinaryItems": {}, "effectOfAccountingCharges": {}, "otherItems": {}, "netIncome": 1316521, "netIncomeApplicableToCommonShares": 1316521}, {"maxAge": 1, "endDate": "2017-03-31", "totalRevenue": 34689497, "costOfRevenue": 30156451, "grossProfit": 4533046, "researchDevelopment": {}, "sellingGeneralAdministrative": 1084910, "nonRecurring": {}, "otherOperatingExpenses": 1774484, "totalOperatingExpenses": 33061920, "operatingIncome": 1627577, "totalOtherIncomeExpenseNet": 3977, "ebit": 1627577, "interestExpense": -1340, "incomeBeforeTax": 1631554, "incomeTaxExpense": 504150, "minorityInterest": {}, "netIncomeFromContinuingOps": 1127404, "discontinuedOperations": {}, "extraordinaryItems": {}, "effectOfAccountingCharges": {}, "otherItems": {}, "netIncome": 1127404, "netIncomeApplicableToCommonShares": 1127404}], "maxAge": 86400}, "fundOwnership": {"ownershipList": [], "maxAge": 1}, "summaryDetail": {"maxAge": 1, "priceHint": 4, "previousClose": 0.8, "open": 0.8, "dayLow": 0.79, "dayHigh": 0.8, "regularMarketPreviousClose": 0.8, "regularMarketOpen": 0.8, "regularMarketDayLow": 0.79, "regularMarketDayHigh": 0.8, "trailingPE": 158.00002, "volume": 1600, "regularMarketVolume": 1600, "averageVolume": 5502, "averageVolume10days": 2803, "averageDailyVolume10Day": 2803, "bid": 0.76, "ask": 0.79, "bidSize": 0, "askSize": 0, "marketCap": 24716968, "fiftyTwoWeekLow": 0.19, "fiftyTwoWeekHigh": 1.1, "fiftyDayAverage": 0.9472727, "twoHundredDayAverage": 0.9146324, "currency": "INR", "fromCurrency": null, "lastMarket": null, "algorithm": null, "tradeable": false}, "incomeStatementHistoryQuarterly": {"incomeStatementHistory": [{"maxAge": 1, "endDate": "2020-06-30", "totalRevenue": 1176400, "costOfRevenue": 0, "grossProfit": 1176400, "researchDevelopment": {}, "sellingGeneralAdministrative": 329000, "nonRecurring": {}, "otherOperatingExpenses": 706900, "totalOperatingExpenses": 1035900, "operatingIncome": 140500, "totalOtherIncomeExpenseNet": 0, "ebit": 140500, "interestExpense": {}, "incomeBeforeTax": 140500, "incomeTaxExpense": 36500, "minorityInterest": {}, "netIncomeFromContinuingOps": 104000, "discontinuedOperations": {}, "extraordinaryItems": {}, "effectOfAccountingCharges": {}, "otherItems": {}, "netIncome": 104000, "netIncomeApplicableToCommonShares": 104000}, {"maxAge": 1, "endDate": "2020-03-31", "totalRevenue": 16831691, "costOfRevenue": 15413475, "grossProfit": 1418216, "researchDevelopment": {}, "sellingGeneralAdministrative": 513867, "nonRecurring": {}, "otherOperatingExpenses": 1316314, "totalOperatingExpenses": 17243656, "operatingIncome": -411965, "totalOtherIncomeExpenseNet": -160, "ebit": -411965, "interestExpense": -160, "incomeBeforeTax": -412125, "incomeTaxExpense": -346681, "minorityInterest": {}, "netIncomeFromContinuingOps": -65444, "discontinuedOperations": {}, "extraordinaryItems": {}, "effectOfAccountingCharges": {}, "otherItems": {}, "netIncome": -65444, "netIncomeApplicableToCommonShares": -65444}, {"maxAge": 1, "endDate": "2019-12-31", "totalRevenue": 218000, "costOfRevenue": 0, "grossProfit": 218000, "researchDevelopment": {}, "sellingGeneralAdministrative": 437000, "nonRecurring": {}, "otherOperatingExpenses": 690000, "totalOperatingExpenses": 1127000, "operatingIncome": -909000, "totalOtherIncomeExpenseNet": 0, "ebit": -909000, "interestExpense": -160, "incomeBeforeTax": -909000, "incomeTaxExpense": 0, "minorityInterest": {}, "netIncomeFromContinuingOps": -909000, "discontinuedOperations": {}, "extraordinaryItems": {}, "effectOfAccountingCharges": {}, "otherItems": {}, "netIncome": -909000, "netIncomeApplicableToCommonShares": -909000}, {"maxAge": 1, "endDate": "2019-09-30", "totalRevenue": 2360000, "costOfRevenue": 0, "grossProfit": 2360000, "researchDevelopment": {}, "sellingGeneralAdministrative": 609000, "nonRecurring": {}, "otherOperatingExpenses": 313000, "totalOperatingExpenses": 922000, "operatingIncome": 1438000, "totalOtherIncomeExpenseNet": 0, "ebit": 1438000, "interestExpense": -160, "incomeBeforeTax": 1438000, "incomeTaxExpense": 426000, "minorityInterest": {}, "netIncomeFromContinuingOps": 1012000, "discontinuedOperations": {}, "extraordinaryItems": {}, "effectOfAccountingCharges": {}, "otherItems": {}, "netIncome": 1012000, "netIncomeApplicableToCommonShares": 1012000}], "maxAge": 86400}, "cashflowStatementHistoryQuarterly": {"cashflowStatements": [{"maxAge": 1, "endDate": "2020-06-30", "netIncome": 104000, "changeToLiabilities": 0}, {"maxAge": 1, "endDate": "2020-03-31", "netIncome": -65444, "changeToLiabilities": 0}, {"maxAge": 1, "endDate": "2019-12-31", "netIncome": -909000, "changeToLiabilities": 0}, {"maxAge": 1, "endDate": "2019-09-30", "netIncome": 1012000, "changeToLiabilities": 0}], "maxAge": 86400}, "insiderHolders": {"holders": [], "maxAge": 1}, "calendarEvents": {"maxAge": 1, "earnings": {"earningsDate": ["2020-08-13 05:30:S"]}}, "upgradeDowngradeHistory": {"history": [], "maxAge": 86400}, "price": {"maxAge": 1, "regularMarketChangePercent": -0.012499988, "regularMarketChange": -0.00999999, "regularMarketTime": "2021-04-30 15:15:00", "priceHint": 4, "regularMarketPrice": 0.79, "regularMarketDayHigh": 0.8, "regularMarketDayLow": 0.79, "regularMarketVolume": 1600, "averageDailyVolume10Day": 2803, "averageDailyVolume3Month": 5502, "regularMarketPreviousClose": 0.8, "regularMarketSource": "FREE_REALTIME", "regularMarketOpen": 0.8, "exchange": "BSE", "exchangeName": "BSE", "exchangeDataDelayedBy": 0, "marketState": "CLOSED", "quoteType": "EQUITY", "symbol": "SYMBIOX.BO", "underlyingSymbol": null, "shortName": "Symbiox Investment & Trading C", "longName": "Symbiox Investment &amp; Trading Co. Ltd.", "currency": "INR", "quoteSourceName": "Delayed Quote", "currencySymbol": "\u20b9", "fromCurrency": null, "lastMarket": null, "marketCap": 24716968}, "balanceSheetHistory": {"balanceSheetStatements": [{"maxAge": 1, "endDate": "2020-03-31", "cash": 89389, "netReceivables": 148366773, "otherCurrentAssets": 1905117, "totalCurrentAssets": 319790601, "propertyPlantEquipment": 37485, "totalAssets": 319828086, "accountsPayable": 6996204, "otherCurrentLiab": 947408, "longTermDebt": 2627532, "totalCurrentLiabilities": 8271551, "totalLiab": 10899083, "commonStock": 312873300, "retainedEarnings": -4380947, "capitalSurplus": 436650, "totalStockholderEquity": 308929003, "netTangibleAssets": 308929003}, {"maxAge": 1, "endDate": "2019-03-31", "cash": 1233948, "netReceivables": 169486084, "otherCurrentAssets": 1708668, "totalCurrentAssets": 338017463, "propertyPlantEquipment": 37485, "totalAssets": 338054948, "accountsPayable": 25604787, "otherCurrentLiab": 1078343, "longTermDebt": 2627532, "totalCurrentLiabilities": 26735969, "totalLiab": 29363501, "commonStock": 312873300, "retainedEarnings": -4618503, "capitalSurplus": 436650, "totalStockholderEquity": 308691447, "netTangibleAssets": 308691447}, {"maxAge": 1, "endDate": "2018-03-31", "cash": 2456634, "shortTermInvestments": 150092244, "netReceivables": 171856515, "totalCurrentAssets": 324503569, "propertyPlantEquipment": 37485, "totalAssets": 324541054, "accountsPayable": 11228987, "otherCurrentLiab": 1933462, "longTermDebt": 2627532, "totalCurrentLiabilities": 13491178, "totalLiab": 16118710, "commonStock": 312873300, "retainedEarnings": -4887606, "treasuryStock": -4451000, "capitalSurplus": 436650, "otherStockholderEquity": -4451000, "totalStockholderEquity": 308422344, "netTangibleAssets": 308422344}, {"maxAge": 1, "endDate": "2017-03-31", "cash": 1815573, "shortTermInvestments": 145977100, "netReceivables": 169284121, "otherCurrentAssets": 1890115, "totalCurrentAssets": 319065085, "propertyPlantEquipment": 74235, "totalAssets": 319139320, "accountsPayable": 7246951, "otherCurrentLiab": 1476882, "longTermDebt": 2627532, "totalCurrentLiabilities": 9405965, "totalLiab": 12033497, "commonStock": 312873300, "retainedEarnings": -6204127, "capitalSurplus": 436650, "totalStockholderEquity": 307105823, "netTangibleAssets": 307105823}], "maxAge": 86400}, "financialData": {"maxAge": 86400, "currentPrice": 0.79, "recommendationKey": "none", "grossProfits": 4558216, "financialCurrency": "INR"}}}