{"SYMPHONY.NS": {"assetProfile": {"address1": "Symphony House", "address2": "Third Floor FP-12, TP-50, Off S.G. Highway Bodakdev", "city": "Ahmedabad", "zip": "380054", "country": "India", "phone": "91 79 6621 1111", "fax": "91 79 6621 1140", "website": "http://www.symphonylimited.com", "industry": "Furnishings, Fixtures & Appliances", "sector": "Consumer Cyclical", "longBusinessSummary": "Symphony Limited manufactures and trades in residential, commercial, and industrial air coolers and other appliances in India and internationally. The company offers large and medium space coolers, and spot coolers for household use; commercial coolers for use in workshops, restaurants, gyms, and indoor stadiums; and heavy duty air coolers for open and semi-open spaces. It sells its products primarily under the Symphony brand name in approximately 60 countries. The company was formerly known as Symphony Comfort Systems Ltd. and changed its name to Symphony Limited in June 2010. Symphony Limited was founded in 1988 and is headquartered in Ahmedabad, India.", "companyOfficers": [{"maxAge": 1, "name": "Mr. Achal Anil Bakeri", "age": 60, "title": "Founder, Chairman & MD", "yearBorn": 1960, "fiscalYear": 2020, "totalPay": 23765000, "exercisedValue": 0, "unexercisedValue": 0}, {"maxAge": 1, "name": "Mr. Bhadresh Vinaychandra Mehta B.Com., ACA, ACS, AICWA, IFRS and DISA", "age": 60, "title": "CFO and Sr. VP of Fin. & Accounts", "yearBorn": 1960, "fiscalYear": 2020, "totalPay": 5914000, "exercisedValue": 0, "unexercisedValue": 0}, {"maxAge": 1, "name": "Mr. Mayur C. Barvadiya", "title": "Compliance Officer & Company Sec.", "fiscalYear": 2020, "totalPay": 3405000, "exercisedValue": 0, "unexercisedValue": 0}, {"maxAge": 1, "name": "Mr. Nrupesh C. Shah", "age": 56, "title": "Exec. Director", "yearBorn": 1964, "fiscalYear": 2020, "totalPay": 16315000, "exercisedValue": 0, "unexercisedValue": 0}, {"maxAge": 1, "name": "Mr. Vijay R. Joshi BE (Mech)", "age": 57, "title": "CEO - India", "yearBorn": 1963, "exercisedValue": 0, "unexercisedValue": 0}, {"maxAge": 1, "name": "Mr. Milind  Kotecha", "title": "Mang. of Investor Relations and Treasury", "exercisedValue": 0, "unexercisedValue": 0}, {"maxAge": 1, "name": "Mr. Rajesh  Mishra", "age": 49, "title": "Pres of Sales & Marketing", "yearBorn": 1971, "exercisedValue": 0, "unexercisedValue": 0}, {"maxAge": 1, "name": "Mr. Nitendra  Patel", "title": "Associate VP of HRD", "exercisedValue": 0, "unexercisedValue": 0}, {"maxAge": 1, "name": "Mr. Jayesh  Gupta B.Com.", "age": 59, "title": "Sr. VP of Sales", "yearBorn": 1961, "exercisedValue": 0, "unexercisedValue": 0}, {"maxAge": 1, "name": "Mr. Juan  Bendeck MBA", "age": 54, "title": "CEO & Gen. Director of IMPCO S de R L De CV", "yearBorn": 1966, "exercisedValue": 0, "unexercisedValue": 0}], "compensationAsOfEpochDate": "2020-12-31 05:30:00", "maxAge": 86400}, "recommendationTrend": {"trend": [{"period": "0m", "strongBuy": 0, "buy": 0, "hold": 0, "sell": 0, "strongSell": 0}, {"period": "-1m", "strongBuy": 0, "buy": 0, "hold": 0, "sell": 0, "strongSell": 0}, {"period": "-2m", "strongBuy": 0, "buy": 0, "hold": 0, "sell": 0, "strongSell": 0}, {"period": "-3m", "strongBuy": 0, "buy": 0, "hold": 0, "sell": 0, "strongSell": 0}], "maxAge": 86400}, "cashflowStatementHistory": {"cashflowStatements": [{"maxAge": 1, "endDate": "2021-03-31", "netIncome": 1070000000, "depreciation": 210000000, "changeToNetincome": -380000000, "changeToAccountReceivables": -540000000, "changeToLiabilities": 190000000, "changeToInventory": -10000000, "changeToOperatingActivities": 350000000, "totalCashFromOperatingActivities": 890000000, "capitalExpenditures": -190000000, "investments": -470000000, "otherCashflowsFromInvestingActivities": 90000000, "totalCashflowsFromInvestingActivities": -530000000, "dividendsPaid": -80000000, "netBorrowings": -30000000, "otherCashflowsFromFinancingActivities": -110000000, "totalCashFromFinancingActivities": -220000000, "changeInCash": 140000000}, {"maxAge": 1, "endDate": "2020-03-31", "netIncome": 1814500000, "depreciation": 198100000, "changeToNetincome": -301500000, "changeToAccountReceivables": -148700000, "changeToLiabilities": -117600000, "changeToInventory": 16700000, "changeToOperatingActivities": 94300000, "totalCashFromOperatingActivities": 1569200000, "capitalExpenditures": -196000000, "investments": 925900000, "otherCashflowsFromInvestingActivities": 190100000, "totalCashflowsFromInvestingActivities": 781300000, "dividendsPaid": -450100000, "netBorrowings": -237700000, "otherCashflowsFromFinancingActivities": -459100000, "totalCashFromFinancingActivities": -2406100000, "changeInCash": -55600000}, {"maxAge": 1, "endDate": "2019-03-31", "netIncome": 922700000, "depreciation": 85800000, "changeToNetincome": -131000000, "changeToAccountReceivables": 165500000, "changeToLiabilities": -4900000, "changeToInventory": 47900000, "changeToOperatingActivities": 296900000, "totalCashFromOperatingActivities": 1395700000, "capitalExpenditures": -119000000, "investments": -670400000, "otherCashflowsFromInvestingActivities": 186300000, "totalCashflowsFromInvestingActivities": -2500000000, "dividendsPaid": -311600000, "netBorrowings": 1623000000, "otherCashflowsFromFinancingActivities": -133800000, "totalCashFromFinancingActivities": 1177600000, "changeInCash": 73300000}, {"maxAge": 1, "endDate": "2018-03-31", "netIncome": 1925500000, "depreciation": 55200000, "changeToNetincome": -438400000, "changeToAccountReceivables": -98300000, "changeToLiabilities": 69700000, "changeToInventory": -22400000, "changeToOperatingActivities": -435700000, "totalCashFromOperatingActivities": 1068500000, "capitalExpenditures": -107000000, "investments": -1171500000, "otherCashflowsFromInvestingActivities": 133900000, "totalCashflowsFromInvestingActivities": -1023500000, "dividendsPaid": -278000000, "netBorrowings": 62000000, "otherCashflowsFromFinancingActivities": -74800000, "totalCashFromFinancingActivities": -290800000, "changeInCash": -245800000}], "maxAge": 86400}, "indexTrend": {"maxAge": 1, "symbol": "SP5", "peRatio": 19.7411, "pegRatio": 1.34172, "estimates": [{"period": "0q", "growth": 0.549}, {"period": "+1q", "growth": 0.431}, {"period": "0y", "growth": 0.305}, {"period": "+1y", "growth": 0.109}, {"period": "+5y", "growth": 0.120865}, {"period": "-5y"}]}, "defaultKeyStatistics": {"maxAge": 1, "priceHint": 2, "enterpriseValue": 79689834496, "forwardPE": 38.227745, "profitMargins": 0.11889, "floatShares": 15206099, "sharesOutstanding": 69957000, "heldPercentInsiders": 0.76739997, "heldPercentInstitutions": 0.12443, "beta": 0.620374, "category": null, "bookValue": 110.79, "priceToBook": 10.6205435, "fundFamily": null, "legalType": null, "lastFiscalYearEnd": "2021-03-31 05:30:00", "nextFiscalYearEnd": "2023-03-31 05:30:00", "mostRecentQuarter": "2021-03-31 05:30:00", "earningsQuarterlyGrowth": 0.572, "netIncomeToCommon": 1070000000, "trailingEps": 15.35, "forwardEps": 30.78, "pegRatio": 1.37, "lastSplitFactor": "2:1", "lastSplitDate": "2016-09-14 05:30:00", "enterpriseToRevenue": 8.854, "enterpriseToEbitda": 57.331, "52WeekChange": 0.35076344, "SandP52WeekChange": 0.48148263, "lastDividendValue": 1.0, "lastDividendDate": 1612137600}, "industryTrend": {"maxAge": 1, "symbol": null, "estimates": []}, "quoteType": {"exchange": "NSI", "quoteType": "EQUITY", "symbol": "SYMPHONY.NS", "underlyingSymbol": "SYMPHONY.NS", "shortName": "SYMPHONY LTD", "longName": "Symphony Limited", "firstTradeDateEpochUtc": "2011-06-15 09:15:00", "timeZoneFullName": "Asia/Kolkata", "timeZoneShortName": "IST", "uuid": "b44cefb5-23d4-3eec-8856-efaa5ca6e091", "messageBoardId": "finmb_20361037", "gmtOffSetMilliseconds": 19800000, "maxAge": 1}, "incomeStatementHistory": {"incomeStatementHistory": [{"maxAge": 1, "endDate": "2021-03-31", "totalRevenue": 9000000000, "costOfRevenue": 4970000000, "grossProfit": 4030000000, "researchDevelopment": {}, "sellingGeneralAdministrative": 1280000000, "nonRecurring": {}, "otherOperatingExpenses": 1360000000, "totalOperatingExpenses": 7820000000, "operatingIncome": 1180000000, "totalOtherIncomeExpenseNet": 130000000, "ebit": 1180000000, "interestExpense": -110000000, "incomeBeforeTax": 1310000000, "incomeTaxExpense": 240000000, "minorityInterest": 50000000, "netIncomeFromContinuingOps": 1070000000, "discontinuedOperations": {}, "extraordinaryItems": {}, "effectOfAccountingCharges": {}, "otherItems": {}, "netIncome": 1070000000, "netIncomeApplicableToCommonShares": 1070000000}, {"maxAge": 1, "endDate": "2020-03-31", "totalRevenue": 11026400000, "costOfRevenue": 5859200000, "grossProfit": 5167200000, "researchDevelopment": {}, "sellingGeneralAdministrative": 1623800000, "nonRecurring": {}, "otherOperatingExpenses": 1427600000, "totalOperatingExpenses": 9122100000, "operatingIncome": 1904300000, "totalOtherIncomeExpenseNet": 400400000, "ebit": 1904300000, "interestExpense": -106800000, "incomeBeforeTax": 2304700000, "incomeTaxExpense": 487000000, "minorityInterest": 42500000, "netIncomeFromContinuingOps": 1817700000, "discontinuedOperations": {}, "extraordinaryItems": {}, "effectOfAccountingCharges": {}, "otherItems": {}, "netIncome": 1814500000, "netIncomeApplicableToCommonShares": 1814500000}, {"maxAge": 1, "endDate": "2019-03-31", "totalRevenue": 8436100000, "costOfRevenue": 4569300000, "grossProfit": 3866800000, "researchDevelopment": {}, "sellingGeneralAdministrative": 1523200000, "nonRecurring": {}, "otherOperatingExpenses": 1022900000, "totalOperatingExpenses": 7214000000, "operatingIncome": 1222100000, "totalOtherIncomeExpenseNet": 79500000, "ebit": 1222100000, "interestExpense": -69100000, "incomeBeforeTax": 1301600000, "incomeTaxExpense": 386100000, "minorityInterest": 33600000, "netIncomeFromContinuingOps": 915500000, "discontinuedOperations": {}, "extraordinaryItems": {}, "effectOfAccountingCharges": {}, "otherItems": {}, "netIncome": 922700000, "netIncomeApplicableToCommonShares": 922700000}, {"maxAge": 1, "endDate": "2018-03-31", "totalRevenue": 7982500000, "costOfRevenue": 3866400000, "grossProfit": 4116100000, "researchDevelopment": {}, "sellingGeneralAdministrative": 1139500000, "nonRecurring": {}, "otherOperatingExpenses": 784000000, "totalOperatingExpenses": 5858000000, "operatingIncome": 2124500000, "totalOtherIncomeExpenseNet": 523500000, "ebit": 2124500000, "interestExpense": -17900000, "incomeBeforeTax": 2648000000, "incomeTaxExpense": 722500000, "minorityInterest": 33600000, "netIncomeFromContinuingOps": 1925500000, "discontinuedOperations": {}, "extraordinaryItems": {}, "effectOfAccountingCharges": {}, "otherItems": {}, "netIncome": 1925500000, "netIncomeApplicableToCommonShares": 1925500000}], "maxAge": 86400}, "fundOwnership": {"maxAge": 1, "ownershipList": [{"maxAge": 1, "reportDate": "2021-01-31", "organization": "Vanguard International Stock Index-Emerging Markets Stk", "pctHeld": 0.0032, "position": 223751, "value": 224668379}, {"maxAge": 1, "reportDate": "2021-01-31", "organization": "Vanguard International Stock Index-Total Intl Stock Indx", "pctHeld": 0.0027, "position": 187855, "value": 188625205}, {"maxAge": 1, "reportDate": "2021-03-31", "organization": "iShares Core MSCI Emerging Markets ETF", "pctHeld": 0.0023, "position": 160139, "value": 202567828}, {"maxAge": 1, "reportDate": "2021-01-31", "organization": "DFA Emerging Markets Core Equity Portfolio", "pctHeld": 0.0011999999, "position": 82664, "value": 83002922}, {"maxAge": 1, "reportDate": "2021-01-31", "organization": "DFA Emerging Markets Small Cap Series", "pctHeld": 0.001, "position": 72354, "value": 72650651}, {"maxAge": 1, "reportDate": "2021-01-31", "organization": "Vanguard Intl Equity Index Fds-FTSE All World ex U.S.Small Cap Index", "pctHeld": 0.0007, "position": 47028, "value": 47220814}, {"maxAge": 1, "reportDate": "2021-03-31", "organization": "iShares Core MSCI Total International Stock ETF", "pctHeld": 0.0005, "position": 38418, "value": 48596849}, {"maxAge": 1, "reportDate": "2021-03-31", "organization": "iShares MSCI India Small Cap ETF", "pctHeld": 0.0005, "position": 32596, "value": 41232310}, {"maxAge": 1, "reportDate": "2021-03-31", "organization": "SPDR (R) Idx Shares-SPDR (R) Emerging Markets Small Cap ETF", "pctHeld": 0.0004, "position": 25337, "value": 32050038}, {"maxAge": 1, "reportDate": "2021-02-28", "organization": "WisdomTree Tr-WisdomTree India Earnings Fd", "pctHeld": 0.0002, "position": 16903, "value": 18959249}]}, "summaryDetail": {"maxAge": 1, "priceHint": 2, "previousClose": 1183.65, "open": 1188.0, "dayLow": 1170.0, "dayHigh": 1205.0, "regularMarketPreviousClose": 1183.65, "regularMarketOpen": 1188.0, "regularMarketDayLow": 1170.0, "regularMarketDayHigh": 1205.0, "dividendRate": 4.0, "dividendYield": 0.0034, "exDividendDate": "2021-02-01 05:30:00", "payoutRatio": 0.1869, "fiveYearAvgDividendYield": 0.45, "beta": 0.620374, "trailingPE": 76.654724, "forwardPE": 38.227745, "volume": 93783, "regularMarketVolume": 93783, "averageVolume": 155122, "averageVolume10days": 224369, "averageDailyVolume10Day": 224369, "bid": 0.0, "ask": 0.0, "bidSize": 0, "askSize": 0, "marketCap": 82314903552, "fiftyTwoWeekLow": 755.7, "fiftyTwoWeekHigh": 1528.8, "priceToSalesTrailing12Months": 9.146101, "fiftyDayAverage": 1247.2097, "twoHundredDayAverage": 1043.201, "trailingAnnualDividendRate": 5.0, "trailingAnnualDividendYield": 0.0042242217, "currency": "INR", "fromCurrency": null, "toCurrency": null, "lastMarket": null, "algorithm": null, "tradeable": false}, "insiderHolders": {"holders": [{"maxAge": 1, "name": "Achal Bakeri Family Trust", "relation": "Institution- Corporation", "url": "", "transactionDescription": "Gift", "latestTransDate": "2019-02-13", "positionDirect": 1000, "positionDirectDate": "2019-02-13"}, {"maxAge": 1, "name": "Bakeri (Achal Anil)", "relation": "Promoter", "url": "", "transactionDescription": "Sale", "latestTransDate": "2020-06-26", "positionDirect": 29261600, "positionDirectDate": "2020-06-26"}, {"maxAge": 1, "name": "Bakeri (Hirva Achal)", "relation": "Promoter", "url": "", "transactionDescription": "Acquisition", "latestTransDate": "2019-09-30", "positionDirect": 1000, "positionDirectDate": "2019-09-30"}, {"maxAge": 1, "name": "Bakeri (Rupa Achal)", "relation": "Promoter", "url": "", "transactionDescription": "Sale", "latestTransDate": "2019-09-30", "positionDirect": 7092940, "positionDirectDate": "2019-09-30"}, {"maxAge": 1, "name": "Bhamre (Santosh)", "relation": "UNREPORTED", "url": "", "transactionDescription": "Sale", "latestTransDate": "2020-02-28", "positionDirect": 0, "positionDirectDate": "2020-02-28"}, {"maxAge": 1, "name": "Gupta (Jayesh)", "relation": "Divisional Officer", "url": "", "transactionDescription": "Acquisition", "latestTransDate": "2019-06-26", "positionDirect": 9700, "positionDirectDate": "2019-06-26"}, {"maxAge": 1, "name": "Hirva Bakeri Family Trust", "relation": "Institution- Corporation", "url": "", "transactionDescription": "Acquisition", "latestTransDate": "2019-03-27", "positionDirect": 1000, "positionDirectDate": "2019-03-27"}, {"maxAge": 1, "name": "Jonaki Bakeri Family Trust", "relation": "Institution- Corporation", "url": "", "transactionDescription": "Gift", "latestTransDate": "2019-02-13", "positionDirect": 1000, "positionDirectDate": "2019-02-13"}, {"maxAge": 1, "name": "Rupa Bakery Family trust", "relation": "Promoter", "url": "", "transactionDescription": "Acquisition", "latestTransDate": "2020-06-26", "positionDirect": 1000, "positionDirectDate": "2020-06-26"}, {"maxAge": 1, "name": "Shah (Deshana Deval)", "relation": "UNREPORTED", "url": "", "transactionDescription": "Acquisition", "latestTransDate": "2021-03-08", "positionDirect": 250, "positionDirectDate": "2021-03-08"}], "maxAge": 1}, "calendarEvents": {"maxAge": 1, "earnings": {"earningsDate": [], "earningsAverage": 4.46, "earningsLow": 4.0, "earningsHigh": 4.92, "revenueAverage": 850000000, "revenueLow": 1106000000, "revenueHigh": 1608000000}, "exDividendDate": "2021-02-01 05:30:00"}, "price": {"maxAge": 1, "regularMarketChangePercent": -0.0059139105, "regularMarketChange": -7.0, "regularMarketTime": "2021-04-30 15:30:00", "priceHint": 2, "regularMarketPrice": 1176.65, "regularMarketDayHigh": 1205.0, "regularMarketDayLow": 1170.0, "regularMarketVolume": 93783, "averageDailyVolume10Day": 224369, "averageDailyVolume3Month": 155122, "regularMarketPreviousClose": 1183.65, "regularMarketSource": "FREE_REALTIME", "regularMarketOpen": 1188.0, "exchange": "NSI", "exchangeName": "NSE", "exchangeDataDelayedBy": 15, "marketState": "CLOSED", "quoteType": "EQUITY", "symbol": "SYMPHONY.NS", "underlyingSymbol": null, "shortName": "SYMPHONY LTD", "longName": "Symphony Limited", "currency": "INR", "quoteSourceName": "Delayed Quote", "currencySymbol": "\u20b9", "fromCurrency": null, "toCurrency": null, "lastMarket": null, "marketCap": 82314903552}, "balanceSheetHistory": {"balanceSheetStatements": [{"maxAge": 1, "endDate": "2021-03-31", "cash": 390000000, "shortTermInvestments": 3250000000, "netReceivables": 1670000000, "inventory": 1190000000, "otherCurrentAssets": 430000000, "totalCurrentAssets": 6930000000, "longTermInvestments": 1590000000, "propertyPlantEquipment": 1380000000, "goodWill": 1610000000, "intangibleAssets": 550000000, "otherAssets": 140000000, "deferredLongTermAssetCharges": 90000000, "totalAssets": 12200000000, "accountsPayable": 1300000000, "otherCurrentLiab": 910000000, "longTermDebt": 1400000000, "otherLiab": 160000000, "minorityInterest": 50000000, "totalCurrentLiabilities": 2740000000, "totalLiab": 4560000000, "commonStock": 140000000, "treasuryStock": 7450000000, "otherStockholderEquity": 7450000000, "totalStockholderEquity": 7590000000, "netTangibleAssets": 5430000000}, {"maxAge": 1, "endDate": "2020-03-31", "cash": 205900000, "shortTermInvestments": 2990500000, "netReceivables": 1226200000, "inventory": 1178200000, "otherCurrentAssets": 613500000, "totalCurrentAssets": 6260800000, "longTermInvestments": 1133500000, "propertyPlantEquipment": 1373100000, "goodWill": 1359700000, "intangibleAssets": 469000000, "otherAssets": 46700000, "totalAssets": 10642800000, "accountsPayable": 1145400000, "otherCurrentLiab": 662200000, "longTermDebt": 715100000, "otherLiab": 159400000, "minorityInterest": 42500000, "totalCurrentLiabilities": 3051800000, "totalLiab": 4208200000, "commonStock": 139900000, "retainedEarnings": 6236600000, "treasuryStock": 15600000, "otherStockholderEquity": 15600000, "totalStockholderEquity": 6392100000, "netTangibleAssets": 4563400000}, {"maxAge": 1, "endDate": "2019-03-31", "cash": 261500000, "shortTermInvestments": 2954000000, "netReceivables": 1066400000, "inventory": 1194900000, "otherCurrentAssets": 554000000, "totalCurrentAssets": 6140400000, "longTermInvestments": 1866300000, "propertyPlantEquipment": 954700000, "goodWill": 1430800000, "intangibleAssets": 46700000, "otherAssets": 266700000, "deferredLongTermAssetCharges": 191200000, "totalAssets": 10705600000, "accountsPayable": 1290900000, "otherCurrentLiab": 543100000, "longTermDebt": 1236000000, "otherLiab": 127500000, "minorityInterest": 33600000, "totalCurrentLiabilities": 2647900000, "totalLiab": 4011400000, "commonStock": 139900000, "retainedEarnings": 6495800000, "treasuryStock": 24900000, "otherStockholderEquity": 24900000, "totalStockholderEquity": 6660600000, "netTangibleAssets": 5183100000}, {"maxAge": 1, "endDate": "2018-03-31", "cash": 188200000, "shortTermInvestments": 2503800000, "netReceivables": 648600000, "inventory": 795700000, "otherCurrentAssets": 821900000, "totalCurrentAssets": 4968400000, "longTermInvestments": 1720100000, "propertyPlantEquipment": 718600000, "goodWill": 38900000, "intangibleAssets": 60400000, "otherAssets": 59100000, "totalAssets": 7565500000, "accountsPayable": 583500000, "otherCurrentLiab": 429000000, "otherLiab": 112200000, "totalCurrentLiabilities": 1337200000, "totalLiab": 1449400000, "commonStock": 139900000, "retainedEarnings": 5952800000, "treasuryStock": 23400000, "otherStockholderEquity": 23400000, "totalStockholderEquity": 6116100000, "netTangibleAssets": 6016800000}], "maxAge": 86400}, "earningsTrend": {"trend": [{"maxAge": 1, "period": "0q", "endDate": "2018-06-30", "growth": 0.29700002, "earningsEstimate": {"avg": 4.46, "low": 4.0, "high": 4.92, "yearAgoEps": 3.44, "numberOfAnalysts": 2, "growth": 0.29700002}, "revenueEstimate": {"avg": 850000000, "low": 1106000000, "high": 1608000000, "numberOfAnalysts": 4, "yearAgoRevenue": 1297500000, "growth": -0.345}, "epsTrend": {"current": 4.46, "7daysAgo": 4.46, "30daysAgo": 4.92, "60daysAgo": 4.92, "90daysAgo": 5.74}, "epsRevisions": {"upLast7days": 0, "upLast30days": 0, "downLast30days": 0, "downLast90days": {}}}, {"maxAge": 1, "period": "+1q", "endDate": "2018-09-30", "growth": -0.525, "earningsEstimate": {"avg": 3.44, "low": 3.44, "high": 3.44, "yearAgoEps": 7.24, "numberOfAnalysts": 1, "growth": -0.525}, "revenueEstimate": {"avg": 1099000000, "low": 1099000000, "high": 1099000000, "numberOfAnalysts": 1, "yearAgoRevenue": 1842500000, "growth": -0.404}, "epsTrend": {"current": 3.44, "7daysAgo": 3.44, "30daysAgo": 8.15, "60daysAgo": 8.15, "90daysAgo": 9.16}, "epsRevisions": {"upLast7days": 0, "upLast30days": 0, "downLast30days": 1, "downLast90days": {}}}, {"maxAge": 1, "period": "0y", "endDate": "2019-03-31", "growth": -0.012, "earningsEstimate": {"avg": 25.84, "low": 17.04, "high": 31.2, "yearAgoEps": 26.15, "numberOfAnalysts": 6, "growth": -0.012}, "revenueEstimate": {"avg": 7400350000, "low": 5228000000, "high": 9476000000, "numberOfAnalysts": 5, "yearAgoRevenue": 6870200000, "growth": 0.077}, "epsTrend": {"current": 25.84, "7daysAgo": 25.84, "30daysAgo": 31.55, "60daysAgo": 31.55, "90daysAgo": 36.47}, "epsRevisions": {"upLast7days": 0, "upLast30days": 0, "downLast30days": 1, "downLast90days": {}}}, {"maxAge": 1, "period": "+1y", "endDate": "2020-03-31", "growth": 0.191, "earningsEstimate": {"avg": 30.78, "low": 26.43, "high": 34.3, "yearAgoEps": 25.84, "numberOfAnalysts": 4, "growth": 0.191}, "revenueEstimate": {"avg": 9958200000, "low": 7297000000, "high": 12595000000, "numberOfAnalysts": 5, "yearAgoRevenue": 7400350000, "growth": 0.346}, "epsTrend": {"current": 30.78, "7daysAgo": 31.79, "30daysAgo": 39.6, "60daysAgo": 39.6, "90daysAgo": 44.92}, "epsRevisions": {"upLast7days": 0, "upLast30days": 0, "downLast30days": 1, "downLast90days": {}}}, {"maxAge": 1, "period": "+5y", "endDate": null, "growth": 0.314, "earningsEstimate": {"avg": {}, "low": {}, "high": {}, "yearAgoEps": {}, "numberOfAnalysts": {}, "growth": {}}, "revenueEstimate": {"avg": {}, "low": {}, "high": {}, "numberOfAnalysts": {}, "yearAgoRevenue": {}, "growth": {}}, "epsTrend": {"current": {}, "7daysAgo": {}, "30daysAgo": {}, "60daysAgo": {}, "90daysAgo": {}}, "epsRevisions": {"upLast7days": {}, "upLast30days": {}, "downLast30days": {}, "downLast90days": {}}}, {"maxAge": 1, "period": "-5y", "endDate": null, "growth": 0.23431998, "earningsEstimate": {"avg": {}, "low": {}, "high": {}, "yearAgoEps": {}, "numberOfAnalysts": {}, "growth": {}}, "revenueEstimate": {"avg": {}, "low": {}, "high": {}, "numberOfAnalysts": {}, "yearAgoRevenue": {}, "growth": {}}, "epsTrend": {"current": {}, "7daysAgo": {}, "30daysAgo": {}, "60daysAgo": {}, "90daysAgo": {}}, "epsRevisions": {"upLast7days": {}, "upLast30days": {}, "downLast30days": {}, "downLast90days": {}}}], "maxAge": 1}, "institutionOwnership": {"maxAge": 1, "ownershipList": []}, "majorHoldersBreakdown": {"maxAge": 1, "insidersPercentHeld": 0.76739997, "institutionsPercentHeld": 0.12443, "institutionsFloatPercentHeld": 0.53494, "institutionsCount": 31}, "balanceSheetHistoryQuarterly": {"balanceSheetStatements": [{"maxAge": 1, "endDate": "2021-03-31", "cash": 390000000, "shortTermInvestments": 3250000000, "netReceivables": 1670000000, "inventory": 1190000000, "otherCurrentAssets": 430000000, "totalCurrentAssets": 6930000000, "longTermInvestments": 1590000000, "propertyPlantEquipment": 1380000000, "goodWill": 1610000000, "intangibleAssets": 550000000, "otherAssets": 140000000, "deferredLongTermAssetCharges": 90000000, "totalAssets": 12200000000, "accountsPayable": 1300000000, "otherCurrentLiab": 910000000, "longTermDebt": 1400000000, "otherLiab": 160000000, "minorityInterest": 50000000, "totalCurrentLiabilities": 2740000000, "totalLiab": 4560000000, "commonStock": 140000000, "treasuryStock": 7450000000, "otherStockholderEquity": 7450000000, "totalStockholderEquity": 7590000000, "netTangibleAssets": 5430000000}, {"maxAge": 1, "endDate": "2020-12-31", "totalStockholderEquity": 6620000000, "netTangibleAssets": 4580000000}, {"maxAge": 1, "endDate": "2020-09-30", "cash": 210000000, "shortTermInvestments": 4620000000, "netReceivables": 580000000, "inventory": 780000000, "otherCurrentAssets": 440000000, "totalCurrentAssets": 6630000000, "longTermInvestments": 1460000000, "propertyPlantEquipment": 1350000000, "goodWill": 1520000000, "intangibleAssets": 520000000, "otherAssets": 130000000, "deferredLongTermAssetCharges": 80000000, "totalAssets": 11610000000, "accountsPayable": 790000000, "otherCurrentLiab": 1760000000, "longTermDebt": 1310000000, "otherLiab": 160000000, "minorityInterest": 40000000, "totalCurrentLiabilities": 3210000000, "totalLiab": 4950000000, "commonStock": 140000000, "treasuryStock": 6480000000, "otherStockholderEquity": 6480000000, "totalStockholderEquity": 6620000000, "netTangibleAssets": 4580000000}, {"maxAge": 1, "endDate": "2020-06-30", "totalStockholderEquity": 6390000000, "netTangibleAssets": 4560000000}], "maxAge": 86400}, "earningsHistory": {"history": [{"maxAge": 1, "epsActual": 3.44, "epsEstimate": 5.95, "epsDifference": -2.51, "surprisePercent": -0.42200002, "quarter": "2017-06-30", "period": "-4q"}, {"maxAge": 1, "epsActual": 7.24, "epsEstimate": 6.3, "epsDifference": 0.94, "surprisePercent": 0.14899999, "quarter": "2017-09-30", "period": "-3q"}, {"maxAge": 1, "epsActual": 9.48, "epsEstimate": 8.66, "epsDifference": 0.82, "surprisePercent": 0.095, "quarter": "2017-12-31", "period": "-2q"}, {"maxAge": 1, "epsActual": 5.99, "epsEstimate": 9.02, "epsDifference": -3.03, "surprisePercent": -0.336, "quarter": "2018-03-31", "period": "-1q"}], "maxAge": 86400}, "summaryProfile": {"address1": "Symphony House", "address2": "Third Floor FP-12, TP-50, Off S.G. Highway Bodakdev", "city": "Ahmedabad", "zip": "380054", "country": "India", "phone": "91 79 6621 1111", "fax": "91 79 6621 1140", "website": "http://www.symphonylimited.com", "industry": "Furnishings, Fixtures & Appliances", "sector": "Consumer Cyclical", "longBusinessSummary": "Symphony Limited manufactures and trades in residential, commercial, and industrial air coolers and other appliances in India and internationally. The company offers large and medium space coolers, and spot coolers for household use; commercial coolers for use in workshops, restaurants, gyms, and indoor stadiums; and heavy duty air coolers for open and semi-open spaces. It sells its products primarily under the Symphony brand name in approximately 60 countries. The company was formerly known as Symphony Comfort Systems Ltd. and changed its name to Symphony Limited in June 2010. Symphony Limited was founded in 1988 and is headquartered in Ahmedabad, India.", "companyOfficers": [], "maxAge": 86400}, "netSharePurchaseActivity": {"maxAge": 1, "period": "6m", "buyInfoCount": 0, "buyInfoShares": 0, "sellInfoCount": 0, "netInfoCount": 0, "netInfoShares": 0, "netPercentInsiderShares": 0.0, "totalInsiderShares": 52573256}, "insiderTransactions": {"transactions": [{"maxAge": 1, "shares": 250, "value": 4634, "filerUrl": "", "transactionText": "Acquisition at price 18.54 per share.", "filerName": "Shah (Deshana Deval)", "filerRelation": "UNREPORTED", "moneyText": "", "startDate": "2021-03-08", "ownership": "D"}, {"maxAge": 1, "shares": 1000, "filerUrl": "", "transactionText": "", "filerName": "Bakeri (Achal Anil)", "filerRelation": "Promoter", "moneyText": "", "startDate": "2020-06-26", "ownership": "D"}, {"maxAge": 1, "shares": 1000, "filerUrl": "", "transactionText": "", "filerName": "Rupa Bakery Family trust", "filerRelation": "Promoter", "moneyText": "", "startDate": "2020-06-26", "ownership": "D"}, {"maxAge": 1, "shares": 1419, "filerUrl": "", "transactionText": "", "filerName": "Bhamre (Santosh)", "filerRelation": "UNREPORTED", "moneyText": "", "startDate": "2020-02-28", "ownership": "D"}, {"maxAge": 1, "shares": 1000, "filerUrl": "", "transactionText": "", "filerName": "Bakeri (Rupa Achal)", "filerRelation": "Promoter", "moneyText": "", "startDate": "2019-09-30", "ownership": "D"}, {"maxAge": 1, "shares": 1000, "filerUrl": "", "transactionText": "", "filerName": "Bakeri (Hirva Achal)", "filerRelation": "Promoter", "moneyText": "", "startDate": "2019-09-30", "ownership": "D"}, {"maxAge": 1, "shares": 1418, "filerUrl": "", "transactionText": "", "filerName": "Bhamre (Santosh)", "filerRelation": "UNREPORTED", "moneyText": "", "startDate": "2019-06-28", "ownership": "D"}, {"maxAge": 1, "shares": 100, "filerUrl": "", "transactionText": "", "filerName": "Gupta (Jayesh)", "filerRelation": "Divisional Officer", "moneyText": "", "startDate": "2019-06-26", "ownership": "D"}, {"maxAge": 1, "shares": 1000, "filerUrl": "", "transactionText": "", "filerName": "Hirva Bakeri Family Trust", "filerRelation": "Institution- Corporation", "moneyText": "", "startDate": "2019-03-27", "ownership": "D"}, {"maxAge": 1, "shares": 1000, "filerUrl": "", "transactionText": "", "filerName": "Bakeri (Rupa Achal)", "filerRelation": "Promoter", "moneyText": "", "startDate": "2019-03-27", "ownership": "D"}, {"maxAge": 1, "shares": 1000, "filerUrl": "", "transactionText": "", "filerName": "Bakeri (Achal Anil)", "filerRelation": "Chairman of the Board", "moneyText": "", "startDate": "2019-02-13", "ownership": "D"}, {"maxAge": 1, "shares": 2000, "filerUrl": "", "transactionText": "", "filerName": "Bakeri (Rupa Achal)", "filerRelation": "Promoter", "moneyText": "", "startDate": "2019-02-13", "ownership": "D"}, {"maxAge": 1, "shares": 1000, "filerUrl": "", "transactionText": "", "filerName": "Achal Bakeri Family Trust", "filerRelation": "Institution- Corporation", "moneyText": "", "startDate": "2019-02-13", "ownership": "D"}, {"maxAge": 1, "shares": 1000, "filerUrl": "", "transactionText": "", "filerName": "Jonaki Bakeri Family Trust", "filerRelation": "Institution- Corporation", "moneyText": "", "startDate": "2019-02-13", "ownership": "D"}, {"maxAge": 1, "shares": 7104, "filerUrl": "", "transactionText": "", "filerName": "Nrupesh Shah Family Trust.", "filerRelation": "UNREPORTED", "moneyText": "", "startDate": "2018-06-29", "ownership": "D"}, {"maxAge": 1, "shares": 21649, "filerUrl": "", "transactionText": "", "filerName": "Nrupesh Shah Family Trust.", "filerRelation": "UNREPORTED", "moneyText": "", "startDate": "2018-06-25", "ownership": "D"}, {"maxAge": 1, "shares": 125000, "filerUrl": "", "transactionText": "", "filerName": "Shah (Chandravadan B) HUF", "filerRelation": "UNREPORTED", "moneyText": "", "startDate": "2018-06-25", "ownership": "D"}, {"maxAge": 1, "shares": 22462, "filerUrl": "", "transactionText": "", "filerName": "Shah (Chandravadan B) HUF", "filerRelation": "Institution- Corporation", "moneyText": "", "startDate": "2018-03-28", "ownership": "D"}, {"maxAge": 1, "shares": 124514, "filerUrl": "", "transactionText": "", "filerName": "Nrupesh Shah Family Trust.", "filerRelation": "Institution- Corporation", "moneyText": "", "startDate": "2018-03-28", "ownership": "D"}, {"maxAge": 1, "shares": 70100, "filerUrl": "", "transactionText": "", "filerName": "Neelam Professionals L.L.P.", "filerRelation": "Institution- Corporation", "moneyText": "", "startDate": "2018-03-28", "ownership": "D"}, {"maxAge": 1, "shares": 37451, "filerUrl": "", "transactionText": "", "filerName": "Nabab Consultants L.L.P.", "filerRelation": "Institution- Corporation", "moneyText": "", "startDate": "2018-03-28", "ownership": "D"}, {"maxAge": 1, "shares": 12483200, "filerUrl": "", "transactionText": "", "filerName": "Sanskrut Tradecom Pvt. Ltd.", "filerRelation": "Promoter", "moneyText": "", "startDate": "2018-01-11", "ownership": "D"}, {"maxAge": 1, "shares": 6443600, "filerUrl": "", "transactionText": "", "filerName": "Oras Investments Pvt. Ltd.", "filerRelation": "Promoter", "moneyText": "", "startDate": "2018-01-11", "ownership": "D"}, {"maxAge": 1, "shares": 6039600, "filerUrl": "", "transactionText": "", "filerName": "Paratam Investments Pvt. Ltd.", "filerRelation": "Promoter", "moneyText": "", "startDate": "2018-01-11", "ownership": "D"}, {"maxAge": 1, "shares": 15000, "filerUrl": "", "transactionText": "", "filerName": "Neelam Professionals L.L.P.", "filerRelation": "Institution- Corporation", "moneyText": "", "startDate": "2017-03-30", "ownership": "D"}, {"maxAge": 1, "shares": 25000, "filerUrl": "", "transactionText": "", "filerName": "Neelam Professionals L.L.P.", "filerRelation": "Institution- Corporation", "moneyText": "", "startDate": "2017-03-29", "ownership": "D"}, {"maxAge": 1, "shares": 6500, "filerUrl": "", "transactionText": "", "filerName": "Neelam Professionals L.L.P.", "filerRelation": "Institution- Corporation", "moneyText": "", "startDate": "2017-03-27", "ownership": "D"}, {"maxAge": 1, "shares": 118431, "filerUrl": "", "transactionText": "", "filerName": "Neelam Professionals L.L.P.", "filerRelation": "Institution- Corporation", "moneyText": "", "startDate": "2017-03-23", "ownership": "D"}, {"maxAge": 1, "shares": 100000, "filerUrl": "", "transactionText": "", "filerName": "Nrupesh Shah Family Trust.", "filerRelation": "Institution- Corporation", "moneyText": "", "startDate": "2017-03-01", "ownership": "D"}, {"maxAge": 1, "shares": 100000, "filerUrl": "", "transactionText": "", "filerName": "Nabab Consultants L.L.P.", "filerRelation": "Institution- Corporation", "moneyText": "", "startDate": "2017-03-01", "ownership": "D"}, {"maxAge": 1, "shares": 100000, "filerUrl": "", "transactionText": "", "filerName": "Nabab Consultants L.L.P.", "filerRelation": "Institution- Corporation", "moneyText": "", "startDate": "2017-02-27", "ownership": "D"}, {"maxAge": 1, "shares": 100000, "filerUrl": "", "transactionText": "", "filerName": "Nrupesh Shah Family Trust.", "filerRelation": "Institution- Corporation", "moneyText": "", "startDate": "2017-02-27", "ownership": "D"}, {"maxAge": 1, "shares": 67000, "filerUrl": "", "transactionText": "", "filerName": "Neelam Professionals L.L.P.", "filerRelation": "Institution- Corporation", "moneyText": "", "startDate": "2015-03-17", "ownership": "D"}, {"maxAge": 1, "shares": 24400, "filerUrl": "", "transactionText": "", "filerName": "Neelam Professionals L.L.P.", "filerRelation": "Institution- Corporation", "moneyText": "", "startDate": "2015-03-13", "ownership": "D"}, {"maxAge": 1, "shares": 20000, "filerUrl": "", "transactionText": "", "filerName": "Neelam Professionals L.L.P.", "filerRelation": "Institution- Corporation", "moneyText": "", "startDate": "2015-02-13", "ownership": "D"}, {"maxAge": 1, "shares": 40000, "filerUrl": "", "transactionText": "", "filerName": "Neelam Professionals L.L.P.", "filerRelation": "Institution- Corporation", "moneyText": "", "startDate": "2015-02-05", "ownership": "D"}, {"maxAge": 1, "shares": 20000, "filerUrl": "", "transactionText": "", "filerName": "Neelam Professionals L.L.P.", "filerRelation": "Institution- Corporation", "moneyText": "", "startDate": "2015-02-04", "ownership": "D"}, {"maxAge": 1, "shares": 2000, "filerUrl": "", "transactionText": "", "filerName": "Neelam Professionals L.L.P.", "filerRelation": "Institution- Corporation", "moneyText": "", "startDate": "2015-02-03", "ownership": "D"}, {"maxAge": 1, "shares": 3000, "filerUrl": "", "transactionText": "", "filerName": "Neelam Professionals L.L.P.", "filerRelation": "Institution- Corporation", "moneyText": "", "startDate": "2015-02-02", "ownership": "D"}, {"maxAge": 1, "shares": 1863, "filerUrl": "", "transactionText": "", "filerName": "Neelam Professionals L.L.P.", "filerRelation": "Institution- Corporation", "moneyText": "", "startDate": "2015-01-21", "ownership": "D"}, {"maxAge": 1, "shares": 3306, "filerUrl": "", "transactionText": "", "filerName": "Neelam Professionals L.L.P.", "filerRelation": "Institution- Corporation", "moneyText": "", "startDate": "2015-01-20", "ownership": "D"}, {"maxAge": 1, "shares": 11000, "filerUrl": "", "transactionText": "", "filerName": "Shah (Nrupesh C)", "filerRelation": "Director (Executive)", "moneyText": "", "startDate": "2012-08-07", "ownership": "D"}, {"maxAge": 1, "shares": 11000, "filerUrl": "", "transactionText": "", "filerName": "Shah (Nrupesh C)", "filerRelation": "Director (Executive)", "moneyText": "", "startDate": "2012-08-06", "ownership": "D"}], "maxAge": 1}, "sectorTrend": {"maxAge": 1, "symbol": null, "estimates": []}, "incomeStatementHistoryQuarterly": {"incomeStatementHistory": [{"maxAge": 1, "endDate": "2021-03-31", "totalRevenue": 3390000000, "costOfRevenue": 1760000000, "grossProfit": 1630000000, "researchDevelopment": {}, "sellingGeneralAdministrative": 380000000, "nonRecurring": {}, "otherOperatingExpenses": 410000000, "totalOperatingExpenses": 2600000000, "operatingIncome": 790000000, "totalOtherIncomeExpenseNet": 30000000, "ebit": 790000000, "interestExpense": -30000000, "incomeBeforeTax": 820000000, "incomeTaxExpense": 190000000, "minorityInterest": 50000000, "netIncomeFromContinuingOps": 630000000, "discontinuedOperations": {}, "extraordinaryItems": {}, "effectOfAccountingCharges": {}, "otherItems": {}, "netIncome": 620000000, "netIncomeApplicableToCommonShares": 620000000}, {"maxAge": 1, "endDate": "2020-12-31", "totalRevenue": 2160000000, "costOfRevenue": 1200000000, "grossProfit": 960000000, "researchDevelopment": {}, "sellingGeneralAdministrative": 280000000, "nonRecurring": {}, "otherOperatingExpenses": 350000000, "totalOperatingExpenses": 1890000000, "operatingIncome": 270000000, "totalOtherIncomeExpenseNet": 70000000, "ebit": 270000000, "interestExpense": -20000000, "incomeBeforeTax": 340000000, "incomeTaxExpense": 70000000, "minorityInterest": 50000000, "netIncomeFromContinuingOps": 270000000, "discontinuedOperations": {}, "extraordinaryItems": {}, "effectOfAccountingCharges": {}, "otherItems": {}, "netIncome": 270000000, "netIncomeApplicableToCommonShares": 270000000}, {"maxAge": 1, "endDate": "2020-09-30", "totalRevenue": 1910000000, "costOfRevenue": 1070000000, "grossProfit": 840000000, "researchDevelopment": {}, "sellingGeneralAdministrative": 290000000, "nonRecurring": {}, "otherOperatingExpenses": 280000000, "totalOperatingExpenses": 1690000000, "operatingIncome": 220000000, "totalOtherIncomeExpenseNet": -30000000, "ebit": 220000000, "interestExpense": -40000000, "incomeBeforeTax": 190000000, "incomeTaxExpense": 40000000, "minorityInterest": 40000000, "netIncomeFromContinuingOps": 150000000, "discontinuedOperations": {}, "extraordinaryItems": {}, "effectOfAccountingCharges": {}, "otherItems": {}, "netIncome": 160000000, "netIncomeApplicableToCommonShares": 160000000}, {"maxAge": 1, "endDate": "2020-06-30", "totalRevenue": 1540000000, "costOfRevenue": 940000000, "grossProfit": 600000000, "researchDevelopment": {}, "sellingGeneralAdministrative": 330000000, "nonRecurring": {}, "otherOperatingExpenses": 320000000, "totalOperatingExpenses": 1640000000, "operatingIncome": -100000000, "totalOtherIncomeExpenseNet": 60000000, "ebit": -100000000, "interestExpense": -20000000, "incomeBeforeTax": -40000000, "incomeTaxExpense": -60000000, "minorityInterest": 40000000, "netIncomeFromContinuingOps": 20000000, "discontinuedOperations": {}, "extraordinaryItems": {}, "effectOfAccountingCharges": {}, "otherItems": {}, "netIncome": 20000000, "netIncomeApplicableToCommonShares": 20000000}], "maxAge": 86400}, "cashflowStatementHistoryQuarterly": {"cashflowStatements": [{"maxAge": 1, "endDate": "2021-03-31", "netIncome": 620000000, "changeToLiabilities": 0}, {"maxAge": 1, "endDate": "2020-12-31", "netIncome": 270000000, "changeToLiabilities": 0}, {"maxAge": 1, "endDate": "2020-09-30", "netIncome": 160000000, "changeToLiabilities": 0}, {"maxAge": 1, "endDate": "2020-06-30", "netIncome": 20000000, "changeToLiabilities": 0}], "maxAge": 86400}, "earnings": {"maxAge": 86400, "earningsChart": {"quarterly": [{"date": "2Q2017", "actual": 3.44, "estimate": 5.95}, {"date": "3Q2017", "actual": 7.24, "estimate": 6.3}, {"date": "4Q2017", "actual": 9.48, "estimate": 8.66}, {"date": "1Q2018", "actual": 5.99, "estimate": 9.02}], "currentQuarterEstimate": 4.46, "currentQuarterEstimateDate": "2Q", "currentQuarterEstimateYear": 2018, "earningsDate": []}, "financialsChart": {"yearly": [{"date": 2018, "revenue": 7982500000, "earnings": 1925500000}, {"date": 2019, "revenue": 8436100000, "earnings": 922700000}, {"date": 2020, "revenue": 11026400000, "earnings": 1814500000}, {"date": 2021, "revenue": 9000000000, "earnings": 1070000000}], "quarterly": [{"date": "2Q2020", "revenue": 1540000000, "earnings": 20000000}, {"date": "3Q2020", "revenue": 1910000000, "earnings": 160000000}, {"date": "4Q2020", "revenue": 2160000000, "earnings": 270000000}, {"date": "1Q2021", "revenue": 3390000000, "earnings": 620000000}]}, "financialCurrency": "INR"}, "financialData": {"maxAge": 86400, "currentPrice": 1176.65, "targetHighPrice": 1800.0, "targetLowPrice": 927.0, "targetMeanPrice": 1406.56, "targetMedianPrice": 1352.0, "recommendationMean": 3.1, "recommendationKey": "hold", "numberOfAnalystOpinions": 9, "totalCash": 3640000000, "totalCashPerShare": 53.132, "ebitda": 1390000000, "totalDebt": 2190000128, "quickRatio": 1.938, "currentRatio": 2.529, "totalRevenue": 8999999488, "debtToEquity": 28.665, "revenuePerShare": 129.112, "returnOnAssets": 0.064569995, "returnOnEquity": 0.15205, "grossProfits": 4030000000, "freeCashflow": 726750016, "operatingCashflow": 890000000, "earningsGrowth": 0.624, "revenueGrowth": 0.363, "grossMargins": 0.44778, "ebitdaMargins": 0.15444, "operatingMargins": 0.13111, "profitMargins": 0.11889, "financialCurrency": "INR"}}}