{"SYMPHONY.BO": {"recommendationTrend": {"trend": [{"period": "0m", "strongBuy": 0, "buy": 0, "hold": 0, "sell": 0, "strongSell": 0}, {"period": "-1m", "strongBuy": 0, "buy": 0, "hold": 0, "sell": 0, "strongSell": 0}, {"period": "-2m", "strongBuy": 0, "buy": 0, "hold": 0, "sell": 0, "strongSell": 0}, {"period": "-3m", "strongBuy": 0, "buy": 0, "hold": 0, "sell": 0, "strongSell": 0}], "maxAge": 86400}, "cashflowStatementHistory": {"cashflowStatements": [{"maxAge": 1, "endDate": "2020-03-31", "netIncome": 1814500000, "depreciation": 198100000, "changeToNetincome": -301500000, "changeToAccountReceivables": -148700000, "changeToLiabilities": -117600000, "changeToInventory": 16700000, "changeToOperatingActivities": 94300000, "totalCashFromOperatingActivities": 1569200000, "capitalExpenditures": -196000000, "investments": 925900000, "otherCashflowsFromInvestingActivities": 190100000, "totalCashflowsFromInvestingActivities": 781300000, "dividendsPaid": -450100000, "netBorrowings": -237700000, "otherCashflowsFromFinancingActivities": -459100000, "totalCashFromFinancingActivities": -2406100000, "changeInCash": -55600000}, {"maxAge": 1, "endDate": "2019-03-31", "netIncome": 922700000, "depreciation": 85800000, "changeToNetincome": -131000000, "changeToAccountReceivables": 165500000, "changeToLiabilities": -4900000, "changeToInventory": 47900000, "changeToOperatingActivities": 296900000, "totalCashFromOperatingActivities": 1395700000, "capitalExpenditures": -119000000, "investments": -670400000, "otherCashflowsFromInvestingActivities": 186300000, "totalCashflowsFromInvestingActivities": -2500000000, "dividendsPaid": -311600000, "netBorrowings": 1623000000, "otherCashflowsFromFinancingActivities": -133800000, "totalCashFromFinancingActivities": 1177600000, "changeInCash": 73300000}, {"maxAge": 1, "endDate": "2018-03-31", "netIncome": 1925500000, "depreciation": 55200000, "changeToNetincome": -438400000, "changeToAccountReceivables": -98300000, "changeToLiabilities": 69700000, "changeToInventory": -22400000, "changeToOperatingActivities": -435700000, "totalCashFromOperatingActivities": 1068500000, "capitalExpenditures": -107000000, "investments": -1171500000, "otherCashflowsFromInvestingActivities": 133900000, "totalCashflowsFromInvestingActivities": -1023500000, "dividendsPaid": -278000000, "netBorrowings": 62000000, "otherCashflowsFromFinancingActivities": -74800000, "totalCashFromFinancingActivities": -290800000, "changeInCash": -245800000}, {"maxAge": 1, "endDate": "2017-03-31", "netIncome": 1662837000, "depreciation": 61252000, "changeToNetincome": -409548000, "changeToAccountReceivables": -56956000, "changeToLiabilities": 61831000, "changeToInventory": -222619000, "changeToOperatingActivities": -157841000, "totalCashFromOperatingActivities": 946485000, "capitalExpenditures": -95308000, "investments": -780166000, "otherCashflowsFromInvestingActivities": 197571000, "totalCashflowsFromInvestingActivities": -651045000, "dividendsPaid": -200477000, "netBorrowings": 193461000, "otherCashflowsFromFinancingActivities": -39492000, "totalCashFromFinancingActivities": -46508000, "changeInCash": 248932000}], "maxAge": 86400}, "institutionOwnership": {"ownershipList": [], "maxAge": 1}, "balanceSheetHistoryQuarterly": {"balanceSheetStatements": [{"maxAge": 1, "endDate": "2020-06-30", "totalStockholderEquity": 6390000000, "netTangibleAssets": 4560000000}, {"maxAge": 1, "endDate": "2020-03-31", "cash": 205900000, "shortTermInvestments": 2990500000, "netReceivables": 1226200000, "inventory": 1178200000, "otherCurrentAssets": 613500000, "totalCurrentAssets": 6260800000, "longTermInvestments": 1133500000, "propertyPlantEquipment": 1373100000, "goodWill": 1359700000, "intangibleAssets": 469000000, "otherAssets": 46700000, "totalAssets": 10642800000, "accountsPayable": 1145400000, "otherCurrentLiab": 662200000, "longTermDebt": 715100000, "otherLiab": 159400000, "minorityInterest": 42500000, "totalCurrentLiabilities": 3051800000, "totalLiab": 4208200000, "commonStock": 139900000, "retainedEarnings": 6236600000, "treasuryStock": 15600000, "otherStockholderEquity": 15600000, "totalStockholderEquity": 6392100000, "netTangibleAssets": 4563400000}, {"maxAge": 1, "endDate": "2019-12-31", "totalStockholderEquity": 7330000000, "netTangibleAssets": 5430000000}, {"maxAge": 1, "endDate": "2019-09-30", "cash": 440000000, "shortTermInvestments": 6070000000, "netReceivables": 580000000, "inventory": 980000000, "otherCurrentAssets": 350000000, "totalCurrentAssets": 8420000000, "longTermInvestments": 1320000000, "propertyPlantEquipment": 1390000000, "goodWill": 1430000000, "intangibleAssets": 470000000, "otherAssets": 50000000, "totalAssets": 13080000000, "accountsPayable": 960000000, "otherCurrentLiab": 2580000000, "longTermDebt": 1200000000, "otherLiab": 450000000, "minorityInterest": 40000000, "totalCurrentLiabilities": 4060000000, "totalLiab": 5710000000, "commonStock": 140000000, "treasuryStock": 7190000000, "otherStockholderEquity": 7190000000, "totalStockholderEquity": 7330000000, "netTangibleAssets": 5430000000}], "maxAge": 86400}, "earningsHistory": {"history": [{"maxAge": 1, "epsActual": 9.48, "epsEstimate": 8.66, "epsDifference": 0.82, "surprisePercent": 0.095, "quarter": "2017-12-31", "period": "-4q"}, {"maxAge": 1, "epsActual": 5.99, "epsEstimate": 9.02, "epsDifference": -3.03, "surprisePercent": -0.336, "quarter": "2018-03-31", "period": "-3q"}, {"maxAge": 1, "epsActual": 0.76, "epsEstimate": 4.46, "epsDifference": -3.7, "surprisePercent": -0.83, "quarter": "2018-06-30", "period": "-2q"}, {"maxAge": 1, "epsActual": 5.48, "epsEstimate": 4.45, "epsDifference": 1.03, "surprisePercent": 0.231, "quarter": "2018-09-30", "period": "-1q"}], "maxAge": 86400}, "indexTrend": {"maxAge": 1, "symbol": "SP5", "peRatio": 19.7411, "pegRatio": 1.34172, "estimates": [{"period": "0q", "growth": 0.549}, {"period": "+1q", "growth": 0.431}, {"period": "0y", "growth": 0.305}, {"period": "+1y", "growth": 0.109}, {"period": "+5y", "growth": 0.120865}, {"period": "-5y"}]}, "industryTrend": {"maxAge": 1, "symbol": null, "estimates": []}, "insiderTransactions": {"transactions": [{"maxAge": 1, "shares": 1000, "filerUrl": "", "transactionText": "", "filerName": "Bakeri (Achal Anil)", "filerRelation": "Promoter", "moneyText": "", "startDate": "2020-06-26", "ownership": "D"}, {"maxAge": 1, "shares": 1000, "filerUrl": "", "transactionText": "", "filerName": "Rupa Bakery Family trust", "filerRelation": "Promoter", "moneyText": "", "startDate": "2020-06-26", "ownership": "D"}, {"maxAge": 1, "shares": 1419, "filerUrl": "", "transactionText": "", "filerName": "Bhamre (Santosh)", "filerRelation": "UNREPORTED", "moneyText": "", "startDate": "2020-02-28", "ownership": "D"}, {"maxAge": 1, "shares": 1000, "filerUrl": "", "transactionText": "", "filerName": "Bakeri (Hirva Achal)", "filerRelation": "Promoter", "moneyText": "", "startDate": "2019-09-30", "ownership": "D"}, {"maxAge": 1, "shares": 1000, "filerUrl": "", "transactionText": "", "filerName": "Bakeri (Rupa Achal)", "filerRelation": "Promoter", "moneyText": "", "startDate": "2019-09-30", "ownership": "D"}, {"maxAge": 1, "shares": 1418, "filerUrl": "", "transactionText": "", "filerName": "Bhamre (Santosh)", "filerRelation": "UNREPORTED", "moneyText": "", "startDate": "2019-06-28", "ownership": "D"}, {"maxAge": 1, "shares": 100, "filerUrl": "", "transactionText": "", "filerName": "Gupta (Jayesh)", "filerRelation": "Divisional Officer", "moneyText": "", "startDate": "2019-06-26", "ownership": "D"}, {"maxAge": 1, "shares": 1000, "filerUrl": "", "transactionText": "", "filerName": "Hirva Bakeri Family Trust", "filerRelation": "Institution- Corporation", "moneyText": "", "startDate": "2019-03-27", "ownership": "D"}, {"maxAge": 1, "shares": 1000, "filerUrl": "", "transactionText": "", "filerName": "Bakeri (Rupa Achal)", "filerRelation": "Promoter", "moneyText": "", "startDate": "2019-03-27", "ownership": "D"}, {"maxAge": 1, "shares": 1000, "filerUrl": "", "transactionText": "", "filerName": "Achal Bakeri Family Trust", "filerRelation": "Institution- Corporation", "moneyText": "", "startDate": "2019-02-13", "ownership": "D"}, {"maxAge": 1, "shares": 1000, "filerUrl": "", "transactionText": "", "filerName": "Jonaki Bakeri Family Trust", "filerRelation": "Institution- Corporation", "moneyText": "", "startDate": "2019-02-13", "ownership": "D"}, {"maxAge": 1, "shares": 1000, "filerUrl": "", "transactionText": "", "filerName": "Bakeri (Achal Anil)", "filerRelation": "Chairman of the Board", "moneyText": "", "startDate": "2019-02-13", "ownership": "D"}, {"maxAge": 1, "shares": 2000, "filerUrl": "", "transactionText": "", "filerName": "Bakeri (Rupa Achal)", "filerRelation": "Promoter", "moneyText": "", "startDate": "2019-02-13", "ownership": "D"}, {"maxAge": 1, "shares": 7104, "filerUrl": "", "transactionText": "", "filerName": "Nrupesh Shah Family Trust.", "filerRelation": "UNREPORTED", "moneyText": "", "startDate": "2018-06-29", "ownership": "D"}, {"maxAge": 1, "shares": 21649, "filerUrl": "", "transactionText": "", "filerName": "Nrupesh Shah Family Trust.", "filerRelation": "UNREPORTED", "moneyText": "", "startDate": "2018-06-25", "ownership": "D"}, {"maxAge": 1, "shares": 125000, "filerUrl": "", "transactionText": "", "filerName": "Shah (Chandravadan B) HUF", "filerRelation": "UNREPORTED", "moneyText": "", "startDate": "2018-06-25", "ownership": "D"}, {"maxAge": 1, "shares": 124514, "filerUrl": "", "transactionText": "", "filerName": "Nrupesh Shah Family Trust.", "filerRelation": "Institution- Corporation", "moneyText": "", "startDate": "2018-03-28", "ownership": "D"}, {"maxAge": 1, "shares": 22462, "filerUrl": "", "transactionText": "", "filerName": "Shah (Chandravadan B) HUF", "filerRelation": "Institution- Corporation", "moneyText": "", "startDate": "2018-03-28", "ownership": "D"}, {"maxAge": 1, "shares": 70100, "filerUrl": "", "transactionText": "", "filerName": "Neelam Professionals L.L.P.", "filerRelation": "Institution- Corporation", "moneyText": "", "startDate": "2018-03-28", "ownership": "D"}, {"maxAge": 1, "shares": 37451, "filerUrl": "", "transactionText": "", "filerName": "Nabab Consultants L.L.P.", "filerRelation": "Institution- Corporation", "moneyText": "", "startDate": "2018-03-28", "ownership": "D"}, {"maxAge": 1, "shares": 6443600, "filerUrl": "", "transactionText": "", "filerName": "Oras Investments Pvt. Ltd.", "filerRelation": "Promoter", "moneyText": "", "startDate": "2018-01-11", "ownership": "D"}, {"maxAge": 1, "shares": 6039600, "filerUrl": "", "transactionText": "", "filerName": "Paratam Investments Pvt. Ltd.", "filerRelation": "Promoter", "moneyText": "", "startDate": "2018-01-11", "ownership": "D"}, {"maxAge": 1, "shares": 12483200, "filerUrl": "", "transactionText": "", "filerName": "Sanskrut Tradecom Pvt. Ltd.", "filerRelation": "Promoter", "moneyText": "", "startDate": "2018-01-11", "ownership": "D"}, {"maxAge": 1, "shares": 15000, "filerUrl": "", "transactionText": "", "filerName": "Neelam Professionals L.L.P.", "filerRelation": "Institution- Corporation", "moneyText": "", "startDate": "2017-03-30", "ownership": "D"}, {"maxAge": 1, "shares": 25000, "filerUrl": "", "transactionText": "", "filerName": "Neelam Professionals L.L.P.", "filerRelation": "Institution- Corporation", "moneyText": "", "startDate": "2017-03-29", "ownership": "D"}, {"maxAge": 1, "shares": 6500, "filerUrl": "", "transactionText": "", "filerName": "Neelam Professionals L.L.P.", "filerRelation": "Institution- Corporation", "moneyText": "", "startDate": "2017-03-27", "ownership": "D"}, {"maxAge": 1, "shares": 118431, "filerUrl": "", "transactionText": "", "filerName": "Neelam Professionals L.L.P.", "filerRelation": "Institution- Corporation", "moneyText": "", "startDate": "2017-03-23", "ownership": "D"}, {"maxAge": 1, "shares": 100000, "filerUrl": "", "transactionText": "", "filerName": "Nrupesh Shah Family Trust.", "filerRelation": "Institution- Corporation", "moneyText": "", "startDate": "2017-03-01", "ownership": "D"}, {"maxAge": 1, "shares": 100000, "filerUrl": "", "transactionText": "", "filerName": "Nabab Consultants L.L.P.", "filerRelation": "Institution- Corporation", "moneyText": "", "startDate": "2017-03-01", "ownership": "D"}, {"maxAge": 1, "shares": 100000, "filerUrl": "", "transactionText": "", "filerName": "Nabab Consultants L.L.P.", "filerRelation": "Institution- Corporation", "moneyText": "", "startDate": "2017-02-27", "ownership": "D"}, {"maxAge": 1, "shares": 100000, "filerUrl": "", "transactionText": "", "filerName": "Nrupesh Shah Family Trust.", "filerRelation": "Institution- Corporation", "moneyText": "", "startDate": "2017-02-27", "ownership": "D"}, {"maxAge": 1, "shares": 67000, "filerUrl": "", "transactionText": "", "filerName": "Neelam Professionals L.L.P.", "filerRelation": "Institution- Corporation", "moneyText": "", "startDate": "2015-03-17", "ownership": "D"}, {"maxAge": 1, "shares": 24400, "filerUrl": "", "transactionText": "", "filerName": "Neelam Professionals L.L.P.", "filerRelation": "Institution- Corporation", "moneyText": "", "startDate": "2015-03-13", "ownership": "D"}, {"maxAge": 1, "shares": 20000, "filerUrl": "", "transactionText": "", "filerName": "Neelam Professionals L.L.P.", "filerRelation": "Institution- Corporation", "moneyText": "", "startDate": "2015-02-13", "ownership": "D"}, {"maxAge": 1, "shares": 40000, "filerUrl": "", "transactionText": "", "filerName": "Neelam Professionals L.L.P.", "filerRelation": "Institution- Corporation", "moneyText": "", "startDate": "2015-02-05", "ownership": "D"}, {"maxAge": 1, "shares": 20000, "filerUrl": "", "transactionText": "", "filerName": "Neelam Professionals L.L.P.", "filerRelation": "Institution- Corporation", "moneyText": "", "startDate": "2015-02-04", "ownership": "D"}, {"maxAge": 1, "shares": 2000, "filerUrl": "", "transactionText": "", "filerName": "Neelam Professionals L.L.P.", "filerRelation": "Institution- Corporation", "moneyText": "", "startDate": "2015-02-03", "ownership": "D"}, {"maxAge": 1, "shares": 3000, "filerUrl": "", "transactionText": "", "filerName": "Neelam Professionals L.L.P.", "filerRelation": "Institution- Corporation", "moneyText": "", "startDate": "2015-02-02", "ownership": "D"}, {"maxAge": 1, "shares": 1863, "filerUrl": "", "transactionText": "", "filerName": "Neelam Professionals L.L.P.", "filerRelation": "Institution- Corporation", "moneyText": "", "startDate": "2015-01-21", "ownership": "D"}, {"maxAge": 1, "shares": 3306, "filerUrl": "", "transactionText": "", "filerName": "Neelam Professionals L.L.P.", "filerRelation": "Institution- Corporation", "moneyText": "", "startDate": "2015-01-20", "ownership": "D"}, {"maxAge": 1, "shares": 11000, "filerUrl": "", "transactionText": "", "filerName": "Shah (Nrupesh C)", "filerRelation": "Director (Executive)", "moneyText": "", "startDate": "2012-08-07", "ownership": "D"}, {"maxAge": 1, "shares": 11000, "filerUrl": "", "transactionText": "", "filerName": "Shah (Nrupesh C)", "filerRelation": "Director (Executive)", "moneyText": "", "startDate": "2012-08-06", "ownership": "D"}], "maxAge": 1}, "quoteType": {"exchange": "BSE", "quoteType": "EQUITY", "symbol": "SYMPHONY.BO", "underlyingSymbol": "SYMPHONY.BO", "shortName": "SYMPHONY LIMITED", "longName": "Symphony Limited", "firstTradeDateEpochUtc": "2002-01-22 09:15:00", "timeZoneFullName": "Asia/Kolkata", "timeZoneShortName": "IST", "uuid": "15c3a1aa-a01c-3ab8-9a29-5ccf8880c075", "gmtOffSetMilliseconds": 19800000, "maxAge": 1}, "incomeStatementHistory": {"incomeStatementHistory": [{"maxAge": 1, "endDate": "2020-03-31", "totalRevenue": 11026400000, "costOfRevenue": 5859200000, "grossProfit": 5167200000, "researchDevelopment": {}, "sellingGeneralAdministrative": 1623800000, "nonRecurring": {}, "otherOperatingExpenses": 1427600000, "totalOperatingExpenses": 9122100000, "operatingIncome": 1904300000, "totalOtherIncomeExpenseNet": 400400000, "ebit": 1904300000, "interestExpense": -106800000, "incomeBeforeTax": 2304700000, "incomeTaxExpense": 487000000, "minorityInterest": 42500000, "netIncomeFromContinuingOps": 1817700000, "discontinuedOperations": {}, "extraordinaryItems": {}, "effectOfAccountingCharges": {}, "otherItems": {}, "netIncome": 1814500000, "netIncomeApplicableToCommonShares": 1814500000}, {"maxAge": 1, "endDate": "2019-03-31", "totalRevenue": 8436100000, "costOfRevenue": 4569300000, "grossProfit": 3866800000, "researchDevelopment": {}, "sellingGeneralAdministrative": 1523200000, "nonRecurring": {}, "otherOperatingExpenses": 1022900000, "totalOperatingExpenses": 7214000000, "operatingIncome": 1222100000, "totalOtherIncomeExpenseNet": 79500000, "ebit": 1222100000, "interestExpense": -69100000, "incomeBeforeTax": 1301600000, "incomeTaxExpense": 386100000, "minorityInterest": 33600000, "netIncomeFromContinuingOps": 915500000, "discontinuedOperations": {}, "extraordinaryItems": {}, "effectOfAccountingCharges": {}, "otherItems": {}, "netIncome": 922700000, "netIncomeApplicableToCommonShares": 922700000}, {"maxAge": 1, "endDate": "2018-03-31", "totalRevenue": 7982500000, "costOfRevenue": 3866400000, "grossProfit": 4116100000, "researchDevelopment": {}, "sellingGeneralAdministrative": 1139500000, "nonRecurring": {}, "otherOperatingExpenses": 784000000, "totalOperatingExpenses": 5858000000, "operatingIncome": 2124500000, "totalOtherIncomeExpenseNet": 523500000, "ebit": 2124500000, "interestExpense": -17900000, "incomeBeforeTax": 2648000000, "incomeTaxExpense": 722500000, "minorityInterest": 33600000, "netIncomeFromContinuingOps": 1925500000, "discontinuedOperations": {}, "extraordinaryItems": {}, "effectOfAccountingCharges": {}, "otherItems": {}, "netIncome": 1925500000, "netIncomeApplicableToCommonShares": 1925500000}, {"maxAge": 1, "endDate": "2017-03-31", "totalRevenue": 7647525000, "costOfRevenue": 3667320000, "grossProfit": 3980205000, "researchDevelopment": {}, "sellingGeneralAdministrative": 1182636000, "nonRecurring": {}, "otherOperatingExpenses": 788463000, "totalOperatingExpenses": 5707200000, "operatingIncome": 1940325000, "totalOtherIncomeExpenseNet": 409136000, "ebit": 1940325000, "interestExpense": -328000, "incomeBeforeTax": 2349461000, "incomeTaxExpense": 686624000, "minorityInterest": 33600000, "netIncomeFromContinuingOps": 1662837000, "discontinuedOperations": {}, "extraordinaryItems": {}, "effectOfAccountingCharges": {}, "otherItems": {}, "netIncome": 1662837000, "netIncomeApplicableToCommonShares": 1662837000}], "maxAge": 86400}, "fundOwnership": {"ownershipList": [{"maxAge": 1, "reportDate": "2020-06-30", "organization": "Matthews International  Fds-Matthews India Fd", "pctHeld": 0.009, "position": 627172, "value": 549496747}, {"maxAge": 1, "reportDate": "2020-07-31", "organization": "Vanguard International Stock Index-Total Intl Stock Indx", "pctHeld": 0.0033000002, "position": 231719, "value": 195895242}, {"maxAge": 1, "reportDate": "2020-07-31", "organization": "Vanguard International Stock Index-Emerging Markets Stk", "pctHeld": 0.0032, "position": 223751, "value": 189159095}, {"maxAge": 1, "reportDate": "2020-07-31", "organization": "iShares Core MSCI Emerging Markets ETF", "pctHeld": 0.002, "position": 137379, "value": 116140206}, {"maxAge": 1, "reportDate": "2020-07-31", "organization": "DFA Emerging Markets Core Equity Portfolio", "pctHeld": 0.0011999999, "position": 82664, "value": 69884145}, {"maxAge": 1, "reportDate": "2020-07-31", "organization": "DFA Emerging Markets Small Cap Series", "pctHeld": 0.001, "position": 72354, "value": 61168071}, {"maxAge": 1, "reportDate": "2020-07-31", "organization": "Vanguard Intl Equity Index Fds-FTSE All World ex U.S.Small Cap Index", "pctHeld": 0.0007, "position": 47028, "value": 39757471}, {"maxAge": 1, "reportDate": "2020-08-31", "organization": "iShares MSCI India Small Cap ETF", "pctHeld": 0.0005, "position": 36960, "value": 31504704}, {"maxAge": 1, "reportDate": "2020-08-31", "organization": "iShares Core MSCI Total International Stock ETF", "pctHeld": 0.0004, "position": 28552, "value": 24337724}, {"maxAge": 1, "reportDate": "2020-08-31", "organization": "SPDR (R) Idx Shares-SPDR (R) Emerging Markets Small Cap ETF", "pctHeld": 0.0004, "position": 26527, "value": 22611614}], "maxAge": 1}, "summaryDetail": {"maxAge": 1, "priceHint": 2, "previousClose": 1180.55, "open": 1180.55, "dayLow": 1168.4, "dayHigh": 1208.8, "regularMarketPreviousClose": 1180.55, "regularMarketOpen": 1180.55, "regularMarketDayLow": 1168.4, "regularMarketDayHigh": 1208.8, "trailingPE": 58.923653, "forwardPE": 31.420183, "volume": 3320, "regularMarketVolume": 3320, "averageVolume": 9147, "averageVolume10days": 4425, "averageDailyVolume10Day": 4425, "bid": 1177.0, "ask": 0.0, "bidSize": 0, "askSize": 0, "marketCap": 82339389440, "fiftyTwoWeekLow": 690.0, "fiftyTwoWeekHigh": 1407.35, "fiftyDayAverage": 1008.42725, "twoHundredDayAverage": 894.9386, "trailingAnnualDividendRate": 4.0, "trailingAnnualDividendYield": 0.0033882512, "currency": "INR", "fromCurrency": null, "lastMarket": null, "algorithm": null, "tradeable": false}, "sectorTrend": {"maxAge": 1, "symbol": null, "estimates": []}, "incomeStatementHistoryQuarterly": {"incomeStatementHistory": [{"maxAge": 1, "endDate": "2020-06-30", "totalRevenue": 1540000000, "costOfRevenue": 940000000, "grossProfit": 600000000, "researchDevelopment": {}, "sellingGeneralAdministrative": 330000000, "nonRecurring": {}, "otherOperatingExpenses": 320000000, "totalOperatingExpenses": 1640000000, "operatingIncome": -100000000, "totalOtherIncomeExpenseNet": 60000000, "ebit": -100000000, "interestExpense": -20000000, "incomeBeforeTax": -40000000, "incomeTaxExpense": -60000000, "minorityInterest": {}, "netIncomeFromContinuingOps": 20000000, "discontinuedOperations": {}, "extraordinaryItems": {}, "effectOfAccountingCharges": {}, "otherItems": {}, "netIncome": 20000000, "netIncomeApplicableToCommonShares": 20000000}, {"maxAge": 1, "endDate": "2020-03-31", "totalRevenue": 2486400000, "costOfRevenue": 1329200000, "grossProfit": 1157200000, "researchDevelopment": {}, "sellingGeneralAdministrative": 413800000, "nonRecurring": {}, "otherOperatingExpenses": 317600000, "totalOperatingExpenses": 2122100000, "operatingIncome": 364300000, "totalOtherIncomeExpenseNet": 150400000, "ebit": 364300000, "interestExpense": -26800000, "incomeBeforeTax": 514700000, "incomeTaxExpense": 117000000, "minorityInterest": 42500000, "netIncomeFromContinuingOps": 397700000, "discontinuedOperations": {}, "extraordinaryItems": {}, "effectOfAccountingCharges": {}, "otherItems": {}, "netIncome": 394500000, "netIncomeApplicableToCommonShares": 394500000}, {"maxAge": 1, "endDate": "2019-12-31", "totalRevenue": 2900000000, "costOfRevenue": 1510000000, "grossProfit": 1390000000, "researchDevelopment": {}, "sellingGeneralAdministrative": 310000000, "nonRecurring": {}, "otherOperatingExpenses": 400000000, "totalOperatingExpenses": 2250000000, "operatingIncome": 650000000, "totalOtherIncomeExpenseNet": 80000000, "ebit": 650000000, "interestExpense": -20000000, "incomeBeforeTax": 730000000, "incomeTaxExpense": 220000000, "minorityInterest": 42500000, "netIncomeFromContinuingOps": 510000000, "discontinuedOperations": {}, "extraordinaryItems": {}, "effectOfAccountingCharges": {}, "otherItems": {}, "netIncome": 510000000, "netIncomeApplicableToCommonShares": 510000000}, {"maxAge": 1, "endDate": "2019-09-30", "totalRevenue": 2720000000, "costOfRevenue": 1430000000, "grossProfit": 1290000000, "researchDevelopment": {}, "sellingGeneralAdministrative": 320000000, "nonRecurring": {}, "otherOperatingExpenses": 340000000, "totalOperatingExpenses": 2150000000, "operatingIncome": 570000000, "totalOtherIncomeExpenseNet": 80000000, "ebit": 570000000, "interestExpense": -30000000, "incomeBeforeTax": 650000000, "incomeTaxExpense": 70000000, "minorityInterest": 40000000, "netIncomeFromContinuingOps": 580000000, "discontinuedOperations": {}, "extraordinaryItems": {}, "effectOfAccountingCharges": {}, "otherItems": {}, "netIncome": 580000000, "netIncomeApplicableToCommonShares": 580000000}], "maxAge": 86400}, "cashflowStatementHistoryQuarterly": {"cashflowStatements": [{"maxAge": 1, "endDate": "2020-06-30", "netIncome": 20000000, "changeToLiabilities": 0}, {"maxAge": 1, "endDate": "2020-03-31", "netIncome": 394500000, "changeToLiabilities": 0}, {"maxAge": 1, "endDate": "2019-12-31", "netIncome": 510000000, "changeToLiabilities": 0}, {"maxAge": 1, "endDate": "2019-09-30", "netIncome": 580000000, "changeToLiabilities": 0}], "maxAge": 86400}, "insiderHolders": {"holders": [{"maxAge": 1, "name": "Achal Bakeri Family Trust", "relation": "Institution- Corporation", "url": "", "transactionDescription": "Gift", "latestTransDate": "2019-02-13", "positionDirect": 1000, "positionDirectDate": "2019-02-13"}, {"maxAge": 1, "name": "Bakeri (Achal Anil)", "relation": "Promoter", "url": "", "transactionDescription": "Sale", "latestTransDate": "2020-06-26", "positionDirect": 29261600, "positionDirectDate": "2020-06-26"}, {"maxAge": 1, "name": "Bakeri (Hirva Achal)", "relation": "Promoter", "url": "", "transactionDescription": "Acquisition", "latestTransDate": "2019-09-30", "positionDirect": 1000, "positionDirectDate": "2019-09-30"}, {"maxAge": 1, "name": "Bakeri (Rupa Achal)", "relation": "Promoter", "url": "", "transactionDescription": "Sale", "latestTransDate": "2019-09-30", "positionDirect": 7092940, "positionDirectDate": "2019-09-30"}, {"maxAge": 1, "name": "Bhamre (Santosh)", "relation": "UNREPORTED", "url": "", "transactionDescription": "Sale", "latestTransDate": "2020-02-28", "positionDirect": 0, "positionDirectDate": "2020-02-28"}, {"maxAge": 1, "name": "Gupta (Jayesh)", "relation": "Divisional Officer", "url": "", "transactionDescription": "Acquisition", "latestTransDate": "2019-06-26", "positionDirect": 9700, "positionDirectDate": "2019-06-26"}, {"maxAge": 1, "name": "Hirva Bakeri Family Trust", "relation": "Institution- Corporation", "url": "", "transactionDescription": "Acquisition", "latestTransDate": "2019-03-27", "positionDirect": 1000, "positionDirectDate": "2019-03-27"}, {"maxAge": 1, "name": "Jonaki Bakeri Family Trust", "relation": "Institution- Corporation", "url": "", "transactionDescription": "Gift", "latestTransDate": "2019-02-13", "positionDirect": 1000, "positionDirectDate": "2019-02-13"}, {"maxAge": 1, "name": "Nrupesh Shah Family Trust.", "relation": "UNREPORTED", "url": "", "transactionDescription": "Sale", "latestTransDate": "2018-06-29", "positionDirect": 295761, "positionDirectDate": "2018-06-29"}, {"maxAge": 1, "name": "Rupa Bakery Family trust", "relation": "Promoter", "url": "", "transactionDescription": "Acquisition", "latestTransDate": "2020-06-26", "positionDirect": 1000, "positionDirectDate": "2020-06-26"}], "maxAge": 1}, "earnings": {"maxAge": 86400, "earningsChart": {"quarterly": [{"date": "4Q2017", "actual": 9.48, "estimate": 8.66}, {"date": "1Q2018", "actual": 5.99, "estimate": 9.02}, {"date": "2Q2018", "actual": 0.76, "estimate": 4.46}, {"date": "3Q2018", "actual": 5.48, "estimate": 4.45}], "currentQuarterEstimateDate": "4Q", "currentQuarterEstimateYear": 2018, "earningsDate": []}, "financialsChart": {"yearly": [{"date": 2017, "revenue": 7647525000, "earnings": 1662837000}, {"date": 2018, "revenue": 7982500000, "earnings": 1925500000}, {"date": 2019, "revenue": 8436100000, "earnings": 922700000}, {"date": 2020, "revenue": 11026400000, "earnings": 1814500000}], "quarterly": [{"date": "3Q2019", "revenue": 2720000000, "earnings": 580000000}, {"date": "4Q2019", "revenue": 2900000000, "earnings": 510000000}, {"date": "1Q2020", "revenue": 2486400000, "earnings": 394500000}, {"date": "2Q2020", "revenue": 1540000000, "earnings": 20000000}]}, "financialCurrency": "INR"}, "calendarEvents": {"maxAge": 1, "earnings": {"earningsDate": [], "revenueAverage": 1575000000, "revenueLow": 1575000000, "revenueHigh": 1575000000}}, "upgradeDowngradeHistory": {"history": [], "maxAge": 86400}, "price": {"maxAge": 1, "regularMarketChangePercent": -0.0030071142, "regularMarketChange": -3.5500488, "regularMarketTime": "2021-04-30 15:46:59", "priceHint": 2, "regularMarketPrice": 1177.0, "regularMarketDayHigh": 1208.8, "regularMarketDayLow": 1168.4, "regularMarketVolume": 3320, "averageDailyVolume10Day": 4425, "averageDailyVolume3Month": 9147, "regularMarketPreviousClose": 1180.55, "regularMarketSource": "FREE_REALTIME", "regularMarketOpen": 1180.55, "exchange": "BSE", "exchangeName": "BSE", "exchangeDataDelayedBy": 0, "marketState": "CLOSED", "quoteType": "EQUITY", "symbol": "SYMPHONY.BO", "underlyingSymbol": null, "shortName": "SYMPHONY LIMITED", "longName": "Symphony Limited", "currency": "INR", "quoteSourceName": "Delayed Quote", "currencySymbol": "\u20b9", "fromCurrency": null, "lastMarket": null, "marketCap": 82339389440}, "balanceSheetHistory": {"balanceSheetStatements": [{"maxAge": 1, "endDate": "2020-03-31", "cash": 205900000, "shortTermInvestments": 2990500000, "netReceivables": 1226200000, "inventory": 1178200000, "otherCurrentAssets": 613500000, "totalCurrentAssets": 6260800000, "longTermInvestments": 1133500000, "propertyPlantEquipment": 1373100000, "goodWill": 1359700000, "intangibleAssets": 469000000, "otherAssets": 46700000, "totalAssets": 10642800000, "accountsPayable": 1145400000, "otherCurrentLiab": 662200000, "longTermDebt": 715100000, "otherLiab": 159400000, "minorityInterest": 42500000, "totalCurrentLiabilities": 3051800000, "totalLiab": 4208200000, "commonStock": 139900000, "retainedEarnings": 6236600000, "treasuryStock": 15600000, "otherStockholderEquity": 15600000, "totalStockholderEquity": 6392100000, "netTangibleAssets": 4563400000}, {"maxAge": 1, "endDate": "2019-03-31", "cash": 261500000, "shortTermInvestments": 2954000000, "netReceivables": 1066400000, "inventory": 1194900000, "otherCurrentAssets": 554000000, "totalCurrentAssets": 6140400000, "longTermInvestments": 1866300000, "propertyPlantEquipment": 954700000, "goodWill": 1430800000, "intangibleAssets": 46700000, "otherAssets": 266700000, "deferredLongTermAssetCharges": 191200000, "totalAssets": 10705600000, "accountsPayable": 1290900000, "otherCurrentLiab": 543100000, "longTermDebt": 1236000000, "otherLiab": 127500000, "minorityInterest": 33600000, "totalCurrentLiabilities": 2647900000, "totalLiab": 4011400000, "commonStock": 139900000, "retainedEarnings": 6495800000, "treasuryStock": 24900000, "otherStockholderEquity": 24900000, "totalStockholderEquity": 6660600000, "netTangibleAssets": 5183100000}, {"maxAge": 1, "endDate": "2018-03-31", "cash": 188200000, "shortTermInvestments": 2503800000, "netReceivables": 648600000, "inventory": 795700000, "otherCurrentAssets": 821900000, "totalCurrentAssets": 4968400000, "longTermInvestments": 1720100000, "propertyPlantEquipment": 718600000, "goodWill": 38900000, "intangibleAssets": 60400000, "otherAssets": 59100000, "totalAssets": 7565500000, "accountsPayable": 583500000, "otherCurrentLiab": 429000000, "otherLiab": 112200000, "totalCurrentLiabilities": 1337200000, "totalLiab": 1449400000, "commonStock": 139900000, "retainedEarnings": 5952800000, "treasuryStock": 23400000, "otherStockholderEquity": 23400000, "totalStockholderEquity": 6116100000, "netTangibleAssets": 6016800000}, {"maxAge": 1, "endDate": "2017-03-31", "cash": 434036000, "shortTermInvestments": 1865646000, "netReceivables": 565054000, "inventory": 773343000, "otherCurrentAssets": 498226000, "totalCurrentAssets": 4149881000, "longTermInvestments": 1049958000, "propertyPlantEquipment": 698410000, "goodWill": 38680000, "intangibleAssets": 57173000, "otherAssets": 57937000, "totalAssets": 6052039000, "accountsPayable": 547831000, "otherCurrentLiab": 450955000, "otherLiab": 75921000, "totalCurrentLiabilities": 1325591000, "totalLiab": 1401512000, "commonStock": 139914000, "retainedEarnings": 4381539000, "treasuryStock": 129074000, "otherStockholderEquity": 129074000, "totalStockholderEquity": 4650527000, "netTangibleAssets": 4554674000}], "maxAge": 86400}, "earningsTrend": {"trend": [{"maxAge": 1, "period": "0q", "endDate": "2018-12-31", "growth": {}, "earningsEstimate": {"avg": 0.0, "low": 0.0, "high": 0.0, "yearAgoEps": 9.48, "numberOfAnalysts": 0, "growth": {}}, "revenueEstimate": {"avg": 1575000000, "low": 1575000000, "high": 1575000000, "numberOfAnalysts": 1, "yearAgoRevenue": 2176300000, "growth": -0.276}, "epsTrend": {"current": 0.0, "7daysAgo": 5.66, "30daysAgo": 5.66, "60daysAgo": 5.66, "90daysAgo": 5.66}, "epsRevisions": {"upLast7days": 0, "upLast30days": 0, "downLast30days": 0, "downLast90days": {}}}, {"maxAge": 1, "period": "+1q", "endDate": "2019-03-31", "growth": {}, "earningsEstimate": {"avg": 0.0, "low": 0.0, "high": 0.0, "yearAgoEps": 5.99, "numberOfAnalysts": 0, "growth": {}}, "revenueEstimate": {"avg": 1901000000, "low": 1901000000, "high": 1901000000, "numberOfAnalysts": 1, "yearAgoRevenue": 1553900000, "growth": 0.22299999}, "epsTrend": {"current": 0.0, "7daysAgo": 6.46, "30daysAgo": 6.46, "60daysAgo": 6.46, "90daysAgo": 6.46}, "epsRevisions": {"upLast7days": 0, "upLast30days": 0, "downLast30days": 0, "downLast90days": {}}}, {"maxAge": 1, "period": "0y", "endDate": "2019-03-31", "growth": {}, "earningsEstimate": {"avg": 0.0, "low": 0.0, "high": 0.0, "yearAgoEps": {}, "numberOfAnalysts": 0, "growth": {}}, "revenueEstimate": {"avg": 7135000000, "low": 5747000000, "high": 9666000000, "numberOfAnalysts": 4, "yearAgoRevenue": 6870200000, "growth": 0.039}, "epsTrend": {"current": 0.0, "7daysAgo": 23.74, "30daysAgo": 23.74, "60daysAgo": 23.74, "90daysAgo": 23.74}, "epsRevisions": {"upLast7days": 0, "upLast30days": 0, "downLast30days": 0, "downLast90days": {}}}, {"maxAge": 1, "period": "+1y", "endDate": "2020-03-31", "growth": {}, "earningsEstimate": {"avg": 0.0, "low": 0.0, "high": 0.0, "yearAgoEps": {}, "numberOfAnalysts": 0, "growth": {}}, "revenueEstimate": {"avg": 8817500000, "low": 7418000000, "high": 12190000000, "numberOfAnalysts": 4, "yearAgoRevenue": 7135000000, "growth": 0.236}, "epsTrend": {"current": 0.0, "7daysAgo": 29.77, "30daysAgo": 29.77, "60daysAgo": 29.77, "90daysAgo": 29.77}, "epsRevisions": {"upLast7days": 0, "upLast30days": 0, "downLast30days": 0, "downLast90days": {}}}, {"maxAge": 1, "period": "+5y", "endDate": null, "growth": 0.314, "earningsEstimate": {"avg": {}, "low": {}, "high": {}, "yearAgoEps": {}, "numberOfAnalysts": {}, "growth": {}}, "revenueEstimate": {"avg": {}, "low": {}, "high": {}, "numberOfAnalysts": {}, "yearAgoRevenue": {}, "growth": {}}, "epsTrend": {"current": {}, "7daysAgo": {}, "30daysAgo": {}, "60daysAgo": {}, "90daysAgo": {}}, "epsRevisions": {"upLast7days": {}, "upLast30days": {}, "downLast30days": {}, "downLast90days": {}}}, {"maxAge": 1, "period": "-5y", "endDate": null, "growth": {}, "earningsEstimate": {"avg": {}, "low": {}, "high": {}, "yearAgoEps": {}, "numberOfAnalysts": {}, "growth": {}}, "revenueEstimate": {"avg": {}, "low": {}, "high": {}, "numberOfAnalysts": {}, "yearAgoRevenue": {}, "growth": {}}, "epsTrend": {"current": {}, "7daysAgo": {}, "30daysAgo": {}, "60daysAgo": {}, "90daysAgo": {}}, "epsRevisions": {"upLast7days": {}, "upLast30days": {}, "downLast30days": {}, "downLast90days": {}}}], "maxAge": 1}, "financialData": {"maxAge": 86400, "currentPrice": 1177.0, "targetHighPrice": 1710.0, "targetLowPrice": 830.0, "targetMeanPrice": 1150.44, "targetMedianPrice": 981.0, "recommendationKey": "none", "numberOfAnalystOpinions": 9, "grossProfits": 5167200000, "financialCurrency": "INR"}}}