{"SYNCOM.BO": {"cashflowStatementHistory": {"cashflowStatements": [{"maxAge": 1, "endDate": "2020-03-31", "netIncome": -117189000, "depreciation": 22911000, "changeToNetincome": 1177000, "changeToAccountReceivables": 175870000, "changeToLiabilities": -176014000, "changeToInventory": 50819000, "changeToOperatingActivities": 41555000, "totalCashFromOperatingActivities": -871000, "capitalExpenditures": -116000, "investments": 4543000, "otherCashflowsFromInvestingActivities": 1023000, "totalCashflowsFromInvestingActivities": 5600000, "netBorrowings": -2646000, "otherCashflowsFromFinancingActivities": -245000, "totalCashFromFinancingActivities": -2891000, "changeInCash": 1838000}, {"maxAge": 1, "endDate": "2019-03-31", "netIncome": -113739000, "depreciation": 28795000, "changeToNetincome": 65128000, "changeToAccountReceivables": -10216000, "changeToLiabilities": 17124000, "changeToInventory": 24351000, "changeToOperatingActivities": 1233000, "totalCashFromOperatingActivities": 13203000, "capitalExpenditures": -1083000, "investments": -7633000, "otherCashflowsFromInvestingActivities": 6213000, "totalCashflowsFromInvestingActivities": -2503000, "netBorrowings": -9873000, "otherCashflowsFromFinancingActivities": -245000, "totalCashFromFinancingActivities": -9873000, "changeInCash": 827000}, {"maxAge": 1, "endDate": "2018-03-31", "netIncome": -782356000, "depreciation": 36832000, "changeToNetincome": 694378000, "changeToAccountReceivables": -72498000, "changeToLiabilities": 82765000, "changeToInventory": 12746000, "changeToOperatingActivities": 84117000, "totalCashFromOperatingActivities": 56539000, "capitalExpenditures": -7434000, "investments": -2306000, "otherCashflowsFromInvestingActivities": 67000, "totalCashflowsFromInvestingActivities": -9673000, "netBorrowings": -48301000, "otherCashflowsFromFinancingActivities": -168000, "totalCashFromFinancingActivities": -48469000, "changeInCash": -1603000}, {"maxAge": 1, "endDate": "2017-03-31", "netIncome": -1073238000, "depreciation": 43903000, "changeToNetincome": 999792000, "changeToAccountReceivables": 22803000, "changeToLiabilities": 54590000, "changeToInventory": 23803000, "changeToOperatingActivities": -32066000, "totalCashFromOperatingActivities": 41750000, "capitalExpenditures": -39211000, "investments": 3326000, "otherCashflowsFromInvestingActivities": 69620000, "totalCashflowsFromInvestingActivities": 48573000, "netBorrowings": -67548000, "otherCashflowsFromFinancingActivities": -28679000, "totalCashFromFinancingActivities": -96227000, "changeInCash": -5904000}], "maxAge": 86400}, "institutionOwnership": {"ownershipList": [], "maxAge": 1}, "balanceSheetHistoryQuarterly": {"balanceSheetStatements": [{"maxAge": 1, "endDate": "2020-06-30", "totalStockholderEquity": -124152000, "netTangibleAssets": -126473000}, {"maxAge": 1, "endDate": "2020-03-31", "cash": 11326000, "netReceivables": 4780000, "inventory": 20129000, "otherCurrentAssets": 10718000, "totalCurrentAssets": 46953000, "propertyPlantEquipment": 111406000, "intangibleAssets": 2321000, "otherAssets": 17570000, "totalAssets": 178250000, "accountsPayable": 54543000, "otherCurrentLiab": 8064000, "longTermDebt": 116974000, "otherLiab": 3280000, "totalCurrentLiabilities": 182148000, "totalLiab": 302402000, "commonStock": 400000000, "treasuryStock": -524152000, "otherStockholderEquity": -524152000, "totalStockholderEquity": -124152000, "netTangibleAssets": -126473000}, {"maxAge": 1, "endDate": "2019-12-31", "totalStockholderEquity": -17189000, "netTangibleAssets": -19473000}, {"maxAge": 1, "endDate": "2019-09-30", "cash": 10914000, "netReceivables": 100504000, "inventory": 24978000, "otherCurrentAssets": 9640000, "totalCurrentAssets": 146036000, "propertyPlantEquipment": 123318000, "intangibleAssets": 2284000, "otherAssets": 14509000, "totalAssets": 286147000, "accountsPayable": 51945000, "otherCurrentLiab": 6351000, "longTermDebt": 116924000, "otherLiab": 5813000, "totalCurrentLiabilities": 180599000, "totalLiab": 303336000, "commonStock": 400000000, "treasuryStock": -417189000, "otherStockholderEquity": -417189000, "totalStockholderEquity": -17189000, "netTangibleAssets": -19473000}], "maxAge": 86400}, "indexTrend": {"maxAge": 1, "symbol": "SP5", "peRatio": 19.7411, "pegRatio": 1.34172, "estimates": [{"period": "0q", "growth": 0.549}, {"period": "+1q", "growth": 0.431}, {"period": "0y", "growth": 0.305}, {"period": "+1y", "growth": 0.109}, {"period": "+5y", "growth": 0.120865}, {"period": "-5y"}]}, "insiderTransactions": {"transactions": [{"maxAge": 1, "shares": 2638153, "value": 94182, "filerUrl": "", "transactionText": "Sale at price 0.04 per share.", "filerName": "Bankda (Pratik)", "filerRelation": "Promoter", "moneyText": "", "startDate": "2020-07-10", "ownership": "D"}, {"maxAge": 1, "shares": 2200000, "value": 91960, "filerUrl": "", "transactionText": "Sale at price 0.04 per share.", "filerName": "Bankda (Pratik)", "filerRelation": "Promoter", "moneyText": "", "startDate": "2020-07-01", "ownership": "D"}, {"maxAge": 1, "shares": 4838153, "filerUrl": "", "transactionText": "Gift at price 0.00 per share.", "filerName": "Bankda (Pranav)", "filerRelation": "Promoter", "moneyText": "", "startDate": "2020-06-29", "ownership": "D"}, {"maxAge": 1, "shares": 4838153, "filerUrl": "", "transactionText": "Gift at price 0.00 per share.", "filerName": "Bankda (Pratik)", "filerRelation": "Promoter", "moneyText": "", "startDate": "2020-06-29", "ownership": "D"}, {"maxAge": 1, "shares": 5111647, "value": 189130, "filerUrl": "", "transactionText": "Sale at price 0.04 per share.", "filerName": "Bankda (Pratik)", "filerRelation": "Promoter", "moneyText": "", "startDate": "2020-06-26", "ownership": "D"}, {"maxAge": 1, "shares": 48463, "filerUrl": "", "transactionText": "", "filerName": "Bankda (Pratik)", "filerRelation": "Promoter", "moneyText": "", "startDate": "2015-01-07", "ownership": "D"}, {"maxAge": 1, "shares": 25000, "filerUrl": "", "transactionText": "", "filerName": "Bankda (Pratik)", "filerRelation": "Promoter", "moneyText": "", "startDate": "2011-08-05", "ownership": "D"}], "maxAge": 1}, "quoteType": {"exchange": "BSE", "quoteType": "EQUITY", "symbol": "SYNCOM.BO", "underlyingSymbol": "SYNCOM.BO", "shortName": "SYNCOM HEALTHCARE LTD", "longName": "Syncom Healthcare Limited", "firstTradeDateEpochUtc": "2010-02-15 09:15:00", "timeZoneFullName": "Asia/Kolkata", "timeZoneShortName": "IST", "uuid": "1f3342ce-a18b-3726-b227-7497a76af0fd", "gmtOffSetMilliseconds": 19800000, "maxAge": 1}, "incomeStatementHistory": {"incomeStatementHistory": [{"maxAge": 1, "endDate": "2020-03-31", "totalRevenue": 199674000, "costOfRevenue": 127788000, "grossProfit": 71886000, "researchDevelopment": {}, "sellingGeneralAdministrative": 51534000, "nonRecurring": {}, "otherOperatingExpenses": 38627000, "totalOperatingExpenses": 240860000, "operatingIncome": -41186000, "totalOtherIncomeExpenseNet": -76003000, "ebit": -41186000, "interestExpense": -2891000, "incomeBeforeTax": -117189000, "incomeTaxExpense": 0, "minorityInterest": {}, "netIncomeFromContinuingOps": -117189000, "discontinuedOperations": {}, "extraordinaryItems": {}, "effectOfAccountingCharges": {}, "otherItems": {}, "netIncome": -117189000, "netIncomeApplicableToCommonShares": -117189000}, {"maxAge": 1, "endDate": "2019-03-31", "totalRevenue": 571045000, "costOfRevenue": 333169000, "grossProfit": 237876000, "researchDevelopment": {}, "sellingGeneralAdministrative": 146861000, "nonRecurring": {}, "otherOperatingExpenses": 108398000, "totalOperatingExpenses": 617750000, "operatingIncome": -46705000, "totalOtherIncomeExpenseNet": -67034000, "ebit": -46705000, "interestExpense": -2891000, "incomeBeforeTax": -113739000, "incomeTaxExpense": 0, "minorityInterest": {}, "netIncomeFromContinuingOps": -113739000, "discontinuedOperations": {}, "extraordinaryItems": {}, "effectOfAccountingCharges": {}, "otherItems": {}, "netIncome": -113739000, "netIncomeApplicableToCommonShares": -113739000}, {"maxAge": 1, "endDate": "2018-03-31", "totalRevenue": 415446000, "costOfRevenue": 238815000, "grossProfit": 176631000, "researchDevelopment": {}, "sellingGeneralAdministrative": 130452000, "nonRecurring": {}, "otherOperatingExpenses": 97785000, "totalOperatingExpenses": 504439000, "operatingIncome": -88993000, "totalOtherIncomeExpenseNet": -693363000, "ebit": -88993000, "interestExpense": -168000, "incomeBeforeTax": -782356000, "incomeTaxExpense": 0, "minorityInterest": {}, "netIncomeFromContinuingOps": -782356000, "discontinuedOperations": {}, "extraordinaryItems": {}, "effectOfAccountingCharges": {}, "otherItems": {}, "netIncome": -782356000, "netIncomeApplicableToCommonShares": -782356000}, {"maxAge": 1, "endDate": "2017-03-31", "totalRevenue": 552407000, "costOfRevenue": 371699000, "grossProfit": 180708000, "researchDevelopment": {}, "sellingGeneralAdministrative": 107429000, "nonRecurring": {}, "otherOperatingExpenses": 94483000, "totalOperatingExpenses": 619677000, "operatingIncome": -67270000, "totalOtherIncomeExpenseNet": -926883000, "ebit": -67270000, "interestExpense": -28679000, "incomeBeforeTax": -994153000, "incomeTaxExpense": 79085000, "minorityInterest": {}, "netIncomeFromContinuingOps": -1073238000, "discontinuedOperations": {}, "extraordinaryItems": {}, "effectOfAccountingCharges": {}, "otherItems": {}, "netIncome": -1073238000, "netIncomeApplicableToCommonShares": -1073238000}], "maxAge": 86400}, "fundOwnership": {"ownershipList": [], "maxAge": 1}, "summaryDetail": {"maxAge": 1, "priceHint": 4, "previousClose": 3.42, "open": 3.28, "dayLow": 3.25, "dayHigh": 3.48, "regularMarketPreviousClose": 3.42, "regularMarketOpen": 3.28, "regularMarketDayLow": 3.25, "regularMarketDayHigh": 3.48, "volume": 107202, "regularMarketVolume": 107202, "averageVolume": 185384, "averageVolume10days": 57223, "averageDailyVolume10Day": 57223, "bid": 0.0, "ask": 3.25, "bidSize": 0, "askSize": 0, "marketCap": 140287872, "fiftyTwoWeekLow": 0.65, "fiftyTwoWeekHigh": 4.18, "fiftyDayAverage": 3.009091, "twoHundredDayAverage": 1.9770588, "trailingAnnualDividendRate": 0.02, "trailingAnnualDividendYield": 0.005847953, "currency": "INR", "fromCurrency": null, "lastMarket": null, "algorithm": null, "tradeable": false}, "incomeStatementHistoryQuarterly": {"incomeStatementHistory": [{"maxAge": 1, "endDate": "2020-06-30", "totalRevenue": 3199000, "costOfRevenue": 7126000, "grossProfit": -3927000, "researchDevelopment": {}, "sellingGeneralAdministrative": 4146000, "nonRecurring": {}, "otherOperatingExpenses": 1838000, "totalOperatingExpenses": 18313000, "operatingIncome": -15114000, "totalOtherIncomeExpenseNet": 123000, "ebit": -15114000, "interestExpense": -28000, "incomeBeforeTax": -14991000, "incomeTaxExpense": 0, "minorityInterest": {}, "netIncomeFromContinuingOps": -14991000, "discontinuedOperations": {}, "extraordinaryItems": {}, "effectOfAccountingCharges": {}, "otherItems": {}, "netIncome": -14991000, "netIncomeApplicableToCommonShares": -14991000}, {"maxAge": 1, "endDate": "2020-03-31", "totalRevenue": 1506000, "costOfRevenue": 5265000, "grossProfit": -3759000, "researchDevelopment": {}, "sellingGeneralAdministrative": 6595000, "nonRecurring": {}, "otherOperatingExpenses": 4926000, "totalOperatingExpenses": 22459000, "operatingIncome": -20953000, "totalOtherIncomeExpenseNet": -75648000, "ebit": -20953000, "interestExpense": -319000, "incomeBeforeTax": -96601000, "incomeTaxExpense": 0, "minorityInterest": {}, "netIncomeFromContinuingOps": -96601000, "discontinuedOperations": {}, "extraordinaryItems": {}, "effectOfAccountingCharges": {}, "otherItems": {}, "netIncome": -96601000, "netIncomeApplicableToCommonShares": -96601000}, {"maxAge": 1, "endDate": "2019-12-31", "totalRevenue": 9600000, "costOfRevenue": 5150000, "grossProfit": 4450000, "researchDevelopment": {}, "sellingGeneralAdministrative": 7890000, "nonRecurring": {}, "otherOperatingExpenses": 3410000, "totalOperatingExpenses": 22300000, "operatingIncome": -12700000, "totalOtherIncomeExpenseNet": 270000, "ebit": -12700000, "interestExpense": -330000, "incomeBeforeTax": -12430000, "incomeTaxExpense": 0, "minorityInterest": {}, "netIncomeFromContinuingOps": -12430000, "discontinuedOperations": {}, "extraordinaryItems": {}, "effectOfAccountingCharges": {}, "otherItems": {}, "netIncome": -12430000, "netIncomeApplicableToCommonShares": -12430000}, {"maxAge": 1, "endDate": "2019-09-30", "totalRevenue": 46099000, "costOfRevenue": 27179000, "grossProfit": 18920000, "researchDevelopment": {}, "sellingGeneralAdministrative": 10265000, "nonRecurring": {}, "otherOperatingExpenses": 3021000, "totalOperatingExpenses": 46136000, "operatingIncome": -37000, "totalOtherIncomeExpenseNet": -170000, "ebit": -37000, "interestExpense": -1407000, "incomeBeforeTax": -207000, "incomeTaxExpense": 0, "minorityInterest": {}, "netIncomeFromContinuingOps": -207000, "discontinuedOperations": {}, "extraordinaryItems": {}, "effectOfAccountingCharges": {}, "otherItems": {}, "netIncome": -207000, "netIncomeApplicableToCommonShares": -207000}], "maxAge": 86400}, "cashflowStatementHistoryQuarterly": {"cashflowStatements": [{"maxAge": 1, "endDate": "2020-06-30", "netIncome": -14991000, "changeToLiabilities": 0}, {"maxAge": 1, "endDate": "2020-03-31", "netIncome": -96601000, "changeToLiabilities": 0}, {"maxAge": 1, "endDate": "2019-12-31", "netIncome": -12430000, "changeToLiabilities": 0}, {"maxAge": 1, "endDate": "2019-09-30", "netIncome": -207000, "changeToLiabilities": 0}], "maxAge": 86400}, "insiderHolders": {"holders": [{"maxAge": 1, "name": "Bankda (Pranav)", "relation": "Promoter", "url": "", "transactionDescription": "Gift", "latestTransDate": "2020-06-29", "positionDirect": 0, "positionDirectDate": "2020-06-29"}, {"maxAge": 1, "name": "Bankda (Pratik)", "relation": "Promoter", "url": "", "transactionDescription": "Sale", "latestTransDate": "2020-07-10", "positionDirect": 0, "positionDirectDate": "2020-07-10"}], "maxAge": 1}, "calendarEvents": {"maxAge": 1, "earnings": {"earningsDate": ["2019-08-13 05:30:S", "2019-08-17 05:30:S"]}}, "upgradeDowngradeHistory": {"history": [], "maxAge": 86400}, "price": {"maxAge": 1, "regularMarketChangePercent": -0.04970763, "regularMarketChange": -0.17000008, "regularMarketTime": "2021-04-30 15:58:56", "priceHint": 4, "regularMarketPrice": 3.25, "regularMarketDayHigh": 3.48, "regularMarketDayLow": 3.25, "regularMarketVolume": 107202, "averageDailyVolume10Day": 57223, "averageDailyVolume3Month": 185384, "regularMarketPreviousClose": 3.42, "regularMarketSource": "FREE_REALTIME", "regularMarketOpen": 3.28, "exchange": "BSE", "exchangeName": "BSE", "exchangeDataDelayedBy": 0, "marketState": "CLOSED", "quoteType": "EQUITY", "symbol": "SYNCOM.BO", "underlyingSymbol": null, "shortName": "SYNCOM HEALTHCARE LTD", "longName": "Syncom Healthcare Limited", "currency": "INR", "quoteSourceName": "Delayed Quote", "currencySymbol": "\u20b9", "fromCurrency": null, "lastMarket": null, "marketCap": 140287872}, "balanceSheetHistory": {"balanceSheetStatements": [{"maxAge": 1, "endDate": "2020-03-31", "cash": 11326000, "netReceivables": 4780000, "inventory": 20129000, "otherCurrentAssets": 10718000, "totalCurrentAssets": 46953000, "propertyPlantEquipment": 111406000, "intangibleAssets": 2321000, "otherAssets": 17570000, "totalAssets": 178250000, "accountsPayable": 54543000, "otherCurrentLiab": 8064000, "longTermDebt": 116974000, "otherLiab": 3280000, "totalCurrentLiabilities": 182148000, "totalLiab": 302402000, "commonStock": 400000000, "treasuryStock": -524152000, "otherStockholderEquity": -524152000, "totalStockholderEquity": -124152000, "netTangibleAssets": -126473000}, {"maxAge": 1, "endDate": "2019-03-31", "cash": 1961000, "shortTermInvestments": 12069000, "netReceivables": 181919000, "inventory": 70948000, "otherCurrentAssets": 76848000, "totalCurrentAssets": 343988000, "propertyPlantEquipment": 134211000, "intangibleAssets": 2351000, "otherAssets": 14062000, "totalAssets": 494612000, "accountsPayable": 230557000, "otherCurrentLiab": 17547000, "longTermDebt": 115954000, "otherLiab": 5203000, "totalCurrentLiabilities": 381589000, "totalLiab": 503642000, "commonStock": 400000000, "retainedEarnings": -1551951000, "treasuryStock": -438000, "capitalSurplus": 1143359000, "otherStockholderEquity": -438000, "totalStockholderEquity": -9030000, "netTangibleAssets": -11381000}, {"maxAge": 1, "endDate": "2018-03-31", "cash": 1134000, "shortTermInvestments": 4436000, "netReceivables": 170531000, "inventory": 95299000, "otherCurrentAssets": 151860000, "totalCurrentAssets": 423447000, "propertyPlantEquipment": 162261000, "intangibleAssets": 2540000, "otherAssets": 20464000, "totalAssets": 608712000, "accountsPayable": 213434000, "shortLongTermDebt": 69004000, "otherCurrentLiab": 19436000, "longTermDebt": 46823000, "otherLiab": 4313000, "totalCurrentLiabilities": 452041000, "totalLiab": 504003000, "commonStock": 400000000, "retainedEarnings": -1856664000, "treasuryStock": 418014000, "capitalSurplus": 1143359000, "otherStockholderEquity": 418014000, "totalStockholderEquity": 104709000, "netTangibleAssets": 102169000}, {"maxAge": 1, "endDate": "2017-03-31", "cash": 2736000, "shortTermInvestments": 2124000, "netReceivables": 698352000, "inventory": 108046000, "otherCurrentAssets": 189129000, "totalCurrentAssets": 1001208000, "longTermInvestments": 5000, "propertyPlantEquipment": 198186000, "intangibleAssets": 2660000, "otherAssets": 102304000, "totalAssets": 1304363000, "accountsPayable": 130669000, "shortLongTermDebt": 33006000, "otherCurrentLiab": 7115000, "longTermDebt": 82655000, "otherLiab": 2827000, "totalCurrentLiabilities": 331913000, "totalLiab": 418153000, "commonStock": 400000000, "retainedEarnings": -1074486000, "treasuryStock": 417337000, "capitalSurplus": 1143359000, "otherStockholderEquity": 417337000, "totalStockholderEquity": 886210000, "netTangibleAssets": 883550000}], "maxAge": 86400}, "financialData": {"maxAge": 86400, "currentPrice": 3.25, "recommendationKey": "none", "grossProfits": 71886000, "financialCurrency": "INR"}}}