{"SYNTHFO.BO": {"cashflowStatementHistory": {"cashflowStatements": [{"maxAge": 1, "endDate": "2020-03-31", "netIncome": 4636367, "depreciation": 2542202, "changeToNetincome": -293223, "changeToAccountReceivables": 5147372, "changeToLiabilities": 4676781, "changeToInventory": -6243420, "changeToOperatingActivities": -174981, "totalCashFromOperatingActivities": 10291098, "capitalExpenditures": -6905143, "otherCashflowsFromInvestingActivities": 287696, "totalCashflowsFromInvestingActivities": -6617447, "netBorrowings": -4486714, "totalCashFromFinancingActivities": -4486714, "changeInCash": -813063}, {"maxAge": 1, "endDate": "2019-03-31", "netIncome": 4362906, "depreciation": 1828363, "changeToNetincome": -346523, "changeToAccountReceivables": -9771542, "changeToLiabilities": -19116274, "changeToInventory": 16595500, "changeToOperatingActivities": 946711, "totalCashFromOperatingActivities": -5500859, "capitalExpenditures": -1551511, "otherCashflowsFromInvestingActivities": 427282, "totalCashflowsFromInvestingActivities": -1072690, "netBorrowings": 4778342, "totalCashFromFinancingActivities": 4778342, "changeInCash": -1795207}, {"maxAge": 1, "endDate": "2018-03-31", "netIncome": 4223199, "depreciation": 1871173, "changeToNetincome": -421077, "changeToAccountReceivables": -5090698, "changeToLiabilities": -14886861, "changeToInventory": 6755938, "changeToOperatingActivities": 8171843, "totalCashFromOperatingActivities": 623517, "capitalExpenditures": -620393, "investments": 390639, "otherCashflowsFromInvestingActivities": 618312, "totalCashflowsFromInvestingActivities": 378058, "netBorrowings": -3128372, "totalCashFromFinancingActivities": -3128372, "changeInCash": -2126797}, {"maxAge": 1, "endDate": "2017-03-31", "netIncome": 2084328, "depreciation": 2266368, "changeToNetincome": -499590, "changeToAccountReceivables": -4637423, "changeToLiabilities": 30806506, "changeToInventory": -24142228, "changeToOperatingActivities": -5198253, "totalCashFromOperatingActivities": 679708, "capitalExpenditures": -2532198, "investments": 1375513, "otherCashflowsFromInvestingActivities": 983873, "totalCashflowsFromInvestingActivities": 2263936, "netBorrowings": -2254890, "totalCashFromFinancingActivities": -2254890, "changeInCash": 688754}], "maxAge": 86400}, "institutionOwnership": {"ownershipList": [], "maxAge": 1}, "balanceSheetHistoryQuarterly": {"balanceSheetStatements": [{"maxAge": 1, "endDate": "2020-06-30", "totalStockholderEquity": 43404241, "netTangibleAssets": 43404241}, {"maxAge": 1, "endDate": "2020-03-31", "cash": 356210, "shortTermInvestments": 4454220, "netReceivables": 55578241, "inventory": 29755860, "otherCurrentAssets": 1533760, "totalCurrentAssets": 91678291, "propertyPlantEquipment": 22280019, "totalAssets": 113958310, "accountsPayable": 15727537, "shortLongTermDebt": 973167, "otherCurrentLiab": 2786782, "longTermDebt": 2900490, "otherLiab": 2583388, "totalCurrentLiabilities": 65070191, "totalLiab": 70554069, "commonStock": 8700000, "retainedEarnings": 32876241, "treasuryStock": 1828000, "otherStockholderEquity": 1828000, "totalStockholderEquity": 43404241, "netTangibleAssets": 43404241}, {"maxAge": 1, "endDate": "2019-12-31", "totalStockholderEquity": 41887000, "netTangibleAssets": 41887000}, {"maxAge": 1, "endDate": "2019-09-30", "cash": 17156000, "netReceivables": 62817000, "inventory": 12857000, "otherCurrentAssets": 842000, "totalCurrentAssets": 93672000, "longTermInvestments": 2000, "propertyPlantEquipment": 18615000, "totalAssets": 112289000, "accountsPayable": 18862000, "otherCurrentLiab": 2727000, "longTermDebt": 6280000, "otherLiab": 2394000, "totalCurrentLiabilities": 61728000, "totalLiab": 70402000, "commonStock": 8700000, "treasuryStock": 33187000, "otherStockholderEquity": 33187000, "totalStockholderEquity": 41887000, "netTangibleAssets": 41887000}], "maxAge": 86400}, "indexTrend": {"maxAge": 1, "symbol": "SP5", "peRatio": 19.7411, "pegRatio": 1.34172, "estimates": [{"period": "0q", "growth": 0.549}, {"period": "+1q", "growth": 0.431}, {"period": "0y", "growth": 0.305}, {"period": "+1y", "growth": 0.109}, {"period": "+5y", "growth": 0.120859005}, {"period": "-5y"}]}, "insiderTransactions": {"transactions": [{"maxAge": 1, "shares": 48800, "filerUrl": "", "transactionText": "", "filerName": "Dhadhia (Yogesh)", "filerRelation": "Promoter", "moneyText": "", "startDate": "2018-12-03", "ownership": "D"}, {"maxAge": 1, "shares": 38000, "filerUrl": "", "transactionText": "", "filerName": "Dadhia (Ramesh J)", "filerRelation": "Promoter", "moneyText": "", "startDate": "2018-05-03", "ownership": "D"}, {"maxAge": 1, "shares": 38000, "filerUrl": "", "transactionText": "", "filerName": "Dadhia (Taradevi Jaylal)", "filerRelation": "Promoter", "moneyText": "", "startDate": "2018-05-03", "ownership": "D"}, {"maxAge": 1, "shares": 86000, "filerUrl": "", "transactionText": "", "filerName": "Dadhia (Ramesh J)", "filerRelation": "Promoter", "moneyText": "", "startDate": "2017-10-17", "ownership": "D"}, {"maxAge": 1, "shares": 86000, "filerUrl": "", "transactionText": "", "filerName": "Dadhia (Taradevi Jaylal)", "filerRelation": "Promoter", "moneyText": "", "startDate": "2017-10-17", "ownership": "D"}, {"maxAge": 1, "shares": 85000, "filerUrl": "", "transactionText": "", "filerName": "Dadhia (Bhavesh R)", "filerRelation": "Wholetime Director", "moneyText": "", "startDate": "2017-02-27", "ownership": "D"}, {"maxAge": 1, "shares": 17300, "filerUrl": "", "transactionText": "", "filerName": "Dadhia (Taradevi Jaylal)", "filerRelation": "Promoter", "moneyText": "", "startDate": "2017-02-27", "ownership": "D"}, {"maxAge": 1, "shares": 42500, "filerUrl": "", "transactionText": "", "filerName": "Dadhia (Himesh)", "filerRelation": "Promoter", "moneyText": "", "startDate": "2016-03-21", "ownership": "D"}, {"maxAge": 1, "shares": 96700, "filerUrl": "", "transactionText": "", "filerName": "Dadhia (Taradevi Jaylal)", "filerRelation": "UNREPORTED", "moneyText": "", "startDate": "2010-05-17", "ownership": "D"}], "maxAge": 1}, "quoteType": {"exchange": "BSE", "quoteType": "EQUITY", "symbol": "SYNTHFO.BO", "underlyingSymbol": "SYNTHFO.BO", "shortName": "SYNTHIKO FOILS LTD.", "longName": "Synthiko Foils Limited", "firstTradeDateEpochUtc": "2010-11-03 09:15:00", "timeZoneFullName": "Asia/Kolkata", "timeZoneShortName": "IST", "uuid": "60496b6d-7bd1-3e2c-95d6-fe59a0caf625", "gmtOffSetMilliseconds": 19800000, "maxAge": 1}, "incomeStatementHistory": {"incomeStatementHistory": [{"maxAge": 1, "endDate": "2020-03-31", "totalRevenue": 314743913, "costOfRevenue": 278562997, "grossProfit": 36180916, "researchDevelopment": {}, "sellingGeneralAdministrative": 12855135, "nonRecurring": {}, "otherOperatingExpenses": 11051890, "totalOperatingExpenses": 305012224, "operatingIncome": 9731689, "totalOtherIncomeExpenseNet": -3675850, "ebit": 9731689, "interestExpense": -5125070, "incomeBeforeTax": 6055839, "incomeTaxExpense": 1419472, "minorityInterest": {}, "netIncomeFromContinuingOps": 4636367, "discontinuedOperations": {}, "extraordinaryItems": {}, "effectOfAccountingCharges": {}, "otherItems": {}, "netIncome": 4636367, "netIncomeApplicableToCommonShares": 4636367}, {"maxAge": 1, "endDate": "2019-03-31", "totalRevenue": 306330970, "costOfRevenue": 270787777, "grossProfit": 35543193, "researchDevelopment": {}, "sellingGeneralAdministrative": 11719876, "nonRecurring": {}, "otherOperatingExpenses": 11611082, "totalOperatingExpenses": 295947098, "operatingIncome": 10383872, "totalOtherIncomeExpenseNet": -4415207, "ebit": 10383872, "interestExpense": -5615563, "incomeBeforeTax": 5968665, "incomeTaxExpense": 1605759, "minorityInterest": {}, "netIncomeFromContinuingOps": 4362906, "discontinuedOperations": {}, "extraordinaryItems": {}, "effectOfAccountingCharges": {}, "otherItems": {}, "netIncome": 4362906, "netIncomeApplicableToCommonShares": 4362906}, {"maxAge": 1, "endDate": "2018-03-31", "totalRevenue": 215412199, "costOfRevenue": 182913060, "grossProfit": 32499139, "researchDevelopment": {}, "sellingGeneralAdministrative": 11694893, "nonRecurring": {}, "otherOperatingExpenses": 9886675, "totalOperatingExpenses": 206365801, "operatingIncome": 9046398, "totalOtherIncomeExpenseNet": -3184690, "ebit": 9046398, "interestExpense": -6058057, "incomeBeforeTax": 5861708, "incomeTaxExpense": 1638509, "minorityInterest": {}, "netIncomeFromContinuingOps": 4223199, "discontinuedOperations": {}, "extraordinaryItems": {}, "effectOfAccountingCharges": {}, "otherItems": {}, "netIncome": 4223199, "netIncomeApplicableToCommonShares": 4223199}, {"maxAge": 1, "endDate": "2017-03-31", "totalRevenue": 173745768, "costOfRevenue": 146840188, "grossProfit": 26905580, "researchDevelopment": {}, "sellingGeneralAdministrative": 10538287, "nonRecurring": {}, "otherOperatingExpenses": 7984667, "totalOperatingExpenses": 167629510, "operatingIncome": 6116258, "totalOtherIncomeExpenseNet": -3016403, "ebit": 6116258, "interestExpense": -6030842, "incomeBeforeTax": 3099855, "incomeTaxExpense": 1015527, "minorityInterest": {}, "netIncomeFromContinuingOps": 2084328, "discontinuedOperations": {}, "extraordinaryItems": {}, "effectOfAccountingCharges": {}, "otherItems": {}, "netIncome": 2084328, "netIncomeApplicableToCommonShares": 2084328}], "maxAge": 86400}, "fundOwnership": {"ownershipList": [], "maxAge": 1}, "summaryDetail": {"maxAge": 1, "priceHint": 2, "previousClose": 22.5, "open": 21.4, "dayLow": 21.4, "dayHigh": 23.6, "regularMarketPreviousClose": 22.5, "regularMarketOpen": 21.4, "regularMarketDayLow": 21.4, "regularMarketDayHigh": 23.6, "trailingPE": 17.251461, "volume": 249, "regularMarketVolume": 249, "averageVolume": 489, "averageVolume10days": 32, "averageDailyVolume10Day": 32, "bid": 21.4, "ask": 23.6, "bidSize": 0, "askSize": 0, "marketCap": 41064000, "fiftyTwoWeekLow": 20.05, "fiftyTwoWeekHigh": 33.2, "fiftyDayAverage": 24.071213, "twoHundredDayAverage": 26.405148, "currency": "INR", "fromCurrency": null, "lastMarket": null, "algorithm": null, "tradeable": false}, "incomeStatementHistoryQuarterly": {"incomeStatementHistory": [{"maxAge": 1, "endDate": "2020-06-30", "totalRevenue": 53923000, "costOfRevenue": 45830000, "grossProfit": 8093000, "researchDevelopment": {}, "sellingGeneralAdministrative": 2632000, "nonRecurring": {}, "otherOperatingExpenses": 5210000, "totalOperatingExpenses": 54573000, "operatingIncome": -650000, "totalOtherIncomeExpenseNet": -746000, "ebit": -650000, "interestExpense": -1231000, "incomeBeforeTax": -1396000, "incomeTaxExpense": -64000, "minorityInterest": {}, "netIncomeFromContinuingOps": -1332000, "discontinuedOperations": {}, "extraordinaryItems": {}, "effectOfAccountingCharges": {}, "otherItems": {}, "netIncome": -1332000, "netIncomeApplicableToCommonShares": -1332000}, {"maxAge": 1, "endDate": "2020-03-31", "totalRevenue": 72713913, "costOfRevenue": 74978997, "grossProfit": -2265084, "researchDevelopment": {}, "sellingGeneralAdministrative": 5198135, "nonRecurring": {}, "otherOperatingExpenses": -9038110, "totalOperatingExpenses": 71867224, "operatingIncome": 846689, "totalOtherIncomeExpenseNet": -889850, "ebit": 846689, "interestExpense": -1490070, "incomeBeforeTax": -43161, "incomeTaxExpense": 386472, "minorityInterest": {}, "netIncomeFromContinuingOps": -429633, "discontinuedOperations": {}, "extraordinaryItems": {}, "effectOfAccountingCharges": {}, "otherItems": {}, "netIncome": -429633, "netIncomeApplicableToCommonShares": -429633}, {"maxAge": 1, "endDate": "2019-12-31", "totalRevenue": 85685000, "costOfRevenue": 71793000, "grossProfit": 13892000, "researchDevelopment": {}, "sellingGeneralAdministrative": 2791000, "nonRecurring": {}, "otherOperatingExpenses": 7136000, "totalOperatingExpenses": 82612000, "operatingIncome": 3073000, "totalOtherIncomeExpenseNet": -601000, "ebit": 3073000, "interestExpense": -1066000, "incomeBeforeTax": 2472000, "incomeTaxExpense": 524000, "minorityInterest": {}, "netIncomeFromContinuingOps": 1948000, "discontinuedOperations": {}, "extraordinaryItems": {}, "effectOfAccountingCharges": {}, "otherItems": {}, "netIncome": 1948000, "netIncomeApplicableToCommonShares": 1948000}, {"maxAge": 1, "endDate": "2019-09-30", "totalRevenue": 88275000, "costOfRevenue": 73260000, "grossProfit": 15015000, "researchDevelopment": {}, "sellingGeneralAdministrative": 2537000, "nonRecurring": {}, "otherOperatingExpenses": 7196000, "totalOperatingExpenses": 83510000, "operatingIncome": 4765000, "totalOtherIncomeExpenseNet": -2380000, "ebit": 4765000, "interestExpense": -1175000, "incomeBeforeTax": 2385000, "incomeTaxExpense": 191000, "minorityInterest": {}, "netIncomeFromContinuingOps": 2194000, "discontinuedOperations": {}, "extraordinaryItems": {}, "effectOfAccountingCharges": {}, "otherItems": {}, "netIncome": 2194000, "netIncomeApplicableToCommonShares": 2194000}], "maxAge": 86400}, "cashflowStatementHistoryQuarterly": {"cashflowStatements": [{"maxAge": 1, "endDate": "2020-06-30", "netIncome": -1332000, "changeToLiabilities": 0}, {"maxAge": 1, "endDate": "2020-03-31", "netIncome": -429633, "changeToLiabilities": 0}, {"maxAge": 1, "endDate": "2019-12-31", "netIncome": 1948000, "changeToLiabilities": 0}, {"maxAge": 1, "endDate": "2019-09-30", "netIncome": 2194000, "changeToLiabilities": 0}], "maxAge": 86400}, "insiderHolders": {"holders": [{"maxAge": 1, "name": "Dadhia (Bhavesh R)", "relation": "Wholetime Director", "url": "", "transactionDescription": "Purchase", "latestTransDate": "2017-02-27", "positionDirect": 163800, "positionDirectDate": "2017-02-27"}, {"maxAge": 1, "name": "Dadhia (Himesh)", "relation": "Promoter", "url": "", "transactionDescription": "Purchase", "latestTransDate": "2016-03-21", "positionDirect": 81800, "positionDirectDate": "2016-03-21"}, {"maxAge": 1, "name": "Dadhia (Ramesh J)", "relation": "Promoter", "url": "", "transactionDescription": "Purchase", "latestTransDate": "2018-05-03", "positionDirect": 289640, "positionDirectDate": "2018-05-03"}, {"maxAge": 1, "name": "Dadhia (Taradevi Jaylal)", "relation": "Promoter", "url": "", "transactionDescription": "Sale", "latestTransDate": "2018-05-03", "positionDirect": 0, "positionDirectDate": "2018-05-03"}, {"maxAge": 1, "name": "Dhadhia (Yogesh)", "relation": "Promoter", "url": "", "transactionDescription": "Purchase", "latestTransDate": "2018-12-03", "positionDirect": 126840, "positionDirectDate": "2018-12-03"}], "maxAge": 1}, "calendarEvents": {"maxAge": 1, "earnings": {"earningsDate": []}}, "upgradeDowngradeHistory": {"history": [], "maxAge": 86400}, "price": {"maxAge": 1, "regularMarketChangePercent": 0.048888907, "regularMarketChange": 1.1000004, "regularMarketTime": "2021-04-30 15:19:54", "priceHint": 2, "regularMarketPrice": 23.6, "regularMarketDayHigh": 23.6, "regularMarketDayLow": 21.4, "regularMarketVolume": 249, "averageDailyVolume10Day": 32, "averageDailyVolume3Month": 489, "regularMarketPreviousClose": 22.5, "regularMarketSource": "FREE_REALTIME", "regularMarketOpen": 21.4, "exchange": "BSE", "exchangeName": "BSE", "exchangeDataDelayedBy": 0, "marketState": "CLOSED", "quoteType": "EQUITY", "symbol": "SYNTHFO.BO", "underlyingSymbol": null, "shortName": "SYNTHIKO FOILS LTD.", "longName": "Synthiko Foils Limited", "currency": "INR", "quoteSourceName": "Delayed Quote", "currencySymbol": "\u20b9", "fromCurrency": null, "lastMarket": null, "marketCap": 41064000}, "balanceSheetHistory": {"balanceSheetStatements": [{"maxAge": 1, "endDate": "2020-03-31", "cash": 356210, "shortTermInvestments": 4454220, "netReceivables": 55578241, "inventory": 29755860, "otherCurrentAssets": 1533760, "totalCurrentAssets": 91678291, "propertyPlantEquipment": 22280019, "totalAssets": 113958310, "accountsPayable": 15727537, "shortLongTermDebt": 973167, "otherCurrentLiab": 2786782, "longTermDebt": 2900490, "otherLiab": 2583388, "totalCurrentLiabilities": 65070191, "totalLiab": 70554069, "commonStock": 8700000, "retainedEarnings": 32876241, "treasuryStock": 1828000, "otherStockholderEquity": 1828000, "totalStockholderEquity": 43404241, "netTangibleAssets": 43404241}, {"maxAge": 1, "endDate": "2019-03-31", "cash": 263410, "shortTermInvestments": 5360083, "netReceivables": 60752366, "inventory": 23512440, "otherCurrentAssets": 548965, "totalCurrentAssets": 90437264, "propertyPlantEquipment": 17917078, "otherAssets": -1, "totalAssets": 108354341, "accountsPayable": 11917816, "shortLongTermDebt": 559, "otherCurrentLiab": 679020, "longTermDebt": 4675516, "otherLiab": 2588917, "totalCurrentLiabilities": 62322035, "totalLiab": 69586468, "commonStock": 8700000, "retainedEarnings": 28239873, "treasuryStock": 1828000, "otherStockholderEquity": 1828000, "totalStockholderEquity": 38767873, "netTangibleAssets": 38767873}, {"maxAge": 1, "endDate": "2018-03-31", "cash": 832788, "shortTermInvestments": 6585912, "netReceivables": 51010827, "inventory": 40107940, "otherCurrentAssets": 591429, "totalCurrentAssets": 99128896, "propertyPlantEquipment": 18193930, "totalAssets": 117322826, "accountsPayable": 27878589, "shortLongTermDebt": 677939, "otherCurrentLiab": 1020695, "longTermDebt": 4101530, "otherLiab": 2508158, "totalCurrentLiabilities": 76308174, "totalLiab": 82917862, "commonStock": 8700000, "retainedEarnings": 23876964, "treasuryStock": 1828000, "otherStockholderEquity": 1828000, "totalStockholderEquity": 34404964, "netTangibleAssets": 34404964}, {"maxAge": 1, "endDate": "2017-03-31", "cash": 210827, "shortTermInvestments": 9725308, "netReceivables": 45851176, "inventory": 46863878, "otherCurrentAssets": 8717194, "totalCurrentAssets": 111368383, "propertyPlantEquipment": 19444710, "otherAssets": 1, "totalAssets": 130813094, "accountsPayable": 44640415, "shortLongTermDebt": 767724, "otherCurrentLiab": 428698, "longTermDebt": 6003784, "otherLiab": 2359923, "totalCurrentLiabilities": 92316622, "totalLiab": 100680329, "commonStock": 8700000, "retainedEarnings": 19604765, "treasuryStock": 1828000, "otherStockholderEquity": 1828000, "totalStockholderEquity": 30132765, "netTangibleAssets": 30132765}], "maxAge": 86400}, "financialData": {"maxAge": 86400, "currentPrice": 23.6, "recommendationKey": "none", "grossProfits": 36180916, "financialCurrency": "INR"}}}