{"SYSTMTXC.BO": {"cashflowStatementHistory": {"cashflowStatements": [{"maxAge": 1, "endDate": "2020-03-31", "netIncome": -44490000, "depreciation": 57881000, "changeToNetincome": 91156000, "changeToLiabilities": 114574000, "changeToOperatingActivities": 713530000, "totalCashFromOperatingActivities": 933452000, "capitalExpenditures": -9050000, "investments": -1021000, "otherCashflowsFromInvestingActivities": 2323000, "totalCashflowsFromInvestingActivities": -7748000, "netBorrowings": -740183000, "otherCashflowsFromFinancingActivities": -89277000, "totalCashFromFinancingActivities": -829460000, "changeInCash": 96244000}, {"maxAge": 1, "endDate": "2019-03-31", "netIncome": -29287000, "depreciation": 63234000, "changeToNetincome": 94069000, "changeToLiabilities": -90251000, "changeToOperatingActivities": 455562000, "totalCashFromOperatingActivities": 494391000, "capitalExpenditures": -8966000, "investments": -1021000, "otherCashflowsFromInvestingActivities": 23165000, "totalCashflowsFromInvestingActivities": 14709000, "netBorrowings": -423433000, "otherCashflowsFromFinancingActivities": -124972000, "totalCashFromFinancingActivities": -548405000, "changeInCash": -39304000}, {"maxAge": 1, "endDate": "2018-03-31", "netIncome": 63900705, "depreciation": 10558464, "changeToNetincome": 76217362, "changeToLiabilities": -42400472, "changeToOperatingActivities": -266873550, "totalCashFromOperatingActivities": -158597491, "capitalExpenditures": -18112590, "investments": -1021000, "otherCashflowsFromInvestingActivities": 21594128, "totalCashflowsFromInvestingActivities": 5411538, "netBorrowings": 198848863, "otherCashflowsFromFinancingActivities": -92649739, "totalCashFromFinancingActivities": 106199124, "changeInCash": -46986829}, {"maxAge": 1, "endDate": "2017-03-31", "netIncome": 39529411, "depreciation": 10932420, "changeToNetincome": 126237107, "changeToLiabilities": 73386692, "changeToOperatingActivities": -283958508, "totalCashFromOperatingActivities": -33872878, "capitalExpenditures": -6940622, "investments": -1021000, "otherCashflowsFromInvestingActivities": 21686847, "totalCashflowsFromInvestingActivities": 14896225, "netBorrowings": 66524536, "otherCashflowsFromFinancingActivities": -126193617, "totalCashFromFinancingActivities": 76460919, "changeInCash": 57484266, "issuanceOfStock": 136130000}], "maxAge": 86400}, "institutionOwnership": {"ownershipList": [], "maxAge": 1}, "balanceSheetHistoryQuarterly": {"balanceSheetStatements": [{"maxAge": 1, "endDate": "2020-06-30", "totalStockholderEquity": 755122000, "netTangibleAssets": 719699000}, {"maxAge": 1, "endDate": "2020-03-31", "cash": 437383000, "netReceivables": 509660000, "otherCurrentAssets": 311134000, "totalCurrentAssets": 1271749000, "longTermInvestments": 24910000, "propertyPlantEquipment": 38085000, "goodWill": 30946000, "intangibleAssets": 4477000, "otherAssets": 6466000, "deferredLongTermAssetCharges": 6466000, "totalAssets": 1376633000, "accountsPayable": 306150000, "otherCurrentLiab": 13521000, "longTermDebt": 205329000, "otherLiab": 27581000, "totalCurrentLiabilities": 385503000, "totalLiab": 621511000, "commonStock": 129802000, "retainedEarnings": 415242000, "treasuryStock": 23576000, "capitalSurplus": 186502000, "otherStockholderEquity": 23576000, "totalStockholderEquity": 755122000, "netTangibleAssets": 719699000}, {"maxAge": 1, "endDate": "2019-12-31", "totalStockholderEquity": 735510000, "netTangibleAssets": 699597000}, {"maxAge": 1, "endDate": "2019-09-30", "cash": 411851000, "netReceivables": 1386194000, "totalCurrentAssets": 1798045000, "longTermInvestments": 258019000, "propertyPlantEquipment": 60911000, "intangibleAssets": 35913000, "otherAssets": 27679000, "deferredLongTermAssetCharges": 3847000, "totalAssets": 2180567000, "otherCurrentLiab": 609000, "longTermDebt": 1088983000, "otherLiab": 355465000, "totalCurrentLiabilities": 609000, "totalLiab": 1445057000, "commonStock": 129803000, "treasuryStock": 605707000, "otherStockholderEquity": 605707000, "totalStockholderEquity": 735510000, "netTangibleAssets": 699597000}], "maxAge": 86400}, "indexTrend": {"maxAge": 1, "symbol": "SP5", "peRatio": 19.7411, "pegRatio": 1.34172, "estimates": [{"period": "0q", "growth": 0.549}, {"period": "+1q", "growth": 0.431}, {"period": "0y", "growth": 0.305}, {"period": "+1y", "growth": 0.109}, {"period": "+5y", "growth": 0.120859005}, {"period": "-5y"}]}, "insiderTransactions": {"transactions": [{"maxAge": 1, "shares": 33000, "filerUrl": "", "transactionText": "", "filerName": "Khandelwal (Chandra Prakash)", "filerRelation": "Chairman of the Board", "moneyText": "", "startDate": "2019-06-12", "ownership": "D"}, {"maxAge": 1, "shares": 3375000, "filerUrl": "", "transactionText": "", "filerName": "Superstar Exports Pvt Ltd", "filerRelation": "Promoter", "moneyText": "", "startDate": "2018-05-08", "ownership": "D"}, {"maxAge": 1, "shares": 75000, "filerUrl": "", "transactionText": "", "filerName": "Khandelwal (Chandra Prakash)", "filerRelation": "Chairman of the Board", "moneyText": "", "startDate": "2018-01-22", "ownership": "D"}, {"maxAge": 1, "shares": 73455, "filerUrl": "", "transactionText": "", "filerName": "Khandelwal (Nikhil)", "filerRelation": "Director", "moneyText": "", "startDate": "2018-01-22", "ownership": "D"}, {"maxAge": 1, "shares": 580058, "filerUrl": "", "transactionText": "", "filerName": "Superstar Exports Pvt Ltd", "filerRelation": "Promoter", "moneyText": "", "startDate": "2016-10-03", "ownership": "D"}, {"maxAge": 1, "shares": 170000, "filerUrl": "", "transactionText": "", "filerName": "Superstar Exports Pvt Ltd", "filerRelation": "Promoter", "moneyText": "", "startDate": "2016-03-30", "ownership": "D"}, {"maxAge": 1, "shares": 464998, "filerUrl": "", "transactionText": "", "filerName": "Superstar Exports Pvt Ltd", "filerRelation": "Institution- Corporation", "moneyText": "", "startDate": "2016-01-25", "ownership": "D"}, {"maxAge": 1, "shares": 1501, "filerUrl": "", "transactionText": "", "filerName": "Khandelwal (Chandraprakash) HUF", "filerRelation": "UNREPORTED", "moneyText": "", "startDate": "2011-08-12", "ownership": "D"}, {"maxAge": 1, "shares": 5000, "filerUrl": "", "transactionText": "", "filerName": "Superstar Exports Pvt Ltd", "filerRelation": "Institution- Corporation", "moneyText": "", "startDate": "2011-07-14", "ownership": "D"}, {"maxAge": 1, "shares": 5000, "filerUrl": "", "transactionText": "", "filerName": "Superstar Exports Pvt Ltd", "filerRelation": "Institution- Corporation", "moneyText": "", "startDate": "2011-07-13", "ownership": "D"}, {"maxAge": 1, "shares": 2000, "filerUrl": "", "transactionText": "", "filerName": "Khandelwal (Chandraprakash) HUF", "filerRelation": "UNREPORTED", "moneyText": "", "startDate": "2011-07-11", "ownership": "D"}, {"maxAge": 1, "shares": 500, "filerUrl": "", "transactionText": "", "filerName": "Khandelwal (Chandraprakash) HUF", "filerRelation": "UNREPORTED", "moneyText": "", "startDate": "2011-06-29", "ownership": "D"}, {"maxAge": 1, "shares": 500, "filerUrl": "", "transactionText": "", "filerName": "Khandelwal (Chandraprakash) HUF", "filerRelation": "UNREPORTED", "moneyText": "", "startDate": "2011-06-07", "ownership": "D"}, {"maxAge": 1, "shares": 456, "filerUrl": "", "transactionText": "", "filerName": "Khandelwal (Chandraprakash) HUF", "filerRelation": "UNREPORTED", "moneyText": "", "startDate": "2011-06-06", "ownership": "D"}, {"maxAge": 1, "shares": 39, "filerUrl": "", "transactionText": "", "filerName": "Khandelwal (Chandraprakash) HUF", "filerRelation": "UNREPORTED", "moneyText": "", "startDate": "2011-06-01", "ownership": "D"}], "maxAge": 1}, "quoteType": {"exchange": "BSE", "quoteType": "EQUITY", "symbol": "SYSTMTXC.BO", "underlyingSymbol": "SYSTMTXC.BO", "shortName": "SYSTEMATIX CORPORATE SERVICES", "longName": "Systematix Corporate Services Limited", "firstTradeDateEpochUtc": "2000-03-15 09:15:00", "timeZoneFullName": "Asia/Kolkata", "timeZoneShortName": "IST", "uuid": "6cd5094a-f626-3270-b41b-c27a702015e8", "gmtOffSetMilliseconds": 19800000, "maxAge": 1}, "incomeStatementHistory": {"incomeStatementHistory": [{"maxAge": 1, "endDate": "2020-03-31", "totalRevenue": 443057000, "costOfRevenue": 7718000, "grossProfit": 435339000, "researchDevelopment": {}, "sellingGeneralAdministrative": 278657000, "nonRecurring": {}, "otherOperatingExpenses": 141774000, "totalOperatingExpenses": 486831000, "operatingIncome": -43774000, "totalOtherIncomeExpenseNet": -1733000, "ebit": 0, "interestExpense": {}, "incomeBeforeTax": -45507000, "incomeTaxExpense": -1017000, "minorityInterest": {}, "netIncomeFromContinuingOps": -44490000, "discontinuedOperations": {}, "extraordinaryItems": {}, "effectOfAccountingCharges": {}, "otherItems": {}, "netIncome": -44490000, "netIncomeApplicableToCommonShares": -44490000}, {"maxAge": 1, "endDate": "2019-03-31", "totalRevenue": 425261000, "costOfRevenue": 8436000, "grossProfit": 416825000, "researchDevelopment": {}, "sellingGeneralAdministrative": 242017000, "nonRecurring": {}, "otherOperatingExpenses": 136650000, "totalOperatingExpenses": 451402000, "operatingIncome": -26141000, "totalOtherIncomeExpenseNet": 0, "ebit": 0, "interestExpense": {}, "incomeBeforeTax": -26141000, "incomeTaxExpense": 3146000, "minorityInterest": {}, "netIncomeFromContinuingOps": -29287000, "discontinuedOperations": {}, "extraordinaryItems": {}, "effectOfAccountingCharges": {}, "otherItems": {}, "netIncome": -29287000, "netIncomeApplicableToCommonShares": -29287000}, {"maxAge": 1, "endDate": "2018-03-31", "totalRevenue": 469078406, "costOfRevenue": 8508605, "grossProfit": 460569801, "researchDevelopment": {}, "sellingGeneralAdministrative": 190471510, "nonRecurring": {}, "otherOperatingExpenses": 170101758, "totalOperatingExpenses": 379640337, "operatingIncome": 89438069, "totalOtherIncomeExpenseNet": 300568, "ebit": 0, "interestExpense": {}, "incomeBeforeTax": 89738637, "incomeTaxExpense": 25837932, "minorityInterest": {}, "netIncomeFromContinuingOps": 63900705, "discontinuedOperations": {}, "extraordinaryItems": {}, "effectOfAccountingCharges": {}, "otherItems": {}, "netIncome": 63900705, "netIncomeApplicableToCommonShares": 63900705}, {"maxAge": 1, "endDate": "2017-03-31", "totalRevenue": 316754230, "costOfRevenue": 6816688, "grossProfit": 309937542, "researchDevelopment": {}, "sellingGeneralAdministrative": 124290481, "nonRecurring": {}, "otherOperatingExpenses": 113695883, "totalOperatingExpenses": 255735472, "operatingIncome": 61018758, "totalOtherIncomeExpenseNet": -4722722, "ebit": 0, "interestExpense": {}, "incomeBeforeTax": 56296036, "incomeTaxExpense": 16766625, "minorityInterest": {}, "netIncomeFromContinuingOps": 39529411, "discontinuedOperations": {}, "extraordinaryItems": {}, "effectOfAccountingCharges": {}, "otherItems": {}, "netIncome": 39529411, "netIncomeApplicableToCommonShares": 39529411}], "maxAge": 86400}, "fundOwnership": {"ownershipList": [], "maxAge": 1}, "summaryDetail": {"maxAge": 1, "priceHint": 2, "previousClose": 169.3, "open": 177.0, "dayLow": 166.25, "dayHigh": 177.75, "regularMarketPreviousClose": 169.3, "regularMarketOpen": 177.0, "regularMarketDayLow": 166.25, "regularMarketDayHigh": 177.75, "volume": 3728, "regularMarketVolume": 3728, "averageVolume": 3852, "averageVolume10days": 1100, "averageDailyVolume10Day": 1100, "bid": 170.05, "ask": 177.65, "bidSize": 0, "askSize": 0, "marketCap": 2306599168, "fiftyTwoWeekLow": 31.4, "fiftyTwoWeekHigh": 177.75, "fiftyDayAverage": 94.38485, "twoHundredDayAverage": 51.624634, "currency": "INR", "fromCurrency": null, "lastMarket": null, "algorithm": null, "tradeable": false}, "incomeStatementHistoryQuarterly": {"incomeStatementHistory": [{"maxAge": 1, "endDate": "2020-06-30", "totalRevenue": 83044000, "costOfRevenue": 0, "grossProfit": 83044000, "researchDevelopment": {}, "sellingGeneralAdministrative": 49036000, "nonRecurring": {}, "otherOperatingExpenses": 41765000, "totalOperatingExpenses": 93994000, "operatingIncome": -10950000, "totalOtherIncomeExpenseNet": 0, "ebit": 0, "interestExpense": {}, "incomeBeforeTax": -10950000, "incomeTaxExpense": 389000, "minorityInterest": {}, "netIncomeFromContinuingOps": -11339000, "discontinuedOperations": {}, "extraordinaryItems": {}, "effectOfAccountingCharges": {}, "otherItems": {}, "netIncome": -11339000, "netIncomeApplicableToCommonShares": -11339000}, {"maxAge": 1, "endDate": "2020-03-31", "totalRevenue": 173027000, "costOfRevenue": 7718000, "grossProfit": 165309000, "researchDevelopment": {}, "sellingGeneralAdministrative": 68812000, "nonRecurring": {}, "otherOperatingExpenses": 31471000, "totalOperatingExpenses": 118703000, "operatingIncome": 54324000, "totalOtherIncomeExpenseNet": -1734000, "ebit": 0, "interestExpense": {}, "incomeBeforeTax": 52590000, "incomeTaxExpense": -3676000, "minorityInterest": {}, "netIncomeFromContinuingOps": 56266000, "discontinuedOperations": {}, "extraordinaryItems": {}, "effectOfAccountingCharges": {}, "otherItems": {}, "netIncome": 56266000, "netIncomeApplicableToCommonShares": 56266000}, {"maxAge": 1, "endDate": "2019-12-31", "totalRevenue": 81826000, "costOfRevenue": 0, "grossProfit": 81826000, "researchDevelopment": {}, "sellingGeneralAdministrative": 64094000, "nonRecurring": {}, "otherOperatingExpenses": 38311000, "totalOperatingExpenses": 118403000, "operatingIncome": -36577000, "totalOtherIncomeExpenseNet": 1000, "ebit": 0, "interestExpense": {}, "incomeBeforeTax": -36576000, "incomeTaxExpense": 464000, "minorityInterest": {}, "netIncomeFromContinuingOps": -37040000, "discontinuedOperations": {}, "extraordinaryItems": {}, "effectOfAccountingCharges": {}, "otherItems": {}, "netIncome": -37040000, "netIncomeApplicableToCommonShares": -37040000}, {"maxAge": 1, "endDate": "2019-09-30", "totalRevenue": 95085000, "costOfRevenue": 0, "grossProfit": 95085000, "researchDevelopment": {}, "sellingGeneralAdministrative": 74364000, "nonRecurring": {}, "otherOperatingExpenses": 38813000, "totalOperatingExpenses": 129138000, "operatingIncome": -34053000, "totalOtherIncomeExpenseNet": -1000, "ebit": 0, "interestExpense": {}, "incomeBeforeTax": -34054000, "incomeTaxExpense": -1142000, "minorityInterest": {}, "netIncomeFromContinuingOps": -32912000, "discontinuedOperations": {}, "extraordinaryItems": {}, "effectOfAccountingCharges": {}, "otherItems": {}, "netIncome": -32912000, "netIncomeApplicableToCommonShares": -32912000}], "maxAge": 86400}, "cashflowStatementHistoryQuarterly": {"cashflowStatements": [{"maxAge": 1, "endDate": "2020-06-30", "netIncome": -11339000, "changeToLiabilities": 0}, {"maxAge": 1, "endDate": "2020-03-31", "netIncome": 56266000, "changeToLiabilities": 0}, {"maxAge": 1, "endDate": "2019-12-31", "netIncome": -37040000, "changeToLiabilities": 0}, {"maxAge": 1, "endDate": "2019-09-30", "netIncome": -32912000, "changeToLiabilities": 0}], "maxAge": 86400}, "insiderHolders": {"holders": [{"maxAge": 1, "name": "Khandelwal (Chandra Prakash)", "relation": "Chairman of the Board", "url": "", "transactionDescription": "Acquisition", "latestTransDate": "2019-06-12", "positionDirect": 246215, "positionDirectDate": "2019-06-12"}, {"maxAge": 1, "name": "Khandelwal (Chandraprakash) HUF", "relation": "UNREPORTED", "url": "", "transactionDescription": "Acquisition", "latestTransDate": "2011-08-12", "positionDirect": 6496, "positionDirectDate": "2011-08-12"}, {"maxAge": 1, "name": "Khandelwal (Nikhil)", "relation": "Director", "url": "", "transactionDescription": "Acquisition", "latestTransDate": "2018-01-22", "positionDirect": 93455, "positionDirectDate": "2018-01-22"}, {"maxAge": 1, "name": "Superstar Exports Pvt Ltd", "relation": "Promoter", "url": "", "transactionDescription": "Acquisition", "latestTransDate": "2018-05-08", "positionDirect": 8858862, "positionDirectDate": "2018-05-08"}], "maxAge": 1}, "calendarEvents": {"maxAge": 1, "earnings": {"earningsDate": []}}, "upgradeDowngradeHistory": {"history": [], "maxAge": 86400}, "price": {"maxAge": 1, "regularMarketChangePercent": 0.049616028, "regularMarketChange": 8.399994, "regularMarketTime": "2021-04-30 15:25:02", "priceHint": 2, "regularMarketPrice": 177.7, "regularMarketDayHigh": 177.75, "regularMarketDayLow": 166.25, "regularMarketVolume": 3728, "averageDailyVolume10Day": 1100, "averageDailyVolume3Month": 3852, "regularMarketPreviousClose": 169.3, "regularMarketSource": "FREE_REALTIME", "regularMarketOpen": 177.0, "exchange": "BSE", "exchangeName": "BSE", "exchangeDataDelayedBy": 0, "marketState": "CLOSED", "quoteType": "EQUITY", "symbol": "SYSTMTXC.BO", "underlyingSymbol": null, "shortName": "SYSTEMATIX CORPORATE SERVICES", "longName": "Systematix Corporate Services Limited", "currency": "INR", "quoteSourceName": "Delayed Quote", "currencySymbol": "\u20b9", "fromCurrency": null, "lastMarket": null, "marketCap": 2306599168}, "balanceSheetHistory": {"balanceSheetStatements": [{"maxAge": 1, "endDate": "2020-03-31", "cash": 437383000, "netReceivables": 509660000, "otherCurrentAssets": 311134000, "totalCurrentAssets": 1271749000, "longTermInvestments": 24910000, "propertyPlantEquipment": 38085000, "goodWill": 30946000, "intangibleAssets": 4477000, "otherAssets": 6466000, "deferredLongTermAssetCharges": 6466000, "totalAssets": 1376633000, "accountsPayable": 306150000, "otherCurrentLiab": 13521000, "longTermDebt": 205329000, "otherLiab": 27581000, "totalCurrentLiabilities": 385503000, "totalLiab": 621511000, "commonStock": 129802000, "retainedEarnings": 415242000, "treasuryStock": 23576000, "capitalSurplus": 186502000, "otherStockholderEquity": 23576000, "totalStockholderEquity": 755122000, "netTangibleAssets": 719699000}, {"maxAge": 1, "endDate": "2019-03-31", "cash": 341141000, "netReceivables": 1257771000, "otherCurrentAssets": 265597000, "totalCurrentAssets": 1884596000, "longTermInvestments": 26114000, "propertyPlantEquipment": 88643000, "goodWill": 30946000, "intangibleAssets": 3552000, "otherAssets": 5244000, "deferredLongTermAssetCharges": 4400000, "totalAssets": 2039095000, "accountsPayable": 181937000, "otherCurrentLiab": 20637000, "longTermDebt": 263438000, "otherLiab": 28226000, "totalCurrentLiabilities": 910877000, "totalLiab": 1239354000, "commonStock": 129802000, "retainedEarnings": 459861000, "treasuryStock": 23576000, "capitalSurplus": 186502000, "otherStockholderEquity": 23576000, "totalStockholderEquity": 799741000, "netTangibleAssets": 765243000}, {"maxAge": 1, "endDate": "2018-03-31", "cash": 380443202, "netReceivables": 1621191640, "otherCurrentAssets": 290283839, "totalCurrentAssets": 2313198009, "longTermInvestments": 20339651, "propertyPlantEquipment": 33169878, "goodWill": 30945606, "intangibleAssets": 2970737, "otherAssets": 90193775, "deferredLongTermAssetCharges": 4799998, "totalAssets": 2490817656, "accountsPayable": 276164859, "shortLongTermDebt": 6000773, "otherCurrentLiab": 31832678, "longTermDebt": 126486568, "otherLiab": 1, "totalCurrentLiabilities": 1488882519, "totalLiab": 1615369088, "commonStock": 129802580, "retainedEarnings": 285568968, "treasuryStock": 23575100, "capitalSurplus": 186501920, "otherStockholderEquity": 23575100, "totalStockholderEquity": 625448568, "netTangibleAssets": 591532225}, {"maxAge": 1, "endDate": "2017-03-31", "cash": 427430031, "netReceivables": 1437570384, "otherCurrentAssets": 168874440, "totalCurrentAssets": 2050545817, "longTermInvestments": 20000000, "propertyPlantEquipment": 23652579, "goodWill": 30592106, "intangibleAssets": 6466865, "otherAssets": 133424865, "deferredLongTermAssetCharges": 5150000, "totalAssets": 2264682232, "accountsPayable": 296994507, "shortLongTermDebt": 927751, "otherCurrentLiab": 37346416, "longTermDebt": 16619852, "otherLiab": 2, "totalCurrentLiabilities": 1416462913, "totalLiab": 1433082767, "commonStock": 129802580, "retainedEarnings": 221719865, "treasuryStock": 23575100, "capitalSurplus": 186501920, "otherStockholderEquity": 23575100, "totalStockholderEquity": 561599465, "netTangibleAssets": 524540494}], "maxAge": 86400}, "financialData": {"maxAge": 86400, "currentPrice": 177.7, "recommendationKey": "none", "grossProfits": 435339000, "financialCurrency": "INR"}}}