{"TAALENT.BO": {"cashflowStatementHistory": {"cashflowStatements": [{"maxAge": 1, "endDate": "2020-03-31", "netIncome": 172837000, "depreciation": 55880000, "changeToNetincome": 69896000, "changeToAccountReceivables": -77470000, "changeToLiabilities": 102323000, "totalCashFromOperatingActivities": 325911000, "capitalExpenditures": -3582000, "investments": -155248000, "otherCashflowsFromInvestingActivities": -89465000, "totalCashflowsFromInvestingActivities": -246676000, "netBorrowings": -3606000, "otherCashflowsFromFinancingActivities": -208000, "totalCashFromFinancingActivities": -80369000, "effectOfExchangeRate": 3268000, "changeInCash": 2134000, "repurchaseOfStock": -76555000}, {"maxAge": 1, "endDate": "2019-03-31", "netIncome": 181378000, "depreciation": 8541000, "changeToNetincome": 44638000, "changeToAccountReceivables": -92413000, "changeToLiabilities": 85714000, "totalCashFromOperatingActivities": 232408000, "capitalExpenditures": -3056000, "investments": -94454000, "otherCashflowsFromInvestingActivities": 5243000, "totalCashflowsFromInvestingActivities": -88267000, "dividendsPaid": -31163000, "netBorrowings": -5169000, "otherCashflowsFromFinancingActivities": -27921000, "totalCashFromFinancingActivities": -64253000, "effectOfExchangeRate": 823000, "changeInCash": 80711000, "repurchaseOfStock": -76555000}, {"maxAge": 1, "endDate": "2018-03-31", "netIncome": 156131086, "depreciation": 16041515, "changeToNetincome": 24493228, "changeToAccountReceivables": -32517160, "changeToLiabilities": -22373831, "changeToOperatingActivities": -2023984, "totalCashFromOperatingActivities": 145883997, "capitalExpenditures": -22255584, "investments": 161364, "otherCashflowsFromInvestingActivities": 3633590, "totalCashflowsFromInvestingActivities": -15905706, "dividendsPaid": -31163000, "netBorrowings": -88942705, "otherCashflowsFromFinancingActivities": -9719622, "totalCashFromFinancingActivities": -98662327, "effectOfExchangeRate": 303895, "changeInCash": 31619859, "repurchaseOfStock": -76555000}, {"maxAge": 1, "endDate": "2017-03-31", "netIncome": 38084786, "depreciation": 7207386, "changeToNetincome": 6018366, "changeToAccountReceivables": -49952380, "changeToLiabilities": 27926281, "changeToOperatingActivities": -10946985, "totalCashFromOperatingActivities": 24067912, "capitalExpenditures": -14946865, "investments": 161364, "otherCashflowsFromInvestingActivities": 24488537, "totalCashflowsFromInvestingActivities": 9541672, "dividendsPaid": -31163000, "netBorrowings": -30921944, "otherCashflowsFromFinancingActivities": -10038568, "totalCashFromFinancingActivities": -40960512, "effectOfExchangeRate": -464902, "changeInCash": -7815829, "repurchaseOfStock": -76555000}], "maxAge": 86400}, "institutionOwnership": {"ownershipList": [], "maxAge": 1}, "balanceSheetHistoryQuarterly": {"balanceSheetStatements": [{"maxAge": 1, "endDate": "2020-06-30", "totalStockholderEquity": 505280000, "netTangibleAssets": 504188000}, {"maxAge": 1, "endDate": "2020-03-31", "cash": 107564000, "shortTermInvestments": 26791000, "netReceivables": 313442000, "otherCurrentAssets": 127800000, "totalCurrentAssets": 847779000, "propertyPlantEquipment": 51081000, "intangibleAssets": 1092000, "otherAssets": 59983000, "deferredLongTermAssetCharges": 41901000, "totalAssets": 959935000, "accountsPayable": 40154000, "otherCurrentLiab": 107166000, "otherLiab": 150095000, "totalCurrentLiabilities": 304560000, "totalLiab": 454655000, "commonStock": 31163000, "retainedEarnings": 352620000, "treasuryStock": 121497000, "otherStockholderEquity": 121497000, "totalStockholderEquity": 505280000, "netTangibleAssets": 504188000}, {"maxAge": 1, "endDate": "2019-12-31", "totalStockholderEquity": 602437000, "netTangibleAssets": 562002000}, {"maxAge": 1, "endDate": "2019-09-30", "cash": 106805000, "shortTermInvestments": 336869000, "netReceivables": 238838000, "otherCurrentAssets": 146943000, "totalCurrentAssets": 829455000, "propertyPlantEquipment": 89131000, "goodWill": 39050000, "intangibleAssets": 1385000, "otherAssets": 53283000, "deferredLongTermAssetCharges": 36297000, "totalAssets": 1012304000, "accountsPayable": 17439000, "otherCurrentLiab": 227396000, "otherLiab": 4131000, "minorityInterest": 77186000, "totalCurrentLiabilities": 328550000, "totalLiab": 332681000, "commonStock": 31163000, "treasuryStock": 571274000, "otherStockholderEquity": 571274000, "totalStockholderEquity": 602437000, "netTangibleAssets": 562002000}], "maxAge": 86400}, "indexTrend": {"maxAge": 1, "symbol": "SP5", "peRatio": 19.7411, "pegRatio": 1.34172, "estimates": [{"period": "0q", "growth": 0.549}, {"period": "+1q", "growth": 0.431}, {"period": "0y", "growth": 0.305}, {"period": "+1y", "growth": 0.109}, {"period": "+5y", "growth": 0.120859005}, {"period": "-5y"}]}, "insiderTransactions": {"transactions": [{"maxAge": 1, "shares": 54152, "filerUrl": "", "transactionText": "", "filerName": "Agrawal (Mukul Mahavir Prasad)", "filerRelation": "Promoter", "moneyText": "", "startDate": "2020-10-09", "ownership": "D"}, {"maxAge": 1, "shares": 25000, "filerUrl": "", "transactionText": "", "filerName": "Indian Seamless Enterprises Ltd", "filerRelation": "Promoter", "moneyText": "", "startDate": "2017-08-14", "ownership": "D"}, {"maxAge": 1, "shares": 25000, "filerUrl": "", "transactionText": "", "filerName": "Vishkul Leather Garments Pvt Ltd", "filerRelation": "Promoter", "moneyText": "", "startDate": "2017-08-14", "ownership": "D"}, {"maxAge": 1, "shares": 587000, "filerUrl": "", "transactionText": "", "filerName": "Indian Seamless Enterprises Ltd", "filerRelation": "Promoter", "moneyText": "", "startDate": "2017-07-31", "ownership": "D"}, {"maxAge": 1, "shares": 587050, "filerUrl": "", "transactionText": "", "filerName": "Vishkul Leather Garments Pvt Ltd", "filerRelation": "Promoter", "moneyText": "", "startDate": "2017-07-31", "ownership": "D"}, {"maxAge": 1, "shares": 758000, "filerUrl": "", "transactionText": "", "filerName": "Indian Seamless Enterprises Ltd", "filerRelation": "Promoter", "moneyText": "", "startDate": "2017-01-25", "ownership": "D"}, {"maxAge": 1, "shares": 758000, "filerUrl": "", "transactionText": "", "filerName": "Vishkul Leather Garments Pvt Ltd", "filerRelation": "Promoter", "moneyText": "", "startDate": "2017-01-25", "ownership": "D"}], "maxAge": 1}, "quoteType": {"exchange": "BSE", "quoteType": "EQUITY", "symbol": "TAALENT.BO", "underlyingSymbol": "TAALENT.BO", "shortName": "TAAL Enterprises Limited", "longName": "TAAL Enterprises Limited", "firstTradeDateEpochUtc": "2016-07-05 09:15:00", "timeZoneFullName": "Asia/Kolkata", "timeZoneShortName": "IST", "uuid": "25589cc3-5b4a-31ca-9af6-cd07ad319e67", "gmtOffSetMilliseconds": 19800000, "maxAge": 1}, "incomeStatementHistory": {"incomeStatementHistory": [{"maxAge": 1, "endDate": "2020-03-31", "totalRevenue": 1312793000, "costOfRevenue": 774125000, "grossProfit": 538668000, "researchDevelopment": {}, "sellingGeneralAdministrative": 36634000, "nonRecurring": {}, "otherOperatingExpenses": 165475000, "totalOperatingExpenses": 1040350000, "operatingIncome": 272443000, "totalOtherIncomeExpenseNet": -16334000, "ebit": 272443000, "interestExpense": -11943000, "incomeBeforeTax": 256109000, "incomeTaxExpense": 62938000, "minorityInterest": {}, "netIncomeFromContinuingOps": 193171000, "discontinuedOperations": {}, "extraordinaryItems": {}, "effectOfAccountingCharges": {}, "otherItems": {}, "netIncome": 172837000, "netIncomeApplicableToCommonShares": 172837000}, {"maxAge": 1, "endDate": "2019-03-31", "totalRevenue": 1560225000, "costOfRevenue": 887882000, "grossProfit": 672343000, "researchDevelopment": {}, "sellingGeneralAdministrative": 43961000, "nonRecurring": {}, "otherOperatingExpenses": 252098000, "totalOperatingExpenses": 1197326000, "operatingIncome": 362899000, "totalOtherIncomeExpenseNet": -9975000, "ebit": 362899000, "interestExpense": -13635000, "incomeBeforeTax": 352924000, "incomeTaxExpense": 135028000, "minorityInterest": 55958000, "netIncomeFromContinuingOps": 217896000, "discontinuedOperations": {}, "extraordinaryItems": {}, "effectOfAccountingCharges": {}, "otherItems": {}, "netIncome": 181378000, "netIncomeApplicableToCommonShares": 181378000}, {"maxAge": 1, "endDate": "2018-03-31", "totalRevenue": 1089932222, "costOfRevenue": 678591238, "grossProfit": 411340984, "researchDevelopment": {}, "sellingGeneralAdministrative": 32566801, "nonRecurring": {}, "otherOperatingExpenses": 170312618, "totalOperatingExpenses": 904060806, "operatingIncome": 185871416, "totalOtherIncomeExpenseNet": 20999232, "ebit": 185871416, "interestExpense": -6882843, "incomeBeforeTax": 206870648, "incomeTaxExpense": 24076934, "minorityInterest": 46253457, "netIncomeFromContinuingOps": 182793714, "discontinuedOperations": {}, "extraordinaryItems": {}, "effectOfAccountingCharges": {}, "otherItems": {}, "netIncome": 156131086, "netIncomeApplicableToCommonShares": 156131086}, {"maxAge": 1, "endDate": "2017-03-31", "totalRevenue": 923068106, "costOfRevenue": 625975618, "grossProfit": 297092488, "researchDevelopment": {}, "sellingGeneralAdministrative": 25642548, "nonRecurring": {}, "otherOperatingExpenses": 173004596, "totalOperatingExpenses": 837560606, "operatingIncome": 85507500, "totalOtherIncomeExpenseNet": -21892298, "ebit": 85507500, "interestExpense": -7923228, "incomeBeforeTax": 63615202, "incomeTaxExpense": 12032870, "minorityInterest": 19288738, "netIncomeFromContinuingOps": 51582332, "discontinuedOperations": {}, "extraordinaryItems": {}, "effectOfAccountingCharges": {}, "otherItems": {}, "netIncome": 38084786, "netIncomeApplicableToCommonShares": 38084786}], "maxAge": 86400}, "fundOwnership": {"ownershipList": [], "maxAge": 1}, "summaryDetail": {"maxAge": 1, "priceHint": 2, "previousClose": 518.6, "open": 510.05, "dayLow": 510.05, "dayHigh": 544.5, "regularMarketPreviousClose": 518.6, "regularMarketOpen": 510.05, "regularMarketDayLow": 510.05, "regularMarketDayHigh": 544.5, "trailingPE": 10.125311, "volume": 3979, "regularMarketVolume": 3979, "averageVolume": 5444, "averageVolume10days": 4439, "averageDailyVolume10Day": 4439, "bid": 529.25, "ask": 540.95, "bidSize": 0, "askSize": 0, "marketCap": 1649323008, "fiftyTwoWeekLow": 84.75, "fiftyTwoWeekHigh": 544.5, "fiftyDayAverage": 292.59244, "twoHundredDayAverage": 238.16176, "trailingAnnualDividendRate": 10.0, "trailingAnnualDividendYield": 0.019282686, "currency": "INR", "fromCurrency": null, "lastMarket": null, "algorithm": null, "tradeable": false}, "incomeStatementHistoryQuarterly": {"incomeStatementHistory": [{"maxAge": 1, "endDate": "2020-06-30", "totalRevenue": 296926000, "costOfRevenue": 181879000, "grossProfit": 115047000, "researchDevelopment": {}, "sellingGeneralAdministrative": {}, "nonRecurring": {}, "otherOperatingExpenses": 38220000, "totalOperatingExpenses": 226047000, "operatingIncome": 70879000, "totalOtherIncomeExpenseNet": 5062000, "ebit": 70879000, "interestExpense": -3246000, "incomeBeforeTax": 75941000, "incomeTaxExpense": 17495000, "minorityInterest": {}, "netIncomeFromContinuingOps": 58446000, "discontinuedOperations": {}, "extraordinaryItems": {}, "effectOfAccountingCharges": {}, "otherItems": {}, "netIncome": 58446000, "netIncomeApplicableToCommonShares": 58446000}, {"maxAge": 1, "endDate": "2020-03-31", "totalRevenue": 266988000, "costOfRevenue": 216492000, "grossProfit": 50496000, "researchDevelopment": {}, "sellingGeneralAdministrative": 36634000, "nonRecurring": {}, "otherOperatingExpenses": -2267000, "totalOperatingExpenses": 267472000, "operatingIncome": -484000, "totalOtherIncomeExpenseNet": 11593000, "ebit": -484000, "interestExpense": -3246000, "incomeBeforeTax": 11109000, "incomeTaxExpense": 12663000, "minorityInterest": {}, "netIncomeFromContinuingOps": -1554000, "discontinuedOperations": {}, "extraordinaryItems": {}, "effectOfAccountingCharges": {}, "otherItems": {}, "netIncome": -810000, "netIncomeApplicableToCommonShares": -810000}, {"maxAge": 1, "endDate": "2019-12-31", "totalRevenue": 336020000, "costOfRevenue": 184170000, "grossProfit": 151850000, "researchDevelopment": {}, "sellingGeneralAdministrative": 36634000, "nonRecurring": {}, "otherOperatingExpenses": 53250000, "totalOperatingExpenses": 253310000, "operatingIncome": 82710000, "totalOtherIncomeExpenseNet": -18490000, "ebit": 82710000, "interestExpense": -4660000, "incomeBeforeTax": 64220000, "incomeTaxExpense": 10260000, "minorityInterest": {}, "netIncomeFromContinuingOps": 53960000, "discontinuedOperations": {}, "extraordinaryItems": {}, "effectOfAccountingCharges": {}, "otherItems": {}, "netIncome": 53960000, "netIncomeApplicableToCommonShares": 53960000}, {"maxAge": 1, "endDate": "2019-09-30", "totalRevenue": 340601000, "costOfRevenue": 191686000, "grossProfit": 148915000, "researchDevelopment": {}, "sellingGeneralAdministrative": 36634000, "nonRecurring": {}, "otherOperatingExpenses": 51942000, "totalOperatingExpenses": 259741000, "operatingIncome": 80860000, "totalOtherIncomeExpenseNet": -4484000, "ebit": 80860000, "interestExpense": -4534000, "incomeBeforeTax": 76376000, "incomeTaxExpense": 15382000, "minorityInterest": 77186000, "netIncomeFromContinuingOps": 60994000, "discontinuedOperations": {}, "extraordinaryItems": {}, "effectOfAccountingCharges": {}, "otherItems": {}, "netIncome": 51350000, "netIncomeApplicableToCommonShares": 51350000}], "maxAge": 86400}, "cashflowStatementHistoryQuarterly": {"cashflowStatements": [{"maxAge": 1, "endDate": "2020-06-30", "netIncome": 58446000, "changeToLiabilities": 0}, {"maxAge": 1, "endDate": "2020-03-31", "netIncome": -810000, "changeToLiabilities": 0}, {"maxAge": 1, "endDate": "2019-12-31", "netIncome": 53960000, "changeToLiabilities": 0}, {"maxAge": 1, "endDate": "2019-09-30", "netIncome": 51350000, "changeToLiabilities": 0}], "maxAge": 86400}, "insiderHolders": {"holders": [{"maxAge": 1, "name": "Agrawal (Mukul Mahavir Prasad)", "relation": "Promoter", "url": "", "transactionDescription": "Acquisition", "latestTransDate": "2020-10-09", "positionDirect": 168271, "positionDirectDate": "2020-10-09"}, {"maxAge": 1, "name": "Indian Seamless Enterprises Ltd", "relation": "Promoter", "url": "", "transactionDescription": "Other", "latestTransDate": "2017-08-14", "positionDirect": 577, "positionDirectDate": "2017-08-14"}, {"maxAge": 1, "name": "Vishkul Leather Garments Pvt Ltd", "relation": "Promoter", "url": "", "transactionDescription": "Other", "latestTransDate": "2017-08-14", "positionDirect": 1581297, "positionDirectDate": "2017-08-14"}], "maxAge": 1}, "calendarEvents": {"maxAge": 1, "earnings": {"earningsDate": ["2020-09-08 05:30:S"]}}, "upgradeDowngradeHistory": {"history": [], "maxAge": 86400}, "price": {"maxAge": 1, "regularMarketChangePercent": 0.020536106, "regularMarketChange": 10.650024, "regularMarketTime": "2021-04-30 15:29:16", "priceHint": 2, "regularMarketPrice": 529.25, "regularMarketDayHigh": 544.5, "regularMarketDayLow": 510.05, "regularMarketVolume": 3979, "averageDailyVolume10Day": 4439, "averageDailyVolume3Month": 5444, "regularMarketPreviousClose": 518.6, "regularMarketSource": "FREE_REALTIME", "regularMarketOpen": 510.05, "exchange": "BSE", "exchangeName": "BSE", "exchangeDataDelayedBy": 0, "marketState": "CLOSED", "quoteType": "EQUITY", "symbol": "TAALENT.BO", "underlyingSymbol": null, "shortName": "TAAL Enterprises Limited", "longName": "TAAL Enterprises Limited", "currency": "INR", "quoteSourceName": "Delayed Quote", "currencySymbol": "\u20b9", "fromCurrency": null, "lastMarket": null, "marketCap": 1649323008}, "balanceSheetHistory": {"balanceSheetStatements": [{"maxAge": 1, "endDate": "2020-03-31", "cash": 107564000, "shortTermInvestments": 26791000, "netReceivables": 313442000, "otherCurrentAssets": 127800000, "totalCurrentAssets": 847779000, "propertyPlantEquipment": 51081000, "intangibleAssets": 1092000, "otherAssets": 59983000, "deferredLongTermAssetCharges": 41901000, "totalAssets": 959935000, "accountsPayable": 40154000, "otherCurrentLiab": 107166000, "otherLiab": 150095000, "totalCurrentLiabilities": 304560000, "totalLiab": 454655000, "commonStock": 31163000, "retainedEarnings": 352620000, "treasuryStock": 121497000, "otherStockholderEquity": 121497000, "totalStockholderEquity": 505280000, "netTangibleAssets": 504188000}, {"maxAge": 1, "endDate": "2019-03-31", "cash": 122741000, "netReceivables": 327366000, "otherCurrentAssets": 133399000, "totalCurrentAssets": 707398000, "propertyPlantEquipment": 9484000, "goodWill": 45627000, "intangibleAssets": 2019000, "otherAssets": 68021000, "deferredLongTermAssetCharges": 42952000, "totalAssets": 832549000, "accountsPayable": 101284000, "otherCurrentLiab": 129333000, "otherLiab": 9041000, "minorityInterest": 55958000, "totalCurrentLiabilities": 279274000, "totalLiab": 288315000, "commonStock": 31163000, "retainedEarnings": 336157000, "treasuryStock": 116701000, "capitalSurplus": 4255000, "otherStockholderEquity": 116701000, "totalStockholderEquity": 488276000, "netTangibleAssets": 440630000}, {"maxAge": 1, "endDate": "2018-03-31", "cash": 53488031, "netReceivables": 305592208, "otherCurrentAssets": 84496678, "totalCurrentAssets": 463353338, "propertyPlantEquipment": 15094043, "goodWill": 39050239, "intangibleAssets": 6444436, "otherAssets": 46929348, "deferredLongTermAssetCharges": 34445713, "totalAssets": 570871404, "accountsPayable": 41362878, "otherCurrentLiab": 60816996, "otherLiab": 17612518, "minorityInterest": 46253457, "totalCurrentLiabilities": 177428321, "totalLiab": 195040839, "commonStock": 31163420, "retainedEarnings": 185914354, "treasuryStock": 108244659, "capitalSurplus": 4254675, "otherStockholderEquity": 108244659, "totalStockholderEquity": 329577108, "netTangibleAssets": 284082433}, {"maxAge": 1, "endDate": "2017-03-31", "cash": 20925746, "netReceivables": 206771846, "otherCurrentAssets": 106932375, "totalCurrentAssets": 352529761, "propertyPlantEquipment": 14947519, "goodWill": 39050239, "intangibleAssets": 6510038, "otherAssets": 26862790, "deferredLongTermAssetCharges": 14930734, "totalAssets": 439900347, "accountsPayable": 58018097, "shortLongTermDebt": 330919, "otherCurrentLiab": 46775610, "longTermDebt": 320957, "otherLiab": 13058291, "minorityInterest": 19288738, "totalCurrentLiabilities": 235579208, "totalLiab": 248958456, "commonStock": 31163420, "retainedEarnings": 28250797, "treasuryStock": 107984261, "capitalSurplus": 4254675, "otherStockholderEquity": 107984261, "totalStockholderEquity": 171653153, "netTangibleAssets": 126092876}], "maxAge": 86400}, "financialData": {"maxAge": 86400, "currentPrice": 529.25, "recommendationKey": "none", "grossProfits": 538668000, "financialCurrency": "INR"}}}