{"TAIIND.BO": {"cashflowStatementHistory": {"cashflowStatements": [{"maxAge": 1, "endDate": "2020-03-31", "netIncome": 2582092, "depreciation": 1629826, "changeToNetincome": -6781429, "changeToAccountReceivables": 91095741, "changeToLiabilities": -108582285, "changeToInventory": 8750417, "changeToOperatingActivities": 24991788, "totalCashFromOperatingActivities": 15284325, "capitalExpenditures": -1019698, "otherCashflowsFromInvestingActivities": 10132393, "totalCashflowsFromInvestingActivities": 9272919, "otherCashflowsFromFinancingActivities": -21777, "totalCashFromFinancingActivities": -21777, "changeInCash": 24535467}, {"maxAge": 1, "endDate": "2019-03-31", "netIncome": 16326298, "depreciation": 3892727, "changeToNetincome": 602777, "changeToAccountReceivables": 54538429, "changeToLiabilities": -49033095, "changeToInventory": -3696537, "changeToOperatingActivities": -14268655, "totalCashFromOperatingActivities": 9451420, "capitalExpenditures": -6063572, "otherCashflowsFromInvestingActivities": 8184278, "totalCashflowsFromInvestingActivities": 2122206, "otherCashflowsFromFinancingActivities": -165696, "totalCashFromFinancingActivities": -165696, "changeInCash": 11407931}, {"maxAge": 1, "endDate": "2018-03-31", "netIncome": 3893547, "depreciation": 8823979, "changeToNetincome": -15130146, "changeToAccountReceivables": -51593736, "changeToLiabilities": 64154548, "changeToInventory": -1126500, "changeToOperatingActivities": -16627317, "totalCashFromOperatingActivities": -7030652, "capitalExpenditures": -1182682, "investments": 3500, "otherCashflowsFromInvestingActivities": 8521599, "totalCashflowsFromInvestingActivities": 7357016, "dividendsPaid": -2075, "otherCashflowsFromFinancingActivities": -165696, "totalCashFromFinancingActivities": -2075, "changeInCash": 324289}, {"maxAge": 1, "endDate": "2017-03-31", "netIncome": 6220884, "depreciation": 1424131, "changeToNetincome": -10053661, "changeToAccountReceivables": 6999915, "changeToLiabilities": -10647752, "changeToInventory": -3055718, "changeToOperatingActivities": 16619821, "totalCashFromOperatingActivities": 7936398, "capitalExpenditures": -12905775, "investments": 3500, "otherCashflowsFromInvestingActivities": 7972675, "totalCashflowsFromInvestingActivities": -4707134, "dividendsPaid": -3344625, "otherCashflowsFromFinancingActivities": -165696, "totalCashFromFinancingActivities": -3344625, "changeInCash": -115361}], "maxAge": 86400}, "institutionOwnership": {"ownershipList": [], "maxAge": 1}, "balanceSheetHistoryQuarterly": {"balanceSheetStatements": [{"maxAge": 1, "endDate": "2020-06-30", "totalStockholderEquity": 143570000, "netTangibleAssets": 139052000}, {"maxAge": 1, "endDate": "2020-03-31", "cash": 48418906, "netReceivables": 149823839, "inventory": 23817057, "otherCurrentAssets": 256509712, "totalCurrentAssets": 478914041, "longTermInvestments": 42538307, "propertyPlantEquipment": 3295273, "intangibleAssets": 4518256, "otherAssets": 5993345, "deferredLongTermAssetCharges": 1351644, "totalAssets": 535259222, "accountsPayable": 222743912, "otherCurrentLiab": 84980846, "otherLiab": 7267866, "totalCurrentLiabilities": 384420569, "totalLiab": 391688435, "commonStock": 60000000, "retainedEarnings": 68069312, "treasuryStock": 15501475, "otherStockholderEquity": 15501475, "totalStockholderEquity": 143570787, "netTangibleAssets": 139052531}, {"maxAge": 1, "endDate": "2019-12-31", "totalStockholderEquity": 145549000, "netTangibleAssets": 140299000}, {"maxAge": 1, "endDate": "2019-09-30", "cash": 21181000, "shortTermInvestments": 2423000, "netReceivables": 213941000, "inventory": 10397000, "otherCurrentAssets": 208151000, "totalCurrentAssets": 453670000, "longTermInvestments": 44927000, "propertyPlantEquipment": 5031000, "intangibleAssets": 5250000, "otherAssets": 625000, "deferredLongTermAssetCharges": 148000, "totalAssets": 509503000, "accountsPayable": 259725000, "otherCurrentLiab": 94158000, "otherLiab": 6171000, "totalCurrentLiabilities": 357783000, "totalLiab": 363954000, "commonStock": 60000000, "treasuryStock": 85549000, "otherStockholderEquity": 85549000, "totalStockholderEquity": 145549000, "netTangibleAssets": 140299000}], "maxAge": 86400}, "indexTrend": {"maxAge": 1, "symbol": "SP5", "peRatio": 19.7411, "pegRatio": 1.34172, "estimates": [{"period": "0q", "growth": 0.549}, {"period": "+1q", "growth": 0.431}, {"period": "0y", "growth": 0.305}, {"period": "+1y", "growth": 0.109}, {"period": "+5y", "growth": 0.120859005}, {"period": "-5y"}]}, "insiderTransactions": {"transactions": [{"maxAge": 1, "shares": 600000, "filerUrl": "", "transactionText": "", "filerName": "Mavi Investment Fund Ltd", "filerRelation": "Institution- Corporation", "moneyText": "", "startDate": "2013-12-11", "ownership": "D"}, {"maxAge": 1, "shares": 299900, "filerUrl": "", "transactionText": "", "filerName": "Ipro Funds Ltd", "filerRelation": "Investment Advisor", "moneyText": "", "startDate": "2013-08-08", "ownership": "D"}, {"maxAge": 1, "shares": 300000, "filerUrl": "", "transactionText": "", "filerName": "Ipro Funds Ltd", "filerRelation": "Investment Advisor", "moneyText": "", "startDate": "2013-07-25", "ownership": "D"}, {"maxAge": 1, "shares": 599900, "filerUrl": "", "transactionText": "", "filerName": "Investment Professionals Ltd A/c IPRO Funds", "filerRelation": "Investment Management Company", "moneyText": "", "startDate": "2011-06-22", "ownership": "D"}], "maxAge": 1}, "quoteType": {"exchange": "BSE", "quoteType": "EQUITY", "symbol": "TAIIND.BO", "underlyingSymbol": "TAIIND.BO", "shortName": "TAI INDUSTRIES LTD.", "longName": "Tai Industries Limited", "firstTradeDateEpochUtc": "2002-01-14 09:15:00", "timeZoneFullName": "Asia/Kolkata", "timeZoneShortName": "IST", "uuid": "dbeefab3-12ac-316b-a8db-724a73545ec6", "gmtOffSetMilliseconds": 19800000, "maxAge": 1}, "incomeStatementHistory": {"incomeStatementHistory": [{"maxAge": 1, "endDate": "2020-03-31", "totalRevenue": 1031232602, "costOfRevenue": 903033032, "grossProfit": 128199570, "researchDevelopment": {}, "sellingGeneralAdministrative": 42858079, "nonRecurring": {}, "otherOperatingExpenses": 98114004, "totalOperatingExpenses": 1047233116, "operatingIncome": -16000514, "totalOtherIncomeExpenseNet": 18060777, "ebit": -16000514, "interestExpense": -21777, "incomeBeforeTax": 2060263, "incomeTaxExpense": -521829, "minorityInterest": {}, "netIncomeFromContinuingOps": 2582092, "discontinuedOperations": {}, "extraordinaryItems": {}, "effectOfAccountingCharges": {}, "otherItems": {}, "netIncome": 2582092, "netIncomeApplicableToCommonShares": 2582092}, {"maxAge": 1, "endDate": "2019-03-31", "totalRevenue": 1144647964, "costOfRevenue": 949716865, "grossProfit": 194931099, "researchDevelopment": {}, "sellingGeneralAdministrative": 47087459, "nonRecurring": {}, "otherOperatingExpenses": 139119864, "totalOperatingExpenses": 1140906391, "operatingIncome": 3741573, "totalOtherIncomeExpenseNet": 13886457, "ebit": 3741573, "interestExpense": -165696, "incomeBeforeTax": 17628030, "incomeTaxExpense": 1301732, "minorityInterest": {}, "netIncomeFromContinuingOps": 16326298, "discontinuedOperations": {}, "extraordinaryItems": {}, "effectOfAccountingCharges": {}, "otherItems": {}, "netIncome": 16326298, "netIncomeApplicableToCommonShares": 16326298}, {"maxAge": 1, "endDate": "2018-03-31", "totalRevenue": 736291392, "costOfRevenue": 603257717, "grossProfit": 133033675, "researchDevelopment": {}, "sellingGeneralAdministrative": 41549431, "nonRecurring": {}, "otherOperatingExpenses": 89615351, "totalOperatingExpenses": 743821452, "operatingIncome": -7530060, "totalOtherIncomeExpenseNet": 11133891, "ebit": -7530060, "interestExpense": -165696, "incomeBeforeTax": 3603831, "incomeTaxExpense": -289716, "minorityInterest": {}, "netIncomeFromContinuingOps": 3893547, "discontinuedOperations": {}, "extraordinaryItems": {}, "effectOfAccountingCharges": {}, "otherItems": {}, "netIncome": 3893547, "netIncomeApplicableToCommonShares": 3893547}, {"maxAge": 1, "endDate": "2017-03-31", "totalRevenue": 683032009, "costOfRevenue": 570109922, "grossProfit": 112922087, "researchDevelopment": {}, "sellingGeneralAdministrative": 39673314, "nonRecurring": {}, "otherOperatingExpenses": 74171255, "totalOperatingExpenses": 685807400, "operatingIncome": -2775391, "totalOtherIncomeExpenseNet": 9697416, "ebit": -2775391, "interestExpense": -165696, "incomeBeforeTax": 6922025, "incomeTaxExpense": 701141, "minorityInterest": {}, "netIncomeFromContinuingOps": 6220884, "discontinuedOperations": {}, "extraordinaryItems": {}, "effectOfAccountingCharges": {}, "otherItems": {}, "netIncome": 6220884, "netIncomeApplicableToCommonShares": 6220884}], "maxAge": 86400}, "fundOwnership": {"ownershipList": [], "maxAge": 1}, "summaryDetail": {"maxAge": 1, "priceHint": 2, "previousClose": 11.4, "open": 11.4, "dayLow": 10.83, "dayHigh": 11.4, "regularMarketPreviousClose": 11.4, "regularMarketOpen": 11.4, "regularMarketDayLow": 10.83, "regularMarketDayHigh": 11.4, "trailingPE": 22.5625, "volume": 415, "regularMarketVolume": 415, "averageVolume": 2988, "averageVolume10days": 602, "averageDailyVolume10Day": 602, "bid": 0.0, "ask": 10.83, "bidSize": 0, "askSize": 0, "marketCap": 64980000, "fiftyTwoWeekLow": 6.61, "fiftyTwoWeekHigh": 14.21, "fiftyDayAverage": 11.689091, "twoHundredDayAverage": 9.505809, "trailingAnnualDividendRate": 0.5, "trailingAnnualDividendYield": 0.04385965, "currency": "INR", "fromCurrency": null, "lastMarket": null, "algorithm": null, "tradeable": false}, "incomeStatementHistoryQuarterly": {"incomeStatementHistory": [{"maxAge": 1, "endDate": "2020-06-30", "totalRevenue": 184715000, "costOfRevenue": 173928000, "grossProfit": 10787000, "researchDevelopment": {}, "sellingGeneralAdministrative": 7326000, "nonRecurring": {}, "otherOperatingExpenses": 10397000, "totalOperatingExpenses": 192223000, "operatingIncome": -7508000, "totalOtherIncomeExpenseNet": 5666000, "ebit": -7508000, "interestExpense": {}, "incomeBeforeTax": -1842000, "incomeTaxExpense": 0, "minorityInterest": {}, "netIncomeFromContinuingOps": -1842000, "discontinuedOperations": {}, "extraordinaryItems": {}, "effectOfAccountingCharges": {}, "otherItems": {}, "netIncome": -1842000, "netIncomeApplicableToCommonShares": -1842000}, {"maxAge": 1, "endDate": "2020-03-31", "totalRevenue": 306891602, "costOfRevenue": 279450032, "grossProfit": 27441570, "researchDevelopment": {}, "sellingGeneralAdministrative": 15706079, "nonRecurring": {}, "otherOperatingExpenses": 15259004, "totalOperatingExpenses": 311254116, "operatingIncome": -4362514, "totalOtherIncomeExpenseNet": 4546777, "ebit": -4362514, "interestExpense": {}, "incomeBeforeTax": 184263, "incomeTaxExpense": -521829, "minorityInterest": {}, "netIncomeFromContinuingOps": 706092, "discontinuedOperations": {}, "extraordinaryItems": {}, "effectOfAccountingCharges": {}, "otherItems": {}, "netIncome": 706092, "netIncomeApplicableToCommonShares": 706092}, {"maxAge": 1, "endDate": "2019-12-31", "totalRevenue": 293183000, "costOfRevenue": 239226000, "grossProfit": 53957000, "researchDevelopment": {}, "sellingGeneralAdministrative": 8861000, "nonRecurring": {}, "otherOperatingExpenses": 42483000, "totalOperatingExpenses": 291367000, "operatingIncome": 1816000, "totalOtherIncomeExpenseNet": 829000, "ebit": 1816000, "interestExpense": {}, "incomeBeforeTax": 2645000, "incomeTaxExpense": 0, "minorityInterest": {}, "netIncomeFromContinuingOps": 2645000, "discontinuedOperations": {}, "extraordinaryItems": {}, "effectOfAccountingCharges": {}, "otherItems": {}, "netIncome": 2645000, "netIncomeApplicableToCommonShares": 2645000}, {"maxAge": 1, "endDate": "2019-09-30", "totalRevenue": 151038000, "costOfRevenue": 128393000, "grossProfit": 22645000, "researchDevelopment": {}, "sellingGeneralAdministrative": 9105000, "nonRecurring": {}, "otherOperatingExpenses": 22236000, "totalOperatingExpenses": 160526000, "operatingIncome": -9488000, "totalOtherIncomeExpenseNet": 10862000, "ebit": -9488000, "interestExpense": -22000, "incomeBeforeTax": 1374000, "incomeTaxExpense": 0, "minorityInterest": {}, "netIncomeFromContinuingOps": 1374000, "discontinuedOperations": {}, "extraordinaryItems": {}, "effectOfAccountingCharges": {}, "otherItems": {}, "netIncome": 1374000, "netIncomeApplicableToCommonShares": 1374000}], "maxAge": 86400}, "cashflowStatementHistoryQuarterly": {"cashflowStatements": [{"maxAge": 1, "endDate": "2020-06-30", "netIncome": -1842000, "changeToLiabilities": 0}, {"maxAge": 1, "endDate": "2020-03-31", "netIncome": 706092, "changeToLiabilities": 0}, {"maxAge": 1, "endDate": "2019-12-31", "netIncome": 2645000, "changeToLiabilities": 0}, {"maxAge": 1, "endDate": "2019-09-30", "netIncome": 1374000, "changeToLiabilities": 0}], "maxAge": 86400}, "insiderHolders": {"holders": [{"maxAge": 1, "name": "Investment Professionals Ltd A/c IPRO Funds", "relation": "Investment Management Company", "url": "", "transactionDescription": "Acquisition", "latestTransDate": "2011-06-22", "positionDirect": 599900, "positionDirectDate": "2011-06-22"}, {"maxAge": 1, "name": "Ipro Funds Ltd", "relation": "Investment Advisor", "url": "", "transactionDescription": "Sale", "latestTransDate": "2013-08-08", "positionDirect": 0, "positionDirectDate": "2013-08-08"}, {"maxAge": 1, "name": "Mavi Investment Fund Ltd", "relation": "Institution- Corporation", "url": "", "transactionDescription": "Sale", "latestTransDate": "2013-12-11", "positionDirect": 600000, "positionDirectDate": "2013-12-11"}], "maxAge": 1}, "calendarEvents": {"maxAge": 1, "earnings": {"earningsDate": ["2020-08-10 05:30:S"]}}, "upgradeDowngradeHistory": {"history": [], "maxAge": 86400}, "price": {"maxAge": 1, "regularMarketChangePercent": -0.049999975, "regularMarketChange": -0.5699997, "regularMarketTime": "2021-04-30 15:26:52", "priceHint": 2, "regularMarketPrice": 10.83, "regularMarketDayHigh": 11.4, "regularMarketDayLow": 10.83, "regularMarketVolume": 415, "averageDailyVolume10Day": 602, "averageDailyVolume3Month": 2988, "regularMarketPreviousClose": 11.4, "regularMarketSource": "FREE_REALTIME", "regularMarketOpen": 11.4, "exchange": "BSE", "exchangeName": "BSE", "exchangeDataDelayedBy": 0, "marketState": "CLOSED", "quoteType": "EQUITY", "symbol": "TAIIND.BO", "underlyingSymbol": null, "shortName": "TAI INDUSTRIES LTD.", "longName": "Tai Industries Limited", "currency": "INR", "quoteSourceName": "Delayed Quote", "currencySymbol": "\u20b9", "fromCurrency": null, "lastMarket": null, "marketCap": 64980000}, "balanceSheetHistory": {"balanceSheetStatements": [{"maxAge": 1, "endDate": "2020-03-31", "cash": 48418906, "netReceivables": 149823839, "inventory": 23817057, "otherCurrentAssets": 256509712, "totalCurrentAssets": 478914041, "longTermInvestments": 42538307, "propertyPlantEquipment": 3295273, "intangibleAssets": 4518256, "otherAssets": 5993345, "deferredLongTermAssetCharges": 1351644, "totalAssets": 535259222, "accountsPayable": 222743912, "otherCurrentLiab": 84980846, "otherLiab": 7267866, "totalCurrentLiabilities": 384420569, "totalLiab": 391688435, "commonStock": 60000000, "retainedEarnings": 68069312, "treasuryStock": 15501475, "otherStockholderEquity": 15501475, "totalStockholderEquity": 143570787, "netTangibleAssets": 139052531}, {"maxAge": 1, "endDate": "2019-03-31", "cash": 23883439, "netReceivables": 244342629, "inventory": 32567474, "otherCurrentAssets": 197874914, "totalCurrentAssets": 499073436, "longTermInvestments": 49255122, "propertyPlantEquipment": 5819112, "intangibleAssets": 6040937, "otherAssets": 4113861, "deferredLongTermAssetCharges": 342282, "totalAssets": 564302468, "accountsPayable": 331384995, "otherCurrentLiab": 58456606, "otherLiab": 7910937, "totalCurrentLiabilities": 412072643, "totalLiab": 419983580, "commonStock": 60000000, "retainedEarnings": 65487220, "treasuryStock": 18831668, "otherStockholderEquity": 18831668, "totalStockholderEquity": 144318888, "netTangibleAssets": 138277951}, {"maxAge": 1, "endDate": "2018-03-31", "cash": 12475508, "netReceivables": 311919978, "inventory": 28870937, "otherCurrentAssets": 178106906, "totalCurrentAssets": 531783067, "longTermInvestments": 32537514, "propertyPlantEquipment": 8994967, "intangibleAssets": 1785413, "otherAssets": 5444211, "totalAssets": 580545172, "accountsPayable": 382542617, "otherCurrentLiab": 61787869, "otherLiab": 7487450, "totalCurrentLiabilities": 451966359, "totalLiab": 459453809, "commonStock": 60000000, "retainedEarnings": 49160922, "treasuryStock": 11930441, "otherStockholderEquity": 11930441, "totalStockholderEquity": 121091363, "netTangibleAssets": 119305950}, {"maxAge": 1, "endDate": "2017-03-31", "cash": 12151219, "netReceivables": 260819634, "inventory": 27744437, "otherCurrentAssets": 164201914, "totalCurrentAssets": 465366594, "longTermInvestments": 26494164, "propertyPlantEquipment": 17284565, "intangibleAssets": 1737797, "otherAssets": 3836235, "totalAssets": 514719355, "accountsPayable": 325090778, "otherCurrentLiab": 60218358, "otherLiab": 8336864, "totalCurrentLiabilities": 392139611, "totalLiab": 400476475, "commonStock": 60000000, "retainedEarnings": 45267375, "treasuryStock": 8975505, "otherStockholderEquity": 8975505, "totalStockholderEquity": 114242880, "netTangibleAssets": 112505083}], "maxAge": 86400}, "financialData": {"maxAge": 86400, "currentPrice": 10.83, "recommendationKey": "none", "grossProfits": 128199570, "financialCurrency": "INR"}}}