{"TAJGVK.BO": {"recommendationTrend": {"trend": [{"period": "0m", "strongBuy": 0, "buy": 0, "hold": 0, "sell": 0, "strongSell": 0}, {"period": "-1m", "strongBuy": 0, "buy": 0, "hold": 0, "sell": 0, "strongSell": 0}, {"period": "-2m", "strongBuy": 0, "buy": 0, "hold": 0, "sell": 0, "strongSell": 0}, {"period": "-3m", "strongBuy": 0, "buy": 0, "hold": 0, "sell": 0, "strongSell": 0}], "maxAge": 86400}, "cashflowStatementHistory": {"cashflowStatements": [{"maxAge": 1, "endDate": "2020-03-31", "netIncome": 280968000, "depreciation": 163545000, "changeToNetincome": 289568000, "changeToAccountReceivables": 24709000, "changeToLiabilities": 14774000, "changeToInventory": -6470000, "changeToOperatingActivities": -26474000, "totalCashFromOperatingActivities": 746072000, "capitalExpenditures": -31020000, "otherCashflowsFromInvestingActivities": 1418000, "totalCashflowsFromInvestingActivities": -28598000, "dividendsPaid": -37621000, "netBorrowings": -315880000, "otherCashflowsFromFinancingActivities": -304898000, "totalCashFromFinancingActivities": -658399000, "changeInCash": 59075000}, {"maxAge": 1, "endDate": "2019-03-31", "netIncome": 271929000, "depreciation": 167001000, "changeToNetincome": 291852000, "changeToAccountReceivables": -5008000, "changeToLiabilities": -192337000, "changeToInventory": 10876000, "changeToOperatingActivities": 43773000, "totalCashFromOperatingActivities": 589586000, "capitalExpenditures": -168202000, "otherCashflowsFromInvestingActivities": 3101000, "totalCashflowsFromInvestingActivities": -162409000, "dividendsPaid": -37621000, "netBorrowings": -307500000, "otherCashflowsFromFinancingActivities": -216049000, "totalCashFromFinancingActivities": -561170000, "changeInCash": -133992000}, {"maxAge": 1, "endDate": "2018-03-31", "netIncome": 203894000, "depreciation": 172684000, "changeToNetincome": 383967000, "changeToAccountReceivables": -79118000, "changeToLiabilities": 144076000, "changeToInventory": 4275000, "changeToOperatingActivities": -85397000, "totalCashFromOperatingActivities": 745881000, "capitalExpenditures": -83026000, "otherCashflowsFromInvestingActivities": 1034000, "totalCashflowsFromInvestingActivities": -81427000, "dividendsPaid": -25081000, "netBorrowings": -277500000, "otherCashflowsFromFinancingActivities": -249842000, "totalCashFromFinancingActivities": -552423000, "changeInCash": 112030000}, {"maxAge": 1, "endDate": "2017-03-31", "netIncome": 42308000, "depreciation": 181282000, "changeToNetincome": 436781000, "changeToAccountReceivables": 18178000, "changeToLiabilities": 97036000, "changeToInventory": -13124000, "changeToOperatingActivities": -155113000, "totalCashFromOperatingActivities": 608848000, "capitalExpenditures": -125694000, "otherCashflowsFromInvestingActivities": 12215000, "totalCashflowsFromInvestingActivities": -113322000, "dividendsPaid": -25081000, "netBorrowings": -154871000, "otherCashflowsFromFinancingActivities": -292338000, "totalCashFromFinancingActivities": -472290000, "changeInCash": 23236000}], "maxAge": 86400}, "institutionOwnership": {"ownershipList": [], "maxAge": 1}, "balanceSheetHistoryQuarterly": {"balanceSheetStatements": [{"maxAge": 1, "endDate": "2020-06-30", "totalStockholderEquity": 4067063000, "netTangibleAssets": 4055280000}, {"maxAge": 1, "endDate": "2020-03-31", "cash": 77707000, "shortTermInvestments": 374000, "netReceivables": 216492000, "inventory": 81589000, "otherCurrentAssets": 87163000, "totalCurrentAssets": 489575000, "longTermInvestments": 1058225000, "propertyPlantEquipment": 5250007000, "intangibleAssets": 11782000, "otherAssets": 571611000, "totalAssets": 7381200000, "accountsPayable": 345203000, "shortLongTermDebt": 243750000, "otherCurrentLiab": 70200000, "longTermDebt": 1404408000, "otherLiab": 642258000, "totalCurrentLiabilities": 831620000, "totalLiab": 3314137000, "commonStock": 125403000, "retainedEarnings": 3286919000, "treasuryStock": 341541000, "capitalSurplus": 313200000, "otherStockholderEquity": 341541000, "totalStockholderEquity": 4067063000, "netTangibleAssets": 4055281000}, {"maxAge": 1, "endDate": "2019-12-31", "totalStockholderEquity": 3884004000, "netTangibleAssets": 3870508000}, {"maxAge": 1, "endDate": "2019-09-30", "cash": 6544000, "shortTermInvestments": 78708000, "netReceivables": 207711000, "inventory": 75690000, "otherCurrentAssets": 110936000, "totalCurrentAssets": 479589000, "longTermInvestments": 1059977000, "propertyPlantEquipment": 5348314000, "intangibleAssets": 13496000, "otherAssets": 554775000, "totalAssets": 7456151000, "accountsPayable": 474886000, "shortLongTermDebt": 433709000, "otherCurrentLiab": 94713000, "longTermDebt": 1402386000, "otherLiab": 629414000, "totalCurrentLiabilities": 1105588000, "totalLiab": 3572147000, "commonStock": 125400000, "treasuryStock": 3758604000, "otherStockholderEquity": 3758604000, "totalStockholderEquity": 3884004000, "netTangibleAssets": 3870508000}], "maxAge": 86400}, "earningsHistory": {"history": [{"maxAge": 1, "epsActual": {}, "epsEstimate": {}, "epsDifference": {}, "surprisePercent": {}, "quarter": {}, "period": "-4q"}, {"maxAge": 1, "epsActual": {}, "epsEstimate": {}, "epsDifference": {}, "surprisePercent": {}, "quarter": {}, "period": "-3q"}, {"maxAge": 1, "epsActual": {}, "epsEstimate": {}, "epsDifference": {}, "surprisePercent": {}, "quarter": {}, "period": "-2q"}, {"maxAge": 1, "epsActual": {}, "epsEstimate": {}, "epsDifference": {}, "surprisePercent": {}, "quarter": {}, "period": "-1q"}], "maxAge": 86400}, "indexTrend": {"maxAge": 1, "symbol": "SP5", "peRatio": 19.7411, "pegRatio": 1.34172, "estimates": [{"period": "0q", "growth": 0.549}, {"period": "+1q", "growth": 0.431}, {"period": "0y", "growth": 0.305}, {"period": "+1y", "growth": 0.109}, {"period": "+5y", "growth": 0.120865}, {"period": "-5y"}]}, "industryTrend": {"maxAge": 1, "symbol": null, "estimates": []}, "insiderTransactions": {"transactions": [{"maxAge": 1, "shares": 313500, "filerUrl": "", "transactionText": "", "filerName": "Bhupal (Shalini)", "filerRelation": "UNREPORTED", "moneyText": "", "startDate": "2020-11-12", "ownership": "D"}, {"maxAge": 1, "shares": 313500, "filerUrl": "", "transactionText": "", "filerName": "Bhupal (Krishna Ram)", "filerRelation": "UNREPORTED", "moneyText": "", "startDate": "2020-11-12", "ownership": "D"}, {"maxAge": 1, "shares": 313500, "filerUrl": "", "transactionText": "", "filerName": "Reddy (Krishna G V)", "filerRelation": "UNREPORTED", "moneyText": "", "startDate": "2020-11-12", "ownership": "D"}, {"maxAge": 1, "shares": 313500, "filerUrl": "", "transactionText": "", "filerName": "Reddy (Indira Krishna G)", "filerRelation": "UNREPORTED", "moneyText": "", "startDate": "2020-11-12", "ownership": "D"}, {"maxAge": 1, "shares": 3805981, "filerUrl": "", "transactionText": "", "filerName": "Reddy (Indira Krishna G)", "filerRelation": "Managing Director", "moneyText": "", "startDate": "2018-12-06", "ownership": "D"}, {"maxAge": 1, "shares": 11723679, "filerUrl": "", "transactionText": "", "filerName": "Bhupal (Shalini)", "filerRelation": "Director (Executive)", "moneyText": "", "startDate": "2018-12-06", "ownership": "D"}, {"maxAge": 1, "shares": 3805981, "filerUrl": "", "transactionText": "", "filerName": "Reddy (Krishna G V)", "filerRelation": "Promoter", "moneyText": "", "startDate": "2018-12-06", "ownership": "D"}, {"maxAge": 1, "shares": 11723679, "filerUrl": "", "transactionText": "", "filerName": "Bhupal (Krishna Ram)", "filerRelation": "Director (Non-Executive)", "moneyText": "", "startDate": "2018-12-06", "ownership": "D"}, {"maxAge": 1, "shares": 11410179, "filerUrl": "", "transactionText": "", "filerName": "Bhupal (Shalini)", "filerRelation": "Director (Executive)", "moneyText": "", "startDate": "2017-05-26", "ownership": "D"}, {"maxAge": 1, "shares": 11410179, "filerUrl": "", "transactionText": "", "filerName": "Bhupal (Shalini)", "filerRelation": "Director (Executive)", "moneyText": "", "startDate": "2016-05-20", "ownership": "D"}, {"maxAge": 1, "shares": 3491821, "filerUrl": "", "transactionText": "", "filerName": "Reddy (Krishna G V)", "filerRelation": "Promoter", "moneyText": "", "startDate": "2015-09-28", "ownership": "D"}, {"maxAge": 1, "shares": 100000, "filerUrl": "", "transactionText": "", "filerName": "Reddy (Keshav G V)", "filerRelation": "Promoter", "moneyText": "", "startDate": "2015-09-28", "ownership": "D"}, {"maxAge": 1, "shares": 1302034, "filerUrl": "", "transactionText": "", "filerName": "Reddy (Indira Krishna G)", "filerRelation": "Managing Director", "moneyText": "", "startDate": "2015-09-28", "ownership": "D"}, {"maxAge": 1, "shares": 11300180, "filerUrl": "", "transactionText": "", "filerName": "Bhupal (Shalini)", "filerRelation": "Director (Executive)", "moneyText": "", "startDate": "2015-09-28", "ownership": "D"}, {"maxAge": 1, "shares": 2473881, "filerUrl": "", "transactionText": "", "filerName": "Reddy (Aparna G)", "filerRelation": "Promoter", "moneyText": "", "startDate": "2015-09-28", "ownership": "D"}, {"maxAge": 1, "shares": 3194517, "filerUrl": "", "transactionText": "", "filerName": "Bhupal (Shriya)", "filerRelation": "Promoter", "moneyText": "", "startDate": "2015-09-28", "ownership": "D"}, {"maxAge": 1, "shares": 100000, "filerUrl": "", "transactionText": "", "filerName": "Reddy (Mallika G)", "filerRelation": "Promoter", "moneyText": "", "startDate": "2015-09-28", "ownership": "D"}, {"maxAge": 1, "shares": 8349726, "filerUrl": "", "transactionText": "", "filerName": "Vertex Projects Ltd", "filerRelation": "Promoter", "moneyText": "", "startDate": "2015-09-21", "ownership": "D"}, {"maxAge": 1, "shares": 4993398, "filerUrl": "", "transactionText": "", "filerName": "Vertex Projects Ltd", "filerRelation": "Promoter", "moneyText": "", "startDate": "2015-09-14", "ownership": "D"}, {"maxAge": 1, "shares": 2769517, "filerUrl": "", "transactionText": "", "filerName": "Bhupal (Shriya)", "filerRelation": "Promoter", "moneyText": "", "startDate": "2015-09-14", "ownership": "D"}, {"maxAge": 1, "shares": 2223881, "filerUrl": "", "transactionText": "", "filerName": "Reddy (Aparna G)", "filerRelation": "Promoter", "moneyText": "", "startDate": "2015-09-14", "ownership": "D"}, {"maxAge": 1, "shares": 8895522, "filerUrl": "", "transactionText": "", "filerName": "Vertex Projects Ltd", "filerRelation": "Promoter", "moneyText": "", "startDate": "2015-09-07", "ownership": "D"}, {"maxAge": 1, "shares": 8895522, "filerUrl": "", "transactionText": "", "filerName": "Reddy (Sanjay G V)", "filerRelation": "Promoter", "moneyText": "", "startDate": "2015-09-07", "ownership": "D"}, {"maxAge": 1, "shares": 8534871, "filerUrl": "", "transactionText": "", "filerName": "Bhupal (Shalini)", "filerRelation": "Director (Executive)", "moneyText": "", "startDate": "2015-03-20", "ownership": "D"}, {"maxAge": 1, "shares": 5167404, "filerUrl": "", "transactionText": "", "filerName": "Reddy (Indira Krishna G)", "filerRelation": "Managing Director", "moneyText": "", "startDate": "2015-03-20", "ownership": "D"}, {"maxAge": 1, "shares": 22238646, "filerUrl": "", "transactionText": "", "filerName": "Vertex Projects Ltd", "filerRelation": "Promoter", "moneyText": "", "startDate": "2015-03-20", "ownership": "D"}, {"maxAge": 1, "shares": 8536371, "filerUrl": "", "transactionText": "", "filerName": "Reddy (Aparna G)", "filerRelation": "Promoter", "moneyText": "", "startDate": "2015-03-20", "ownership": "D"}, {"maxAge": 1, "shares": 8534871, "filerUrl": "", "transactionText": "", "filerName": "Bhupal (Shalini)", "filerRelation": "Director (Executive)", "moneyText": "", "startDate": "2015-03-10", "ownership": "D"}, {"maxAge": 1, "shares": 8534871, "filerUrl": "", "transactionText": "", "filerName": "Vertex Projects Ltd", "filerRelation": "Promoter", "moneyText": "", "startDate": "2015-03-10", "ownership": "D"}, {"maxAge": 1, "shares": 8536371, "filerUrl": "", "transactionText": "", "filerName": "Vertex Projects Ltd", "filerRelation": "Promoter", "moneyText": "", "startDate": "2015-03-05", "ownership": "D"}, {"maxAge": 1, "shares": 8536371, "filerUrl": "", "transactionText": "", "filerName": "Reddy (Aparna G)", "filerRelation": "Promoter", "moneyText": "", "startDate": "2015-03-04", "ownership": "D"}, {"maxAge": 1, "shares": 2583702, "filerUrl": "", "transactionText": "", "filerName": "Vertex Projects Ltd", "filerRelation": "Promoter", "moneyText": "", "startDate": "2015-02-27", "ownership": "D"}, {"maxAge": 1, "shares": 2583702, "filerUrl": "", "transactionText": "", "filerName": "Reddy (Indira Krishna G)", "filerRelation": "Managing Director", "moneyText": "", "startDate": "2015-02-27", "ownership": "D"}, {"maxAge": 1, "shares": 2583702, "filerUrl": "", "transactionText": "", "filerName": "Vertex Projects Ltd", "filerRelation": "Promoter", "moneyText": "", "startDate": "2015-02-23", "ownership": "D"}, {"maxAge": 1, "shares": 2583702, "filerUrl": "", "transactionText": "", "filerName": "Reddy (Indira Krishna G)", "filerRelation": "Managing Director", "moneyText": "", "startDate": "2015-02-23", "ownership": "D"}, {"maxAge": 1, "shares": 22238646, "filerUrl": "", "transactionText": "", "filerName": "Vertex Projects Ltd", "filerRelation": "Promoter", "moneyText": "", "startDate": "2014-03-29", "ownership": "D"}, {"maxAge": 1, "shares": 22238646, "filerUrl": "", "transactionText": "", "filerName": "Caspian Capital & Finance Ltd", "filerRelation": "Promoter", "moneyText": "", "startDate": "2014-03-29", "ownership": "D"}, {"maxAge": 1, "shares": 200000, "filerUrl": "", "transactionText": "", "filerName": "Bhupal (Shriya)", "filerRelation": "Promoter", "moneyText": "", "startDate": "2013-02-18", "ownership": "D"}, {"maxAge": 1, "shares": 825000, "filerUrl": "", "transactionText": "", "filerName": "Bhupal (Shalini)", "filerRelation": "Director (Executive)", "moneyText": "", "startDate": "2013-02-18", "ownership": "D"}, {"maxAge": 1, "shares": 1940000, "filerUrl": "", "transactionText": "", "filerName": "Reddy (Indira Krishna G)", "filerRelation": "Managing Director", "moneyText": "", "startDate": "2010-03-30", "ownership": "D"}, {"maxAge": 1, "shares": 65000, "filerUrl": "", "transactionText": "", "filerName": "Franklin India Smaller Co Fund", "filerRelation": "UNREPORTED", "moneyText": "", "startDate": "2010-01-19", "ownership": "D"}], "maxAge": 1}, "quoteType": {"exchange": "BSE", "quoteType": "EQUITY", "symbol": "TAJGVK.BO", "underlyingSymbol": "TAJGVK.BO", "shortName": "TAJGVK HOTELS & RESORTS LTD.", "longName": "TAJGVK Hotels &amp; Resorts Limited", "firstTradeDateEpochUtc": "2000-12-20 09:15:00", "timeZoneFullName": "Asia/Kolkata", "timeZoneShortName": "IST", "uuid": "d3860da3-f2bc-37ec-b3bc-4c7f245d1a15", "gmtOffSetMilliseconds": 19800000, "maxAge": 1}, "incomeStatementHistory": {"incomeStatementHistory": [{"maxAge": 1, "endDate": "2020-03-31", "totalRevenue": 3136411000, "costOfRevenue": 1230796000, "grossProfit": 1905615000, "researchDevelopment": {}, "sellingGeneralAdministrative": 1144238000, "nonRecurring": {}, "otherOperatingExpenses": {}, "totalOperatingExpenses": 2552687000, "operatingIncome": 583724000, "totalOtherIncomeExpenseNet": -181861000, "ebit": 583724000, "interestExpense": -224254000, "incomeBeforeTax": 401863000, "incomeTaxExpense": 120895000, "minorityInterest": {}, "netIncomeFromContinuingOps": 280968000, "discontinuedOperations": {}, "extraordinaryItems": {}, "effectOfAccountingCharges": {}, "otherItems": {}, "netIncome": 280968000, "netIncomeApplicableToCommonShares": 280968000}, {"maxAge": 1, "endDate": "2019-03-31", "totalRevenue": 3235380000, "costOfRevenue": 1301266000, "grossProfit": 1934114000, "researchDevelopment": {}, "sellingGeneralAdministrative": 1168618000, "nonRecurring": {}, "otherOperatingExpenses": {}, "totalOperatingExpenses": 2643821000, "operatingIncome": 591559000, "totalOtherIncomeExpenseNet": -181478000, "ebit": 591559000, "interestExpense": -213820000, "incomeBeforeTax": 410081000, "incomeTaxExpense": 138152000, "minorityInterest": {}, "netIncomeFromContinuingOps": 271929000, "discontinuedOperations": {}, "extraordinaryItems": {}, "effectOfAccountingCharges": {}, "otherItems": {}, "netIncome": 271929000, "netIncomeApplicableToCommonShares": 271929000}, {"maxAge": 1, "endDate": "2018-03-31", "totalRevenue": 2906668000, "costOfRevenue": 1067329000, "grossProfit": 1839339000, "researchDevelopment": {}, "sellingGeneralAdministrative": 1098985000, "nonRecurring": {}, "otherOperatingExpenses": {}, "totalOperatingExpenses": 2338998000, "operatingIncome": 567670000, "totalOtherIncomeExpenseNet": -253710000, "ebit": 567670000, "interestExpense": -247673000, "incomeBeforeTax": 313960000, "incomeTaxExpense": 110066000, "minorityInterest": {}, "netIncomeFromContinuingOps": 203894000, "discontinuedOperations": {}, "extraordinaryItems": {}, "effectOfAccountingCharges": {}, "otherItems": {}, "netIncome": 203894000, "netIncomeApplicableToCommonShares": 203894000}, {"maxAge": 1, "endDate": "2017-03-31", "totalRevenue": 2684705000, "costOfRevenue": 1078104000, "grossProfit": 1606601000, "researchDevelopment": {}, "sellingGeneralAdministrative": 987719000, "nonRecurring": {}, "otherOperatingExpenses": {}, "totalOperatingExpenses": 2247105000, "operatingIncome": 437600000, "totalOtherIncomeExpenseNet": -312739000, "ebit": 437600000, "interestExpense": -288641000, "incomeBeforeTax": 124861000, "incomeTaxExpense": 82553000, "minorityInterest": {}, "netIncomeFromContinuingOps": 42308000, "discontinuedOperations": {}, "extraordinaryItems": {}, "effectOfAccountingCharges": {}, "otherItems": {}, "netIncome": 42308000, "netIncomeApplicableToCommonShares": 42308000}], "maxAge": 86400}, "fundOwnership": {"ownershipList": [], "maxAge": 1}, "summaryDetail": {"maxAge": 1, "priceHint": 2, "previousClose": 107.75, "open": 107.5, "dayLow": 106.7, "dayHigh": 108.85, "regularMarketPreviousClose": 107.75, "regularMarketOpen": 107.5, "regularMarketDayLow": 106.7, "regularMarketDayHigh": 108.85, "trailingPE": 687.6582, "forwardPE": 37.725693, "volume": 16388, "regularMarketVolume": 16388, "averageVolume": 19439, "averageVolume10days": 8589, "averageDailyVolume10Day": 8589, "bid": 107.4, "ask": 108.5, "bidSize": 0, "askSize": 0, "marketCap": 6812517888, "fiftyTwoWeekLow": 82.0, "fiftyTwoWeekHigh": 222.95, "fiftyDayAverage": 137.2, "twoHundredDayAverage": 137.62206, "trailingAnnualDividendRate": 0.6, "trailingAnnualDividendYield": 0.0055684457, "currency": "INR", "fromCurrency": null, "lastMarket": null, "algorithm": null, "tradeable": false}, "sectorTrend": {"maxAge": 1, "symbol": null, "estimates": []}, "incomeStatementHistoryQuarterly": {"incomeStatementHistory": [{"maxAge": 1, "endDate": "2020-06-30", "totalRevenue": 33000000, "costOfRevenue": 100700000, "grossProfit": -67700000, "researchDevelopment": {}, "sellingGeneralAdministrative": {}, "nonRecurring": {}, "otherOperatingExpenses": 71300000, "totalOperatingExpenses": 215000000, "operatingIncome": -182000000, "totalOtherIncomeExpenseNet": -88700000, "ebit": -182000000, "interestExpense": -45800000, "incomeBeforeTax": -270700000, "incomeTaxExpense": -58900000, "minorityInterest": {}, "netIncomeFromContinuingOps": -211800000, "discontinuedOperations": {}, "extraordinaryItems": {}, "effectOfAccountingCharges": {}, "otherItems": {}, "netIncome": -211800000, "netIncomeApplicableToCommonShares": -211800000}, {"maxAge": 1, "endDate": "2020-03-31", "totalRevenue": 764011000, "costOfRevenue": 262996000, "grossProfit": 501015000, "researchDevelopment": {}, "sellingGeneralAdministrative": 1144238000, "nonRecurring": {}, "otherOperatingExpenses": -811600000, "totalOperatingExpenses": 647387000, "operatingIncome": 116624000, "totalOtherIncomeExpenseNet": -34061000, "ebit": 116624000, "interestExpense": -49754000, "incomeBeforeTax": 82563000, "incomeTaxExpense": 25695000, "minorityInterest": {}, "netIncomeFromContinuingOps": 56868000, "discontinuedOperations": {}, "extraordinaryItems": {}, "effectOfAccountingCharges": {}, "otherItems": {}, "netIncome": 56868000, "netIncomeApplicableToCommonShares": 56868000}, {"maxAge": 1, "endDate": "2019-12-31", "totalRevenue": 912100000, "costOfRevenue": 336200000, "grossProfit": 575900000, "researchDevelopment": {}, "sellingGeneralAdministrative": 1144238000, "nonRecurring": {}, "otherOperatingExpenses": 316300000, "totalOperatingExpenses": 694500000, "operatingIncome": 217600000, "totalOtherIncomeExpenseNet": -35800000, "ebit": 217600000, "interestExpense": -56000000, "incomeBeforeTax": 181800000, "incomeTaxExpense": 50200000, "minorityInterest": {}, "netIncomeFromContinuingOps": 131600000, "discontinuedOperations": {}, "extraordinaryItems": {}, "effectOfAccountingCharges": {}, "otherItems": {}, "netIncome": 131600000, "netIncomeApplicableToCommonShares": 131600000}, {"maxAge": 1, "endDate": "2019-09-30", "totalRevenue": 736700000, "costOfRevenue": 318900000, "grossProfit": 417800000, "researchDevelopment": {}, "sellingGeneralAdministrative": 1144238000, "nonRecurring": {}, "otherOperatingExpenses": 269800000, "totalOperatingExpenses": 630800000, "operatingIncome": 105900000, "totalOtherIncomeExpenseNet": -55200000, "ebit": 105900000, "interestExpense": -58700000, "incomeBeforeTax": 50700000, "incomeTaxExpense": 17200000, "minorityInterest": {}, "netIncomeFromContinuingOps": 33500000, "discontinuedOperations": {}, "extraordinaryItems": {}, "effectOfAccountingCharges": {}, "otherItems": {}, "netIncome": 33500000, "netIncomeApplicableToCommonShares": 33500000}], "maxAge": 86400}, "cashflowStatementHistoryQuarterly": {"cashflowStatements": [{"maxAge": 1, "endDate": "2020-06-30", "netIncome": -211800000, "changeToLiabilities": 0}, {"maxAge": 1, "endDate": "2020-03-31", "netIncome": 56868000, "changeToLiabilities": 0}, {"maxAge": 1, "endDate": "2019-12-31", "netIncome": 131600000, "changeToLiabilities": 0}, {"maxAge": 1, "endDate": "2019-09-30", "netIncome": 33500000, "changeToLiabilities": 0}], "maxAge": 86400}, "insiderHolders": {"holders": [{"maxAge": 1, "name": "Bhupal (Krishna Ram)", "relation": "UNREPORTED", "url": "", "transactionDescription": "Other", "latestTransDate": "2020-11-12", "positionDirectDate": "2020-11-12"}, {"maxAge": 1, "name": "Bhupal (Shalini)", "relation": "UNREPORTED", "url": "", "transactionDescription": "Other", "latestTransDate": "2020-11-12", "positionDirectDate": "2020-11-12"}, {"maxAge": 1, "name": "Bhupal (Shriya)", "relation": "Promoter", "url": "", "transactionDescription": "Other", "latestTransDate": "2015-09-28", "positionDirect": 0, "positionDirectDate": "2015-09-28"}, {"maxAge": 1, "name": "Reddy (Aparna G)", "relation": "Promoter", "url": "", "transactionDescription": "Other", "latestTransDate": "2015-09-28", "positionDirect": 0, "positionDirectDate": "2015-09-28"}, {"maxAge": 1, "name": "Reddy (Indira Krishna G)", "relation": "UNREPORTED", "url": "", "transactionDescription": "Other", "latestTransDate": "2020-11-12", "positionDirectDate": "2020-11-12"}, {"maxAge": 1, "name": "Reddy (Keshav G V)", "relation": "Promoter", "url": "", "transactionDescription": "Other", "latestTransDate": "2015-09-28", "positionDirect": 0, "positionDirectDate": "2015-09-28"}, {"maxAge": 1, "name": "Reddy (Krishna G V)", "relation": "UNREPORTED", "url": "", "transactionDescription": "Other", "latestTransDate": "2020-11-12", "positionDirectDate": "2020-11-12"}, {"maxAge": 1, "name": "Reddy (Mallika G)", "relation": "Promoter", "url": "", "transactionDescription": "Other", "latestTransDate": "2015-09-28", "positionDirect": 0, "positionDirectDate": "2015-09-28"}, {"maxAge": 1, "name": "Reddy (Sanjay G V)", "relation": "Promoter", "url": "", "transactionDescription": "Other", "latestTransDate": "2015-09-07", "positionDirect": 10145522, "positionDirectDate": "2015-09-07"}, {"maxAge": 1, "name": "Vertex Projects Ltd", "relation": "Promoter", "url": "", "transactionDescription": "Other", "latestTransDate": "2015-09-21", "positionDirect": 0, "positionDirectDate": "2015-09-21"}], "maxAge": 1}, "earnings": {"maxAge": 86400, "earningsChart": {"quarterly": [], "earningsDate": ["2020-11-02 05:30:S"]}, "financialsChart": {"yearly": [{"date": 2017, "revenue": 2684705000, "earnings": 42308000}, {"date": 2018, "revenue": 2906668000, "earnings": 203894000}, {"date": 2019, "revenue": 3235380000, "earnings": 271929000}, {"date": 2020, "revenue": 3136411000, "earnings": 280968000}], "quarterly": [{"date": "3Q2019", "revenue": 736700000, "earnings": 33500000}, {"date": "4Q2019", "revenue": 912100000, "earnings": 131600000}, {"date": "1Q2020", "revenue": 764011000, "earnings": 56868000}, {"date": "2Q2020", "revenue": 33000000, "earnings": -211800000}]}, "financialCurrency": "INR"}, "calendarEvents": {"maxAge": 1, "earnings": {"earningsDate": ["2020-11-02 05:30:S"]}}, "upgradeDowngradeHistory": {"history": [], "maxAge": 86400}, "price": {"maxAge": 1, "regularMarketChangePercent": 0.008352682, "regularMarketChange": 0.9000015, "regularMarketTime": "2021-04-30 15:23:42", "priceHint": 2, "regularMarketPrice": 108.65, "regularMarketDayHigh": 108.85, "regularMarketDayLow": 106.7, "regularMarketVolume": 16388, "averageDailyVolume10Day": 8589, "averageDailyVolume3Month": 19439, "regularMarketPreviousClose": 107.75, "regularMarketSource": "FREE_REALTIME", "regularMarketOpen": 107.5, "exchange": "BSE", "exchangeName": "BSE", "exchangeDataDelayedBy": 0, "marketState": "CLOSED", "quoteType": "EQUITY", "symbol": "TAJGVK.BO", "underlyingSymbol": null, "shortName": "TAJGVK HOTELS & RESORTS LTD.", "longName": "TAJGVK Hotels &amp; Resorts Limited", "currency": "INR", "quoteSourceName": "Delayed Quote", "currencySymbol": "\u20b9", "fromCurrency": null, "lastMarket": null, "marketCap": 6812517888}, "balanceSheetHistory": {"balanceSheetStatements": [{"maxAge": 1, "endDate": "2020-03-31", "cash": 77707000, "shortTermInvestments": 374000, "netReceivables": 216492000, "inventory": 81589000, "otherCurrentAssets": 87163000, "totalCurrentAssets": 489575000, "longTermInvestments": 1058225000, "propertyPlantEquipment": 5250007000, "intangibleAssets": 11782000, "otherAssets": 571611000, "totalAssets": 7381200000, "accountsPayable": 345203000, "shortLongTermDebt": 243750000, "otherCurrentLiab": 70200000, "longTermDebt": 1404408000, "otherLiab": 642258000, "totalCurrentLiabilities": 831620000, "totalLiab": 3314137000, "commonStock": 125403000, "retainedEarnings": 3286919000, "treasuryStock": 341541000, "capitalSurplus": 313200000, "otherStockholderEquity": 341541000, "totalStockholderEquity": 4067063000, "netTangibleAssets": 4055281000}, {"maxAge": 1, "endDate": "2019-03-31", "cash": 18632000, "shortTermInvestments": 374000, "netReceivables": 261721000, "inventory": 75118000, "otherCurrentAssets": 40242000, "totalCurrentAssets": 426218000, "longTermInvestments": 1015791000, "propertyPlantEquipment": 5063957000, "intangibleAssets": 16109000, "otherAssets": 585364000, "totalAssets": 7107439000, "accountsPayable": 353046000, "shortLongTermDebt": 367501000, "otherCurrentLiab": 66264000, "longTermDebt": 1601136000, "otherLiab": 655655000, "totalCurrentLiabilities": 932010000, "totalLiab": 3188801000, "commonStock": 125403000, "retainedEarnings": 3133869000, "treasuryStock": 346166000, "capitalSurplus": 313200000, "otherStockholderEquity": 346166000, "totalStockholderEquity": 3918638000, "netTangibleAssets": 3902529000}, {"maxAge": 1, "endDate": "2018-03-31", "cash": 152624000, "shortTermInvestments": 297000, "netReceivables": 274086000, "inventory": 85994000, "otherCurrentAssets": 48650000, "totalCurrentAssets": 591222000, "longTermInvestments": 986994000, "propertyPlantEquipment": 5058680000, "intangibleAssets": 21623000, "otherAssets": 706241000, "totalAssets": 7364760000, "accountsPayable": 509332000, "shortLongTermDebt": 307500000, "otherCurrentLiab": 67817000, "longTermDebt": 1966613000, "otherLiab": 646508000, "deferredLongTermLiab": 1125000, "totalCurrentLiabilities": 1059972000, "totalLiab": 3673093000, "commonStock": 125403000, "retainedEarnings": 2904283000, "treasuryStock": 348781000, "capitalSurplus": 313200000, "otherStockholderEquity": 348781000, "totalStockholderEquity": 3691667000, "netTangibleAssets": 3670044000}, {"maxAge": 1, "endDate": "2017-03-31", "cash": 40594000, "shortTermInvestments": 4297000, "netReceivables": 258304000, "inventory": 90270000, "otherCurrentAssets": 28038000, "totalCurrentAssets": 442927000, "longTermInvestments": 993170000, "propertyPlantEquipment": 5144187000, "intangibleAssets": 26452000, "otherAssets": 664740000, "totalAssets": 7271476000, "accountsPayable": 436113000, "shortLongTermDebt": 277300000, "otherCurrentLiab": 64629000, "longTermDebt": 2272291000, "otherLiab": 604837000, "deferredLongTermLiab": 4125000, "totalCurrentLiabilities": 879006000, "totalLiab": 3756134000, "commonStock": 125403000, "retainedEarnings": 2731352000, "treasuryStock": 345387000, "capitalSurplus": 313200000, "otherStockholderEquity": 345387000, "totalStockholderEquity": 3515342000, "netTangibleAssets": 3488890000}], "maxAge": 86400}, "earningsTrend": {"trend": [{"maxAge": 1, "period": "0q", "endDate": null, "growth": {}, "earningsEstimate": {"avg": 0.0, "low": 0.0, "high": 0.0, "yearAgoEps": {}, "numberOfAnalysts": 0, "growth": {}}, "revenueEstimate": {"avg": 0, "low": 0, "high": 0, "numberOfAnalysts": 0, "yearAgoRevenue": {}, "growth": {}}, "epsTrend": {"current": 0.0, "7daysAgo": 0.0, "30daysAgo": 0.0, "60daysAgo": 0.0, "90daysAgo": 0.0}, "epsRevisions": {"upLast7days": 0, "upLast30days": 0, "downLast30days": 0, "downLast90days": {}}}, {"maxAge": 1, "period": "+1q", "endDate": null, "growth": {}, "earningsEstimate": {"avg": 0.0, "low": 0.0, "high": 0.0, "yearAgoEps": {}, "numberOfAnalysts": 0, "growth": {}}, "revenueEstimate": {"avg": 0, "low": 0, "high": 0, "numberOfAnalysts": 0, "yearAgoRevenue": {}, "growth": {}}, "epsTrend": {"current": 0.0, "7daysAgo": 0.0, "30daysAgo": 0.0, "60daysAgo": 0.0, "90daysAgo": 0.0}, "epsRevisions": {"upLast7days": 0, "upLast30days": 0, "downLast30days": 0, "downLast90days": {}}}, {"maxAge": 1, "period": "0y", "endDate": null, "growth": {}, "earningsEstimate": {"avg": 0.0, "low": 0.0, "high": 0.0, "yearAgoEps": {}, "numberOfAnalysts": 0, "growth": {}}, "revenueEstimate": {"avg": 0, "low": 0, "high": 0, "numberOfAnalysts": 0, "yearAgoRevenue": {}, "growth": {}}, "epsTrend": {"current": 0.0, "7daysAgo": 0.0, "30daysAgo": 0.0, "60daysAgo": 0.0, "90daysAgo": 0.0}, "epsRevisions": {"upLast7days": 0, "upLast30days": 0, "downLast30days": 0, "downLast90days": {}}}, {"maxAge": 1, "period": "+1y", "endDate": null, "growth": {}, "earningsEstimate": {"avg": 0.0, "low": 0.0, "high": 0.0, "yearAgoEps": {}, "numberOfAnalysts": 0, "growth": {}}, "revenueEstimate": {"avg": 0, "low": 0, "high": 0, "numberOfAnalysts": 0, "yearAgoRevenue": {}, "growth": {}}, "epsTrend": {"current": 0.0, "7daysAgo": 0.0, "30daysAgo": 0.0, "60daysAgo": 0.0, "90daysAgo": 0.0}, "epsRevisions": {"upLast7days": 0, "upLast30days": 0, "downLast30days": 0, "downLast90days": {}}}, {"maxAge": 1, "period": "+5y", "endDate": null, "growth": 0.36, "earningsEstimate": {"avg": {}, "low": {}, "high": {}, "yearAgoEps": {}, "numberOfAnalysts": {}, "growth": {}}, "revenueEstimate": {"avg": {}, "low": {}, "high": {}, "numberOfAnalysts": {}, "yearAgoRevenue": {}, "growth": {}}, "epsTrend": {"current": {}, "7daysAgo": {}, "30daysAgo": {}, "60daysAgo": {}, "90daysAgo": {}}, "epsRevisions": {"upLast7days": {}, "upLast30days": {}, "downLast30days": {}, "downLast90days": {}}}, {"maxAge": 1, "period": "-5y", "endDate": null, "growth": {}, "earningsEstimate": {"avg": {}, "low": {}, "high": {}, "yearAgoEps": {}, "numberOfAnalysts": {}, "growth": {}}, "revenueEstimate": {"avg": {}, "low": {}, "high": {}, "numberOfAnalysts": {}, "yearAgoRevenue": {}, "growth": {}}, "epsTrend": {"current": {}, "7daysAgo": {}, "30daysAgo": {}, "60daysAgo": {}, "90daysAgo": {}}, "epsRevisions": {"upLast7days": {}, "upLast30days": {}, "downLast30days": {}, "downLast90days": {}}}], "maxAge": 1}, "financialData": {"maxAge": 86400, "currentPrice": 108.65, "targetHighPrice": 220.0, "targetLowPrice": 220.0, "targetMeanPrice": 220.0, "targetMedianPrice": 220.0, "recommendationKey": "none", "numberOfAnalystOpinions": 1, "grossProfits": 1905615000, "financialCurrency": "INR"}}}