{"TALBROSENG.BO": {"recommendationTrend": {"trend": [{"period": "0m", "strongBuy": 0, "buy": 0, "hold": 0, "sell": 0, "strongSell": 0}, {"period": "-1m", "strongBuy": 0, "buy": 0, "hold": 0, "sell": 0, "strongSell": 0}, {"period": "-2m", "strongBuy": 0, "buy": 0, "hold": 0, "sell": 0, "strongSell": 0}, {"period": "-3m", "strongBuy": 0, "buy": 0, "hold": 0, "sell": 0, "strongSell": 0}], "maxAge": 86400}, "cashflowStatementHistory": {"cashflowStatements": [{"maxAge": 1, "endDate": "2020-03-31", "netIncome": 40182000, "depreciation": 78340000, "changeToNetincome": 10011000, "changeToAccountReceivables": 120436000, "changeToLiabilities": -130297000, "changeToInventory": 185770000, "changeToOperatingActivities": -147741000, "totalCashFromOperatingActivities": 156701000, "capitalExpenditures": -143750000, "otherCashflowsFromInvestingActivities": 419000, "totalCashflowsFromInvestingActivities": -142106000, "dividendsPaid": -7615000, "netBorrowings": -37498000, "otherCashflowsFromFinancingActivities": 17697000, "totalCashFromFinancingActivities": -27416000, "changeInCash": -12821000}, {"maxAge": 1, "endDate": "2019-03-31", "netIncome": 72039000, "depreciation": 65256000, "changeToNetincome": 40237000, "changeToAccountReceivables": -144265000, "changeToLiabilities": 114450000, "changeToInventory": -151892000, "changeToOperatingActivities": 215664000, "totalCashFromOperatingActivities": 211489000, "capitalExpenditures": -260130000, "otherCashflowsFromInvestingActivities": 73000, "totalCashflowsFromInvestingActivities": -258657000, "dividendsPaid": -7615000, "netBorrowings": 79715000, "otherCashflowsFromFinancingActivities": -29615000, "totalCashFromFinancingActivities": 42485000, "changeInCash": -4683000}, {"maxAge": 1, "endDate": "2018-03-31", "netIncome": 89528000, "depreciation": 49043000, "changeToNetincome": 40347000, "changeToAccountReceivables": -100412000, "changeToLiabilities": 95540000, "changeToInventory": -165966000, "changeToOperatingActivities": 81922000, "totalCashFromOperatingActivities": 90002000, "capitalExpenditures": -158020000, "otherCashflowsFromInvestingActivities": 889000, "totalCashflowsFromInvestingActivities": -152272000, "dividendsPaid": -5077000, "netBorrowings": 89049000, "otherCashflowsFromFinancingActivities": -16209000, "totalCashFromFinancingActivities": 67763000, "changeInCash": 5493000}, {"maxAge": 1, "endDate": "2017-03-31", "netIncome": 69900000, "depreciation": 36800000, "changeToNetincome": 30800000, "changeToAccountReceivables": -19700000, "changeToLiabilities": 19100000, "changeToInventory": -45400000, "changeToOperatingActivities": 12700000, "totalCashFromOperatingActivities": 104200000, "capitalExpenditures": -286500000, "otherCashflowsFromInvestingActivities": 200000, "totalCashflowsFromInvestingActivities": -284900000, "dividendsPaid": -5077000, "netBorrowings": 105500000, "otherCashflowsFromFinancingActivities": 81400000, "totalCashFromFinancingActivities": 186900000, "changeInCash": 6200000}], "maxAge": 86400}, "institutionOwnership": {"ownershipList": [], "maxAge": 1}, "balanceSheetHistoryQuarterly": {"balanceSheetStatements": [{"maxAge": 1, "endDate": "2020-06-30", "totalStockholderEquity": 606143000, "netTangibleAssets": 603565000}, {"maxAge": 1, "endDate": "2020-03-31", "cash": 643000, "netReceivables": 312541000, "inventory": 332774000, "otherCurrentAssets": 45807000, "totalCurrentAssets": 693266000, "longTermInvestments": 860000, "propertyPlantEquipment": 870769000, "intangibleAssets": 2578000, "otherAssets": 36567000, "totalAssets": 1604040000, "accountsPayable": 186211000, "shortLongTermDebt": 85801000, "otherCurrentLiab": 21973000, "longTermDebt": 287460000, "otherLiab": 39540000, "totalCurrentLiabilities": 670897000, "totalLiab": 997897000, "commonStock": 50765000, "retainedEarnings": 511179000, "treasuryStock": 26262000, "capitalSurplus": 17937000, "otherStockholderEquity": 26262000, "totalStockholderEquity": 606143000, "netTangibleAssets": 603565000}, {"maxAge": 1, "endDate": "2019-12-31", "totalStockholderEquity": 592325000, "netTangibleAssets": 589408000}, {"maxAge": 1, "endDate": "2019-09-30", "cash": 57528000, "netReceivables": 413496000, "inventory": 491573000, "otherCurrentAssets": 31125000, "totalCurrentAssets": 993722000, "longTermInvestments": 860000, "propertyPlantEquipment": 879027000, "intangibleAssets": 2917000, "otherAssets": 26384000, "totalAssets": 1902910000, "accountsPayable": 200009000, "otherCurrentLiab": 192023000, "longTermDebt": 334591000, "otherLiab": 33791000, "totalCurrentLiabilities": 942203000, "totalLiab": 1310585000, "commonStock": 50765000, "treasuryStock": 541560000, "otherStockholderEquity": 541560000, "totalStockholderEquity": 592325000, "netTangibleAssets": 589408000}], "maxAge": 86400}, "earningsHistory": {"history": [{"maxAge": 1, "epsActual": {}, "epsEstimate": {}, "epsDifference": {}, "surprisePercent": {}, "quarter": {}, "period": "-4q"}, {"maxAge": 1, "epsActual": 9.28, "epsEstimate": 5.68, "epsDifference": 3.6, "surprisePercent": 0.634, "quarter": "2017-09-30", "period": "-3q"}, {"maxAge": 1, "epsActual": 4.12, "epsEstimate": 4.26, "epsDifference": -0.14, "surprisePercent": -0.033, "quarter": "2017-12-31", "period": "-2q"}, {"maxAge": 1, "epsActual": 4.48, "epsEstimate": 4.4, "epsDifference": 0.08, "surprisePercent": 0.018, "quarter": "2018-06-30", "period": "-1q"}], "maxAge": 86400}, "indexTrend": {"maxAge": 1, "symbol": "SP5", "peRatio": 19.7411, "pegRatio": 1.34172, "estimates": [{"period": "0q", "growth": 0.549}, {"period": "+1q", "growth": 0.431}, {"period": "0y", "growth": 0.305}, {"period": "+1y", "growth": 0.109}, {"period": "+5y", "growth": 0.120859005}, {"period": "-5y"}]}, "industryTrend": {"maxAge": 1, "symbol": null, "estimates": []}, "insiderTransactions": {"transactions": [{"maxAge": 1, "shares": 1602, "value": 1803, "filerUrl": "", "transactionText": "Acquisition at price 1.13 per share.", "filerName": "Talwar (Shweta)", "filerRelation": "Promoter", "moneyText": "", "startDate": "2020-08-19", "ownership": "D"}, {"maxAge": 1, "shares": 0, "filerUrl": "", "transactionText": "", "filerName": "Talwar (Shweta)", "filerRelation": "Promoter", "moneyText": "", "startDate": "2020-08-19", "ownership": "I"}, {"maxAge": 1, "shares": 1101, "filerUrl": "", "transactionText": "", "filerName": "Talwar (Shweta)", "filerRelation": "Promoter", "moneyText": "", "startDate": "2020-03-19", "ownership": "D"}, {"maxAge": 1, "shares": 130, "filerUrl": "", "transactionText": "", "filerName": "Talwar (Kartik)", "filerRelation": "Promoter", "moneyText": "", "startDate": "2020-03-17", "ownership": "D"}, {"maxAge": 1, "shares": 1921, "filerUrl": "", "transactionText": "", "filerName": "Talwar (Shweta)", "filerRelation": "Promoter", "moneyText": "", "startDate": "2020-03-17", "ownership": "D"}, {"maxAge": 1, "shares": 130, "filerUrl": "", "transactionText": "", "filerName": "Talwar (Kartik)", "filerRelation": "Promoter", "moneyText": "", "startDate": "2019-09-03", "ownership": "D"}, {"maxAge": 1, "shares": 3228, "filerUrl": "", "transactionText": "", "filerName": "Talwar (Shweta)", "filerRelation": "Promoter", "moneyText": "", "startDate": "2019-08-20", "ownership": "D"}, {"maxAge": 1, "shares": 180627, "filerUrl": "", "transactionText": "", "filerName": "Talwar (Shweta)", "filerRelation": "Promoter", "moneyText": "", "startDate": "2019-08-08", "ownership": "D"}, {"maxAge": 1, "shares": 78945, "filerUrl": "", "transactionText": "", "filerName": "Talwar (Shweta)", "filerRelation": "Promoter", "moneyText": "", "startDate": "2017-04-28", "ownership": "D"}, {"maxAge": 1, "shares": 78945, "filerUrl": "", "transactionText": "", "filerName": "Talwar (Tarun) HUF", "filerRelation": "Promoter", "moneyText": "", "startDate": "2017-04-28", "ownership": "D"}, {"maxAge": 1, "shares": 10000, "filerUrl": "", "transactionText": "", "filerName": "Talwar (Gita)", "filerRelation": "Promoter", "moneyText": "", "startDate": "2017-01-24", "ownership": "D"}, {"maxAge": 1, "shares": 90000, "filerUrl": "", "transactionText": "", "filerName": "Talwar (Rajesh)", "filerRelation": "Promoter", "moneyText": "", "startDate": "2017-01-24", "ownership": "D"}, {"maxAge": 1, "shares": 100000, "filerUrl": "", "transactionText": "", "filerName": "Talwar (Shweta)", "filerRelation": "UNREPORTED", "moneyText": "", "startDate": "2017-01-24", "ownership": "D"}], "maxAge": 1}, "quoteType": {"exchange": "BSE", "quoteType": "EQUITY", "symbol": "TALBROSENG.BO", "underlyingSymbol": "TALBROSENG.BO", "shortName": "TALBROS ENGINEERING LIMITED", "longName": "Talbros Engineering Limited", "firstTradeDateEpochUtc": "2015-03-18 09:15:00", "timeZoneFullName": "Asia/Kolkata", "timeZoneShortName": "IST", "uuid": "5421eea3-1769-346a-b73f-830fe8213336", "gmtOffSetMilliseconds": 19800000, "maxAge": 1}, "incomeStatementHistory": {"incomeStatementHistory": [{"maxAge": 1, "endDate": "2020-03-31", "totalRevenue": 2162264000, "costOfRevenue": 1081956000, "grossProfit": 1080308000, "researchDevelopment": {}, "sellingGeneralAdministrative": 205780000, "nonRecurring": {}, "otherOperatingExpenses": 684841000, "totalOperatingExpenses": 2050917000, "operatingIncome": 111347000, "totalOtherIncomeExpenseNet": -60870000, "ebit": 111347000, "interestExpense": -53819000, "incomeBeforeTax": 50477000, "incomeTaxExpense": 10295000, "minorityInterest": {}, "netIncomeFromContinuingOps": 40182000, "discontinuedOperations": {}, "extraordinaryItems": {}, "effectOfAccountingCharges": {}, "otherItems": {}, "netIncome": 40182000, "netIncomeApplicableToCommonShares": 40182000}, {"maxAge": 1, "endDate": "2019-03-31", "totalRevenue": 2692519000, "costOfRevenue": 1326170000, "grossProfit": 1366349000, "researchDevelopment": {}, "sellingGeneralAdministrative": 213927000, "nonRecurring": {}, "otherOperatingExpenses": 913518000, "totalOperatingExpenses": 2518871000, "operatingIncome": 173648000, "totalOtherIncomeExpenseNet": -60731000, "ebit": 173648000, "interestExpense": -48359000, "incomeBeforeTax": 112917000, "incomeTaxExpense": 40878000, "minorityInterest": {}, "netIncomeFromContinuingOps": 72039000, "discontinuedOperations": {}, "extraordinaryItems": {}, "effectOfAccountingCharges": {}, "otherItems": {}, "netIncome": 72039000, "netIncomeApplicableToCommonShares": 72039000}, {"maxAge": 1, "endDate": "2018-03-31", "totalRevenue": 2039620000, "costOfRevenue": 901108000, "grossProfit": 1138512000, "researchDevelopment": {}, "sellingGeneralAdministrative": 183567000, "nonRecurring": {}, "otherOperatingExpenses": 747388000, "totalOperatingExpenses": 1881106000, "operatingIncome": 158514000, "totalOtherIncomeExpenseNet": -27940000, "ebit": 158514000, "interestExpense": -20584000, "incomeBeforeTax": 130574000, "incomeTaxExpense": 41046000, "minorityInterest": {}, "netIncomeFromContinuingOps": 89528000, "discontinuedOperations": {}, "extraordinaryItems": {}, "effectOfAccountingCharges": {}, "otherItems": {}, "netIncome": 89528000, "netIncomeApplicableToCommonShares": 89528000}, {"maxAge": 1, "endDate": "2017-03-31", "totalRevenue": 1614100000, "costOfRevenue": 700700000, "grossProfit": 913400000, "researchDevelopment": {}, "sellingGeneralAdministrative": 146900000, "nonRecurring": {}, "otherOperatingExpenses": 601600000, "totalOperatingExpenses": 1486600000, "operatingIncome": 127500000, "totalOtherIncomeExpenseNet": -26900000, "ebit": 127500000, "interestExpense": -18900000, "incomeBeforeTax": 100600000, "incomeTaxExpense": 30700000, "minorityInterest": {}, "netIncomeFromContinuingOps": 69900000, "discontinuedOperations": {}, "extraordinaryItems": {}, "effectOfAccountingCharges": {}, "otherItems": {}, "netIncome": 69900000, "netIncomeApplicableToCommonShares": 69900000}], "maxAge": 86400}, "fundOwnership": {"ownershipList": [], "maxAge": 1}, "summaryDetail": {"maxAge": 1, "priceHint": 2, "previousClose": 147.0, "open": 142.55, "dayLow": 142.55, "dayHigh": 149.6, "regularMarketPreviousClose": 147.0, "regularMarketOpen": 142.55, "regularMarketDayLow": 142.55, "regularMarketDayHigh": 149.6, "trailingPE": 40.347927, "forwardPE": 6.5067873, "volume": 1677, "regularMarketVolume": 1677, "averageVolume": 3452, "averageVolume10days": 1657, "averageDailyVolume10Day": 1657, "bid": 143.0, "ask": 148.85, "bidSize": 0, "askSize": 0, "marketCap": 730000704, "fiftyTwoWeekLow": 51.35, "fiftyTwoWeekHigh": 174.95, "fiftyDayAverage": 129.81061, "twoHundredDayAverage": 96.66654, "trailingAnnualDividendRate": 1.5, "trailingAnnualDividendYield": 0.010204081, "currency": "INR", "fromCurrency": null, "lastMarket": null, "algorithm": null, "tradeable": false}, "sectorTrend": {"maxAge": 1, "symbol": null, "estimates": []}, "incomeStatementHistoryQuarterly": {"incomeStatementHistory": [{"maxAge": 1, "endDate": "2020-06-30", "totalRevenue": 158468000, "costOfRevenue": 71314000, "grossProfit": 87154000, "researchDevelopment": {}, "sellingGeneralAdministrative": 29122000, "nonRecurring": {}, "otherOperatingExpenses": 39133000, "totalOperatingExpenses": 159571000, "operatingIncome": -1103000, "totalOtherIncomeExpenseNet": -8643000, "ebit": -1103000, "interestExpense": -10108000, "incomeBeforeTax": -9746000, "incomeTaxExpense": -300000, "minorityInterest": {}, "netIncomeFromContinuingOps": -9446000, "discontinuedOperations": {}, "extraordinaryItems": {}, "effectOfAccountingCharges": {}, "otherItems": {}, "netIncome": -9446000, "netIncomeApplicableToCommonShares": -9446000}, {"maxAge": 1, "endDate": "2020-03-31", "totalRevenue": 460186000, "costOfRevenue": 190589000, "grossProfit": 269597000, "researchDevelopment": {}, "sellingGeneralAdministrative": 61382000, "nonRecurring": {}, "otherOperatingExpenses": 169503000, "totalOperatingExpenses": 441064000, "operatingIncome": 19122000, "totalOtherIncomeExpenseNet": -13222000, "ebit": 19122000, "interestExpense": -381000, "incomeBeforeTax": 5900000, "incomeTaxExpense": 3672000, "minorityInterest": {}, "netIncomeFromContinuingOps": 2228000, "discontinuedOperations": {}, "extraordinaryItems": {}, "effectOfAccountingCharges": {}, "otherItems": {}, "netIncome": 2228000, "netIncomeApplicableToCommonShares": 2228000}, {"maxAge": 1, "endDate": "2019-12-31", "totalRevenue": 543001000, "costOfRevenue": 275940000, "grossProfit": 267061000, "researchDevelopment": {}, "sellingGeneralAdministrative": 47698000, "nonRecurring": {}, "otherOperatingExpenses": 165950000, "totalOperatingExpenses": 509588000, "operatingIncome": 33413000, "totalOtherIncomeExpenseNet": -15896000, "ebit": 33413000, "interestExpense": -17787000, "incomeBeforeTax": 17517000, "incomeTaxExpense": 4286000, "minorityInterest": {}, "netIncomeFromContinuingOps": 13231000, "discontinuedOperations": {}, "extraordinaryItems": {}, "effectOfAccountingCharges": {}, "otherItems": {}, "netIncome": 13231000, "netIncomeApplicableToCommonShares": 13231000}, {"maxAge": 1, "endDate": "2019-09-30", "totalRevenue": 549499000, "costOfRevenue": 297779000, "grossProfit": 251720000, "researchDevelopment": {}, "sellingGeneralAdministrative": 48577000, "nonRecurring": {}, "otherOperatingExpenses": 158958000, "totalOperatingExpenses": 525564000, "operatingIncome": 23935000, "totalOtherIncomeExpenseNet": -15611000, "ebit": 23935000, "interestExpense": -17694000, "incomeBeforeTax": 8324000, "incomeTaxExpense": -3913000, "minorityInterest": {}, "netIncomeFromContinuingOps": 12237000, "discontinuedOperations": {}, "extraordinaryItems": {}, "effectOfAccountingCharges": {}, "otherItems": {}, "netIncome": 12237000, "netIncomeApplicableToCommonShares": 12237000}], "maxAge": 86400}, "cashflowStatementHistoryQuarterly": {"cashflowStatements": [{"maxAge": 1, "endDate": "2020-06-30", "netIncome": -9446000, "changeToLiabilities": 0}, {"maxAge": 1, "endDate": "2020-03-31", "netIncome": 2228000, "changeToLiabilities": 0}, {"maxAge": 1, "endDate": "2019-12-31", "netIncome": 13231000, "changeToLiabilities": 0}, {"maxAge": 1, "endDate": "2019-09-30", "netIncome": 12237000, "changeToLiabilities": 0}], "maxAge": 86400}, "insiderHolders": {"holders": [{"maxAge": 1, "name": "Talwar (Gita)", "relation": "Promoter", "url": "", "transactionDescription": "Gift", "latestTransDate": "2017-01-24", "positionDirect": 505877, "positionDirectDate": "2017-01-24"}, {"maxAge": 1, "name": "Talwar (Kartik)", "relation": "Promoter", "url": "", "transactionDescription": "Acquisition", "latestTransDate": "2020-03-17", "positionDirect": 41234, "positionDirectDate": "2020-03-17"}, {"maxAge": 1, "name": "Talwar (Rajesh)", "relation": "Promoter", "url": "", "transactionDescription": "Gift", "latestTransDate": "2017-01-24", "positionDirect": 505249, "positionDirectDate": "2017-01-24"}, {"maxAge": 1, "name": "Talwar (Shweta)", "relation": "Promoter", "url": "", "transactionDescription": "Acquisition", "latestTransDate": "2020-08-19", "positionDirect": 367424, "positionDirectDate": "2020-08-19"}, {"maxAge": 1, "name": "Talwar (Tarun) HUF", "relation": "Promoter", "url": "", "transactionDescription": "Sale", "latestTransDate": "2017-04-28", "positionDirect": 0, "positionDirectDate": "2017-04-28"}], "maxAge": 1}, "earnings": {"maxAge": 86400, "earningsChart": {"quarterly": [{"date": "3Q2017", "actual": 9.28, "estimate": 5.68}, {"date": "4Q2017", "actual": 4.12, "estimate": 4.26}, {"date": "2Q2018", "actual": 4.48, "estimate": 4.4}], "currentQuarterEstimateDate": "3Q", "currentQuarterEstimateYear": 2018, "earningsDate": []}, "financialsChart": {"yearly": [{"date": 2017, "revenue": 1614100000, "earnings": 69900000}, {"date": 2018, "revenue": 2039620000, "earnings": 89528000}, {"date": 2019, "revenue": 2692519000, "earnings": 72039000}, {"date": 2020, "revenue": 2162264000, "earnings": 40182000}], "quarterly": [{"date": "3Q2019", "revenue": 549499000, "earnings": 12237000}, {"date": "4Q2019", "revenue": 543001000, "earnings": 13231000}, {"date": "1Q2020", "revenue": 460186000, "earnings": 2228000}, {"date": "2Q2020", "revenue": 158468000, "earnings": -9446000}]}, "financialCurrency": "INR"}, "calendarEvents": {"maxAge": 1, "earnings": {"earningsDate": []}}, "upgradeDowngradeHistory": {"history": [], "maxAge": 86400}, "price": {"maxAge": 1, "regularMarketChangePercent": -0.021768687, "regularMarketChange": -3.199997, "regularMarketTime": "2021-04-30 15:27:22", "priceHint": 2, "regularMarketPrice": 143.8, "regularMarketDayHigh": 149.6, "regularMarketDayLow": 142.55, "regularMarketVolume": 1677, "averageDailyVolume10Day": 1657, "averageDailyVolume3Month": 3452, "regularMarketPreviousClose": 147.0, "regularMarketSource": "FREE_REALTIME", "regularMarketOpen": 142.55, "exchange": "BSE", "exchangeName": "BSE", "exchangeDataDelayedBy": 0, "marketState": "CLOSED", "quoteType": "EQUITY", "symbol": "TALBROSENG.BO", "underlyingSymbol": null, "shortName": "TALBROS ENGINEERING LIMITED", "longName": "Talbros Engineering Limited", "currency": "INR", "quoteSourceName": "Delayed Quote", "currencySymbol": "\u20b9", "fromCurrency": null, "lastMarket": null, "marketCap": 730000704}, "balanceSheetHistory": {"balanceSheetStatements": [{"maxAge": 1, "endDate": "2020-03-31", "cash": 643000, "netReceivables": 312541000, "inventory": 332774000, "otherCurrentAssets": 45807000, "totalCurrentAssets": 693266000, "longTermInvestments": 860000, "propertyPlantEquipment": 870769000, "intangibleAssets": 2578000, "otherAssets": 36567000, "totalAssets": 1604040000, "accountsPayable": 186211000, "shortLongTermDebt": 85801000, "otherCurrentLiab": 21973000, "longTermDebt": 287460000, "otherLiab": 39540000, "totalCurrentLiabilities": 670897000, "totalLiab": 997897000, "commonStock": 50765000, "retainedEarnings": 511179000, "treasuryStock": 26262000, "capitalSurplus": 17937000, "otherStockholderEquity": 26262000, "totalStockholderEquity": 606143000, "netTangibleAssets": 603565000}, {"maxAge": 1, "endDate": "2019-03-31", "cash": 13468000, "netReceivables": 433499300, "inventory": 518544000, "otherCurrentAssets": 32123700, "totalCurrentAssets": 998175000, "longTermInvestments": 860000, "propertyPlantEquipment": 806409000, "intangibleAssets": 2917000, "otherAssets": 55889000, "totalAssets": 1864250000, "accountsPayable": 316508000, "shortLongTermDebt": 83718000, "otherCurrentLiab": 43105000, "longTermDebt": 325280000, "otherLiab": 34048000, "totalCurrentLiabilities": 929705000, "totalLiab": 1289033000, "commonStock": 50765000, "retainedEarnings": 480518000, "treasuryStock": 25997000, "capitalSurplus": 17937000, "otherStockholderEquity": 25997000, "totalStockholderEquity": 575217000, "netTangibleAssets": 572300000}, {"maxAge": 1, "endDate": "2018-03-31", "cash": 18285000, "netReceivables": 288148000, "inventory": 366651000, "otherCurrentAssets": 57012000, "totalCurrentAssets": 731271000, "longTermInvestments": 860000, "propertyPlantEquipment": 612207000, "intangibleAssets": 3109000, "otherAssets": 27646000, "totalAssets": 1375093000, "accountsPayable": 202058000, "shortLongTermDebt": 44759000, "otherCurrentLiab": 32096000, "longTermDebt": 246015000, "otherLiab": 23598000, "totalCurrentLiabilities": 593045000, "totalLiab": 862658000, "commonStock": 50765000, "retainedEarnings": 417706000, "treasuryStock": 26027000, "capitalSurplus": 17937000, "otherStockholderEquity": 26027000, "totalStockholderEquity": 512435000, "netTangibleAssets": 509326000}, {"maxAge": 1, "endDate": "2017-03-31", "cash": 12100000, "netReceivables": 184700000, "inventory": 200700000, "otherCurrentAssets": 45800000, "totalCurrentAssets": 444100000, "longTermInvestments": 900000, "propertyPlantEquipment": 510500000, "intangibleAssets": 900000, "otherAssets": 15600000, "totalAssets": 972000000, "accountsPayable": 106500000, "shortLongTermDebt": 41800000, "otherCurrentLiab": 27000000, "longTermDebt": 157500000, "otherLiab": 17500000, "totalCurrentLiabilities": 367900000, "totalLiab": 542900000, "commonStock": 25400000, "retainedEarnings": 334400000, "treasuryStock": 26000000, "capitalSurplus": 43300000, "otherStockholderEquity": 26000000, "totalStockholderEquity": 429100000, "netTangibleAssets": 428200000}], "maxAge": 86400}, "earningsTrend": {"trend": [{"maxAge": 1, "period": "0q", "endDate": "2018-09-30", "growth": {}, "earningsEstimate": {"avg": 0.0, "low": 0.0, "high": 0.0, "yearAgoEps": {}, "numberOfAnalysts": 0, "growth": {}}, "revenueEstimate": {"avg": 0, "low": 0, "high": 0, "numberOfAnalysts": 0, "yearAgoRevenue": 487178000, "growth": {}}, "epsTrend": {"current": 0.0, "7daysAgo": 0.0, "30daysAgo": 0.0, "60daysAgo": 0.0, "90daysAgo": 0.0}, "epsRevisions": {"upLast7days": 0, "upLast30days": 0, "downLast30days": 0, "downLast90days": {}}}, {"maxAge": 1, "period": "+1q", "endDate": "2018-12-31", "growth": {}, "earningsEstimate": {"avg": 0.0, "low": 0.0, "high": 0.0, "yearAgoEps": 9.28, "numberOfAnalysts": 0, "growth": {}}, "revenueEstimate": {"avg": 0, "low": 0, "high": 0, "numberOfAnalysts": 0, "yearAgoRevenue": {}, "growth": {}}, "epsTrend": {"current": 0.0, "7daysAgo": 0.0, "30daysAgo": 0.0, "60daysAgo": 0.0, "90daysAgo": 0.0}, "epsRevisions": {"upLast7days": 0, "upLast30days": 0, "downLast30days": 0, "downLast90days": {}}}, {"maxAge": 1, "period": "0y", "endDate": "2019-03-31", "growth": {}, "earningsEstimate": {"avg": 0.0, "low": 0.0, "high": 0.0, "yearAgoEps": {}, "numberOfAnalysts": 0, "growth": {}}, "revenueEstimate": {"avg": 2202290000, "low": 2202290000, "high": 2202290000, "numberOfAnalysts": 1, "yearAgoRevenue": 2039620000, "growth": 0.08}, "epsTrend": {"current": 0.0, "7daysAgo": 19.9, "30daysAgo": 19.9, "60daysAgo": 19.9, "90daysAgo": 19.9}, "epsRevisions": {"upLast7days": 0, "upLast30days": 0, "downLast30days": 0, "downLast90days": {}}}, {"maxAge": 1, "period": "+1y", "endDate": "2020-03-31", "growth": {}, "earningsEstimate": {"avg": 0.0, "low": 0.0, "high": 0.0, "yearAgoEps": {}, "numberOfAnalysts": 0, "growth": {}}, "revenueEstimate": {"avg": 2706980000, "low": 2706980000, "high": 2706980000, "numberOfAnalysts": 1, "yearAgoRevenue": 2202290000, "growth": 0.229}, "epsTrend": {"current": 0.0, "7daysAgo": 22.1, "30daysAgo": 22.1, "60daysAgo": 22.1, "90daysAgo": 22.1}, "epsRevisions": {"upLast7days": 0, "upLast30days": 0, "downLast30days": 0, "downLast90days": {}}}, {"maxAge": 1, "period": "+5y", "endDate": null, "growth": {}, "earningsEstimate": {"avg": {}, "low": {}, "high": {}, "yearAgoEps": {}, "numberOfAnalysts": {}, "growth": {}}, "revenueEstimate": {"avg": {}, "low": {}, "high": {}, "numberOfAnalysts": {}, "yearAgoRevenue": {}, "growth": {}}, "epsTrend": {"current": {}, "7daysAgo": {}, "30daysAgo": {}, "60daysAgo": {}, "90daysAgo": {}}, "epsRevisions": {"upLast7days": {}, "upLast30days": {}, "downLast30days": {}, "downLast90days": {}}}, {"maxAge": 1, "period": "-5y", "endDate": null, "growth": {}, "earningsEstimate": {"avg": {}, "low": {}, "high": {}, "yearAgoEps": {}, "numberOfAnalysts": {}, "growth": {}}, "revenueEstimate": {"avg": {}, "low": {}, "high": {}, "numberOfAnalysts": {}, "yearAgoRevenue": {}, "growth": {}}, "epsTrend": {"current": {}, "7daysAgo": {}, "30daysAgo": {}, "60daysAgo": {}, "90daysAgo": {}}, "epsRevisions": {"upLast7days": {}, "upLast30days": {}, "downLast30days": {}, "downLast90days": {}}}], "maxAge": 1}, "financialData": {"maxAge": 86400, "currentPrice": 143.8, "recommendationKey": "none", "grossProfits": 1080308000, "financialCurrency": "INR"}}}