{"TALBROAUTO.BO": {"recommendationTrend": {"trend": [{"period": "0m", "strongBuy": 0, "buy": 0, "hold": 0, "sell": 0, "strongSell": 0}, {"period": "-1m", "strongBuy": 0, "buy": 0, "hold": 0, "sell": 0, "strongSell": 0}, {"period": "-2m", "strongBuy": 0, "buy": 0, "hold": 0, "sell": 0, "strongSell": 0}, {"period": "-3m", "strongBuy": 0, "buy": 0, "hold": 0, "sell": 0, "strongSell": 0}], "maxAge": 86400}, "cashflowStatementHistory": {"cashflowStatements": [{"maxAge": 1, "endDate": "2020-03-31", "netIncome": 121996000, "depreciation": 185462000, "changeToNetincome": 52581000, "changeToAccountReceivables": 119683000, "changeToLiabilities": -141669000, "changeToInventory": 25765000, "totalCashFromOperatingActivities": 370061000, "capitalExpenditures": -228843000, "investments": 27062000, "otherCashflowsFromInvestingActivities": 38495000, "totalCashflowsFromInvestingActivities": -145500000, "dividendsPaid": -26758000, "netBorrowings": -18078000, "otherCashflowsFromFinancingActivities": -165815000, "totalCashFromFinancingActivities": -210651000, "changeInCash": 13910000}, {"maxAge": 1, "endDate": "2019-03-31", "netIncome": 263779000, "depreciation": 176459000, "changeToNetincome": 91190000, "changeToAccountReceivables": -176363000, "changeToLiabilities": -181015000, "changeToInventory": -12743000, "totalCashFromOperatingActivities": 163860000, "capitalExpenditures": -418291000, "investments": -10344000, "otherCashflowsFromInvestingActivities": 58652000, "totalCashflowsFromInvestingActivities": -355321000, "dividendsPaid": -22064000, "netBorrowings": 359458000, "otherCashflowsFromFinancingActivities": -154891000, "totalCashFromFinancingActivities": 182503000, "changeInCash": -8958000}, {"maxAge": 1, "endDate": "2018-03-31", "netIncome": 228956000, "depreciation": 140923000, "changeToNetincome": 47657000, "changeToAccountReceivables": -391994000, "changeToLiabilities": 418802000, "changeToInventory": -104904000, "totalCashFromOperatingActivities": 340462000, "capitalExpenditures": -266832000, "investments": -23111000, "otherCashflowsFromInvestingActivities": 46229000, "totalCashflowsFromInvestingActivities": -194668000, "dividendsPaid": -21777000, "netBorrowings": 9869000, "otherCashflowsFromFinancingActivities": -136854000, "totalCashFromFinancingActivities": -148762000, "changeInCash": -2968000}, {"maxAge": 1, "endDate": "2017-03-31", "netIncome": 122239000, "depreciation": 122797000, "changeToNetincome": 110515000, "changeToAccountReceivables": -85379000, "changeToLiabilities": 59812000, "changeToInventory": 45644000, "totalCashFromOperatingActivities": 375970000, "capitalExpenditures": -175197000, "investments": -514000, "otherCashflowsFromInvestingActivities": 32279000, "totalCashflowsFromInvestingActivities": -125581000, "dividendsPaid": -22082000, "netBorrowings": -51715000, "otherCashflowsFromFinancingActivities": -152429000, "totalCashFromFinancingActivities": -226226000, "changeInCash": 24163000}], "maxAge": 86400}, "institutionOwnership": {"ownershipList": [], "maxAge": 1}, "balanceSheetHistoryQuarterly": {"balanceSheetStatements": [{"maxAge": 1, "endDate": "2020-06-30", "totalStockholderEquity": 1979185000, "netTangibleAssets": 1964218000}, {"maxAge": 1, "endDate": "2020-03-31", "cash": 37094000, "shortTermInvestments": 6777000, "netReceivables": 1322909000, "inventory": 1079464000, "otherCurrentAssets": 196250000, "totalCurrentAssets": 2648960000, "longTermInvestments": 528378000, "propertyPlantEquipment": 1498318000, "intangibleAssets": 14967000, "otherAssets": 107905000, "totalAssets": 4798528000, "accountsPayable": 1056002000, "shortLongTermDebt": 122584000, "otherCurrentLiab": 66759000, "longTermDebt": 201071000, "otherLiab": 69374000, "totalCurrentLiabilities": 2548141000, "totalLiab": 2819343000, "commonStock": 123456000, "retainedEarnings": 1384678000, "treasuryStock": 3221000, "capitalSurplus": 467830000, "otherStockholderEquity": 3221000, "totalStockholderEquity": 1979185000, "netTangibleAssets": 1964218000}, {"maxAge": 1, "endDate": "2019-12-31", "totalStockholderEquity": 1966424000, "netTangibleAssets": 1948081000}, {"maxAge": 1, "endDate": "2019-09-30", "cash": 79731000, "shortTermInvestments": 22103000, "netReceivables": 1252014000, "inventory": 1073831000, "otherCurrentAssets": 186800000, "totalCurrentAssets": 2614479000, "longTermInvestments": 541978000, "propertyPlantEquipment": 1514533000, "intangibleAssets": 18343000, "otherAssets": 93164000, "totalAssets": 4782497000, "accountsPayable": 953060000, "otherCurrentLiab": 316840000, "longTermDebt": 229487000, "otherLiab": 51016000, "totalCurrentLiabilities": 2535570000, "totalLiab": 2816073000, "commonStock": 123456000, "treasuryStock": 1842968000, "otherStockholderEquity": 1842968000, "totalStockholderEquity": 1966424000, "netTangibleAssets": 1948081000}], "maxAge": 86400}, "earningsHistory": {"history": [{"maxAge": 1, "epsActual": {}, "epsEstimate": {}, "epsDifference": {}, "surprisePercent": {}, "quarter": {}, "period": "-4q"}, {"maxAge": 1, "epsActual": 3.63, "epsEstimate": 2.97, "epsDifference": 0.66, "surprisePercent": 0.222, "quarter": "2016-12-31", "period": "-3q"}, {"maxAge": 1, "epsActual": 3.29, "epsEstimate": 3.75, "epsDifference": -0.46, "surprisePercent": -0.123, "quarter": "2017-03-31", "period": "-2q"}, {"maxAge": 1, "epsActual": 4.59, "epsEstimate": 4.51, "epsDifference": 0.08, "surprisePercent": 0.018, "quarter": "2017-12-31", "period": "-1q"}], "maxAge": 86400}, "indexTrend": {"maxAge": 1, "symbol": "SP5", "peRatio": 19.7411, "pegRatio": 1.34172, "estimates": [{"period": "0q", "growth": 0.549}, {"period": "+1q", "growth": 0.431}, {"period": "0y", "growth": 0.305}, {"period": "+1y", "growth": 0.109}, {"period": "+5y", "growth": 0.120865}, {"period": "-5y"}]}, "industryTrend": {"maxAge": 1, "symbol": null, "estimates": []}, "insiderTransactions": {"transactions": [{"maxAge": 1, "shares": 9299, "filerUrl": "", "transactionText": "", "filerName": "Qh Talbros Ltd", "filerRelation": "Promoter", "moneyText": "", "startDate": "2019-12-05", "ownership": "D"}, {"maxAge": 1, "shares": 37600, "filerUrl": "", "transactionText": "", "filerName": "Talwar (Naresh)", "filerRelation": "Non Executive Chairman", "moneyText": "", "startDate": "2019-11-22", "ownership": "D"}, {"maxAge": 1, "shares": 390267, "filerUrl": "", "transactionText": "", "filerName": "Talwar (Shashi)", "filerRelation": "Promoter", "moneyText": "", "startDate": "2015-04-28", "ownership": "D"}, {"maxAge": 1, "shares": 75000, "filerUrl": "", "transactionText": "", "filerName": "Talwar (Nakul)", "filerRelation": "Promoter", "moneyText": "", "startDate": "2015-04-28", "ownership": "D"}, {"maxAge": 1, "shares": 46000, "filerUrl": "", "transactionText": "", "filerName": "Talwar (Shashi)", "filerRelation": "Promoter", "moneyText": "", "startDate": "2014-04-10", "ownership": "D"}, {"maxAge": 1, "shares": 37500, "filerUrl": "", "transactionText": "", "filerName": "Talwar (Nakul)", "filerRelation": "Promoter", "moneyText": "", "startDate": "2014-04-10", "ownership": "D"}, {"maxAge": 1, "shares": 45430, "filerUrl": "", "transactionText": "", "filerName": "Talwar (Shashi)", "filerRelation": "Promoter", "moneyText": "", "startDate": "2013-10-16", "ownership": "D"}, {"maxAge": 1, "shares": 37760, "filerUrl": "", "transactionText": "", "filerName": "Talwar (Nakul)", "filerRelation": "Promoter", "moneyText": "", "startDate": "2013-10-16", "ownership": "D"}, {"maxAge": 1, "shares": 63369, "filerUrl": "", "transactionText": "", "filerName": "Talwar (Nikhil)", "filerRelation": "Promoter", "moneyText": "", "startDate": "2013-04-09", "ownership": "D"}, {"maxAge": 1, "shares": 37552, "filerUrl": "", "transactionText": "", "filerName": "Talwar (Nakul)", "filerRelation": "Promoter", "moneyText": "", "startDate": "2013-04-08", "ownership": "D"}, {"maxAge": 1, "shares": 45180, "filerUrl": "", "transactionText": "", "filerName": "Talwar (Shashi)", "filerRelation": "Promoter", "moneyText": "", "startDate": "2013-04-08", "ownership": "D"}, {"maxAge": 1, "shares": 287500, "filerUrl": "", "transactionText": "", "filerName": "Burman (Asha)", "filerRelation": "Promoter", "moneyText": "", "startDate": "2013-03-19", "ownership": "D"}, {"maxAge": 1, "shares": 115000, "filerUrl": "", "transactionText": "", "filerName": "Talwar (Umesh)", "filerRelation": "Executive Vice Chairman", "moneyText": "", "startDate": "2013-03-19", "ownership": "D"}, {"maxAge": 1, "shares": 172500, "filerUrl": "", "transactionText": "", "filerName": "Talwar (Naresh)", "filerRelation": "Non Executive Chairman", "moneyText": "", "startDate": "2013-03-19", "ownership": "D"}], "maxAge": 1}, "quoteType": {"exchange": "BSE", "quoteType": "EQUITY", "symbol": "TALBROAUTO.BO", "underlyingSymbol": "TALBROAUTO.BO", "shortName": "TALBROS AUTOMOTIVE COMPONENTS", "longName": "Talbros Automotive Components Limited", "firstTradeDateEpochUtc": "2000-08-03 09:15:00", "timeZoneFullName": "Asia/Kolkata", "timeZoneShortName": "IST", "uuid": "ddd113e4-4674-3be3-a83d-a3a2a7e0b6e8", "gmtOffSetMilliseconds": 19800000, "maxAge": 1}, "incomeStatementHistory": {"incomeStatementHistory": [{"maxAge": 1, "endDate": "2020-03-31", "totalRevenue": 3861903000, "costOfRevenue": 2100585000, "grossProfit": 1761318000, "researchDevelopment": {}, "sellingGeneralAdministrative": 582254000, "nonRecurring": {}, "otherOperatingExpenses": 778255000, "totalOperatingExpenses": 3652799000, "operatingIncome": 209104000, "totalOtherIncomeExpenseNet": -73882000, "ebit": 209104000, "interestExpense": -152308000, "incomeBeforeTax": 135222000, "incomeTaxExpense": 13226000, "minorityInterest": {}, "netIncomeFromContinuingOps": 121996000, "discontinuedOperations": {}, "extraordinaryItems": {}, "effectOfAccountingCharges": {}, "otherItems": {}, "netIncome": 121996000, "netIncomeApplicableToCommonShares": 121996000}, {"maxAge": 1, "endDate": "2019-03-31", "totalRevenue": 4838743000, "costOfRevenue": 2799559000, "grossProfit": 2039184000, "researchDevelopment": {}, "sellingGeneralAdministrative": 624070000, "nonRecurring": {}, "otherOperatingExpenses": 881350000, "totalOperatingExpenses": 4483991000, "operatingIncome": 354752000, "totalOtherIncomeExpenseNet": -13371000, "ebit": 354752000, "interestExpense": -144542000, "incomeBeforeTax": 341381000, "incomeTaxExpense": 77602000, "minorityInterest": {}, "netIncomeFromContinuingOps": 263779000, "discontinuedOperations": {}, "extraordinaryItems": {}, "effectOfAccountingCharges": {}, "otherItems": {}, "netIncome": 263779000, "netIncomeApplicableToCommonShares": 263779000}, {"maxAge": 1, "endDate": "2018-03-31", "totalRevenue": 3939677000, "costOfRevenue": 2291208000, "grossProfit": 1648469000, "researchDevelopment": {}, "sellingGeneralAdministrative": 543084000, "nonRecurring": {}, "otherOperatingExpenses": 670689000, "totalOperatingExpenses": 3646926000, "operatingIncome": 292751000, "totalOtherIncomeExpenseNet": -12148000, "ebit": 292751000, "interestExpense": -127640000, "incomeBeforeTax": 280603000, "incomeTaxExpense": 51647000, "minorityInterest": {}, "netIncomeFromContinuingOps": 228956000, "discontinuedOperations": {}, "extraordinaryItems": {}, "effectOfAccountingCharges": {}, "otherItems": {}, "netIncome": 228956000, "netIncomeApplicableToCommonShares": 228956000}, {"maxAge": 1, "endDate": "2017-03-31", "totalRevenue": 3260252000, "costOfRevenue": 1859400000, "grossProfit": 1400852000, "researchDevelopment": {}, "sellingGeneralAdministrative": 507075000, "nonRecurring": {}, "otherOperatingExpenses": 556302000, "totalOperatingExpenses": 3045456000, "operatingIncome": 214796000, "totalOtherIncomeExpenseNet": -71097000, "ebit": 214796000, "interestExpense": -144372000, "incomeBeforeTax": 143699000, "incomeTaxExpense": 21460000, "minorityInterest": {}, "netIncomeFromContinuingOps": 122239000, "discontinuedOperations": {}, "extraordinaryItems": {}, "effectOfAccountingCharges": {}, "otherItems": {}, "netIncome": 122239000, "netIncomeApplicableToCommonShares": 122239000}], "maxAge": 86400}, "fundOwnership": {"ownershipList": [], "maxAge": 1}, "summaryDetail": {"maxAge": 1, "priceHint": 2, "previousClose": 213.75, "open": 213.95, "dayLow": 203.7, "dayHigh": 215.0, "regularMarketPreviousClose": 213.75, "regularMarketOpen": 213.95, "regularMarketDayLow": 203.7, "regularMarketDayHigh": 215.0, "forwardPE": 11.791667, "volume": 5517, "regularMarketVolume": 5517, "averageVolume": 5871, "averageVolume10days": 1524, "averageDailyVolume10Day": 1524, "bid": 210.0, "ask": 215.0, "bidSize": 0, "askSize": 0, "marketCap": 2620353536, "fiftyTwoWeekLow": 62.05, "fiftyTwoWeekHigh": 215.0, "fiftyDayAverage": 160.82272, "twoHundredDayAverage": 129.79265, "trailingAnnualDividendRate": 0.5, "trailingAnnualDividendYield": 0.0023391813, "currency": "INR", "fromCurrency": null, "lastMarket": null, "algorithm": null, "tradeable": false}, "sectorTrend": {"maxAge": 1, "symbol": null, "estimates": []}, "incomeStatementHistoryQuarterly": {"incomeStatementHistory": [{"maxAge": 1, "endDate": "2020-06-30", "totalRevenue": 487912000, "costOfRevenue": 283805000, "grossProfit": 204107000, "researchDevelopment": {}, "sellingGeneralAdministrative": 94478000, "nonRecurring": {}, "otherOperatingExpenses": 108451000, "totalOperatingExpenses": 532281000, "operatingIncome": -44369000, "totalOtherIncomeExpenseNet": -47194000, "ebit": -44369000, "interestExpense": -37410000, "incomeBeforeTax": -91563000, "incomeTaxExpense": -2992000, "minorityInterest": {}, "netIncomeFromContinuingOps": -88571000, "discontinuedOperations": {}, "extraordinaryItems": {}, "effectOfAccountingCharges": {}, "otherItems": {}, "netIncome": -88571000, "netIncomeApplicableToCommonShares": -88571000}, {"maxAge": 1, "endDate": "2020-03-31", "totalRevenue": 925353000, "costOfRevenue": 529293000, "grossProfit": 396060000, "researchDevelopment": {}, "sellingGeneralAdministrative": 155776000, "nonRecurring": {}, "otherOperatingExpenses": 132704000, "totalOperatingExpenses": 868613000, "operatingIncome": 56740000, "totalOtherIncomeExpenseNet": -61620000, "ebit": 56740000, "interestExpense": -28571000, "incomeBeforeTax": -4880000, "incomeTaxExpense": -7627000, "minorityInterest": {}, "netIncomeFromContinuingOps": 2747000, "discontinuedOperations": {}, "extraordinaryItems": {}, "effectOfAccountingCharges": {}, "otherItems": {}, "netIncome": 2747000, "netIncomeApplicableToCommonShares": 2747000}, {"maxAge": 1, "endDate": "2019-12-31", "totalRevenue": 954278000, "costOfRevenue": 494248000, "grossProfit": 460030000, "researchDevelopment": {}, "sellingGeneralAdministrative": 138577000, "nonRecurring": {}, "otherOperatingExpenses": 224179000, "totalOperatingExpenses": 903514000, "operatingIncome": 50764000, "totalOtherIncomeExpenseNet": -1005000, "ebit": 50764000, "interestExpense": -42186000, "incomeBeforeTax": 49759000, "incomeTaxExpense": 6552000, "minorityInterest": {}, "netIncomeFromContinuingOps": 43207000, "discontinuedOperations": {}, "extraordinaryItems": {}, "effectOfAccountingCharges": {}, "otherItems": {}, "netIncome": 43207000, "netIncomeApplicableToCommonShares": 43207000}, {"maxAge": 1, "endDate": "2019-09-30", "totalRevenue": 907498000, "costOfRevenue": 490486000, "grossProfit": 417012000, "researchDevelopment": {}, "sellingGeneralAdministrative": 140828000, "nonRecurring": {}, "otherOperatingExpenses": 187402000, "totalOperatingExpenses": 866919000, "operatingIncome": 40579000, "totalOtherIncomeExpenseNet": -6599000, "ebit": 40579000, "interestExpense": -41402000, "incomeBeforeTax": 33980000, "incomeTaxExpense": 3922000, "minorityInterest": {}, "netIncomeFromContinuingOps": 30058000, "discontinuedOperations": {}, "extraordinaryItems": {}, "effectOfAccountingCharges": {}, "otherItems": {}, "netIncome": 30058000, "netIncomeApplicableToCommonShares": 30058000}], "maxAge": 86400}, "cashflowStatementHistoryQuarterly": {"cashflowStatements": [{"maxAge": 1, "endDate": "2020-06-30", "netIncome": -88571000, "changeToLiabilities": 0}, {"maxAge": 1, "endDate": "2020-03-31", "netIncome": 2747000, "changeToLiabilities": 0}, {"maxAge": 1, "endDate": "2019-12-31", "netIncome": 43207000, "changeToLiabilities": 0}, {"maxAge": 1, "endDate": "2019-09-30", "netIncome": 30058000, "changeToLiabilities": 0}], "maxAge": 86400}, "insiderHolders": {"holders": [{"maxAge": 1, "name": "Burman (Asha)", "relation": "Promoter", "url": "", "transactionDescription": "Sale", "latestTransDate": "2013-03-19", "positionDirect": 43347, "positionDirectDate": "2013-03-19"}, {"maxAge": 1, "name": "Qh Talbros Ltd", "relation": "Promoter", "url": "", "transactionDescription": "Acquisition", "latestTransDate": "2019-12-05", "positionDirect": 5187735, "positionDirectDate": "2019-12-05"}, {"maxAge": 1, "name": "Talwar (Nakul)", "relation": "Promoter", "url": "", "transactionDescription": "Sale", "latestTransDate": "2015-04-28", "positionDirect": 154901, "positionDirectDate": "2015-04-28"}, {"maxAge": 1, "name": "Talwar (Naresh)", "relation": "Non Executive Chairman", "url": "", "transactionDescription": "Acquisition", "latestTransDate": "2019-11-22", "positionDirect": 459899, "positionDirectDate": "2019-11-22"}, {"maxAge": 1, "name": "Talwar (Nikhil)", "relation": "Promoter", "url": "", "transactionDescription": "Sale", "latestTransDate": "2013-04-09", "positionDirect": 546267, "positionDirectDate": "2013-04-09"}, {"maxAge": 1, "name": "Talwar (Shashi)", "relation": "Promoter", "url": "", "transactionDescription": "Sale", "latestTransDate": "2015-04-28", "positionDirect": 539122, "positionDirectDate": "2015-04-28"}, {"maxAge": 1, "name": "Talwar (Umesh)", "relation": "Executive Vice Chairman", "url": "", "transactionDescription": "Acquisition", "latestTransDate": "2013-03-19", "positionDirect": 431906, "positionDirectDate": "2013-03-19"}], "maxAge": 1}, "earnings": {"maxAge": 86400, "earningsChart": {"quarterly": [{"date": "4Q2016", "actual": 3.63, "estimate": 2.97}, {"date": "1Q2017", "actual": 3.29, "estimate": 3.75}, {"date": "4Q2017", "actual": 4.59, "estimate": 4.51}], "currentQuarterEstimateDate": "1Q", "currentQuarterEstimateYear": 2018, "earningsDate": []}, "financialsChart": {"yearly": [{"date": 2017, "revenue": 3260252000, "earnings": 122239000}, {"date": 2018, "revenue": 3939677000, "earnings": 228956000}, {"date": 2019, "revenue": 4838743000, "earnings": 263779000}, {"date": 2020, "revenue": 3861903000, "earnings": 121996000}], "quarterly": [{"date": "3Q2019", "revenue": 907498000, "earnings": 30058000}, {"date": "4Q2019", "revenue": 954278000, "earnings": 43207000}, {"date": "1Q2020", "revenue": 925353000, "earnings": 2747000}, {"date": "2Q2020", "revenue": 487912000, "earnings": -88571000}]}, "financialCurrency": "INR"}, "calendarEvents": {"maxAge": 1, "earnings": {"earningsDate": [], "revenueAverage": 1101660000}}, "upgradeDowngradeHistory": {"history": [], "maxAge": 86400}, "price": {"maxAge": 1, "regularMarketChangePercent": -0.007017544, "regularMarketChange": -1.5, "regularMarketTime": "2021-04-30 15:29:15", "priceHint": 2, "regularMarketPrice": 212.25, "regularMarketDayHigh": 215.0, "regularMarketDayLow": 203.7, "regularMarketVolume": 5517, "averageDailyVolume10Day": 1524, "averageDailyVolume3Month": 5871, "regularMarketPreviousClose": 213.75, "regularMarketSource": "FREE_REALTIME", "regularMarketOpen": 213.95, "exchange": "BSE", "exchangeName": "BSE", "exchangeDataDelayedBy": 0, "marketState": "CLOSED", "quoteType": "EQUITY", "symbol": "TALBROAUTO.BO", "underlyingSymbol": null, "shortName": "TALBROS AUTOMOTIVE COMPONENTS", "longName": "Talbros Automotive Components Limited", "currency": "INR", "quoteSourceName": "Delayed Quote", "currencySymbol": "\u20b9", "fromCurrency": null, "lastMarket": null, "marketCap": 2620353536}, "balanceSheetHistory": {"balanceSheetStatements": [{"maxAge": 1, "endDate": "2020-03-31", "cash": 37094000, "shortTermInvestments": 6777000, "netReceivables": 1322909000, "inventory": 1079464000, "otherCurrentAssets": 196250000, "totalCurrentAssets": 2648960000, "longTermInvestments": 528378000, "propertyPlantEquipment": 1498318000, "intangibleAssets": 14967000, "otherAssets": 107905000, "totalAssets": 4798528000, "accountsPayable": 1056002000, "shortLongTermDebt": 122584000, "otherCurrentLiab": 66759000, "longTermDebt": 201071000, "otherLiab": 69374000, "totalCurrentLiabilities": 2548141000, "totalLiab": 2819343000, "commonStock": 123456000, "retainedEarnings": 1384678000, "treasuryStock": 3221000, "capitalSurplus": 467830000, "otherStockholderEquity": 3221000, "totalStockholderEquity": 1979185000, "netTangibleAssets": 1964218000}, {"maxAge": 1, "endDate": "2019-03-31", "cash": 23184000, "shortTermInvestments": 9570000, "netReceivables": 1416435000, "inventory": 1105229000, "otherCurrentAssets": 241317000, "totalCurrentAssets": 2803758000, "longTermInvestments": 607480000, "propertyPlantEquipment": 1461584000, "intangibleAssets": 13033000, "otherAssets": 90555000, "totalAssets": 4976410000, "accountsPayable": 1172639000, "shortLongTermDebt": 175769000, "otherCurrentLiab": 72048000, "longTermDebt": 252345000, "otherLiab": 74131000, "totalCurrentLiabilities": 2662231000, "totalLiab": 2988707000, "commonStock": 123456000, "retainedEarnings": 1290766000, "treasuryStock": 105651000, "capitalSurplus": 467830000, "otherStockholderEquity": 105651000, "totalStockholderEquity": 1987703000, "netTangibleAssets": 1974670000}, {"maxAge": 1, "endDate": "2018-03-31", "cash": 32142000, "shortTermInvestments": 9000000, "netReceivables": 1313431000, "inventory": 1092486000, "otherCurrentAssets": 221584000, "totalCurrentAssets": 2675934000, "longTermInvestments": 632219000, "propertyPlantEquipment": 1267675000, "intangibleAssets": 13256000, "otherAssets": 61283000, "totalAssets": 4650367000, "accountsPayable": 1372363000, "shortLongTermDebt": 69955000, "otherCurrentLiab": 53405000, "longTermDebt": 155300000, "otherLiab": 77088000, "totalCurrentLiabilities": 2623898000, "totalLiab": 2856286000, "commonStock": 123456000, "retainedEarnings": 1052764000, "treasuryStock": 150031000, "capitalSurplus": 467830000, "otherStockholderEquity": 150031000, "totalStockholderEquity": 1794081000, "netTangibleAssets": 1780825000}, {"maxAge": 1, "endDate": "2017-03-31", "cash": 36828000, "shortTermInvestments": 5847000, "netReceivables": 968245000, "inventory": 987582000, "otherCurrentAssets": 152522000, "totalCurrentAssets": 2157938000, "longTermInvestments": 536860000, "propertyPlantEquipment": 1162554000, "intangibleAssets": 10943000, "otherAssets": 64250000, "totalAssets": 3932545000, "accountsPayable": 931030000, "shortLongTermDebt": 79253000, "otherCurrentLiab": 53711000, "longTermDebt": 166254000, "otherLiab": 58773000, "totalCurrentLiabilities": 2152704000, "totalLiab": 2377731000, "commonStock": 123456000, "retainedEarnings": 850696000, "treasuryStock": 112832000, "capitalSurplus": 467830000, "otherStockholderEquity": 112832000, "totalStockholderEquity": 1554814000, "netTangibleAssets": 1543871000}], "maxAge": 86400}, "earningsTrend": {"trend": [{"maxAge": 1, "period": "0q", "endDate": "2018-03-31", "growth": {}, "earningsEstimate": {"avg": 0.0, "low": 0.0, "high": 0.0, "yearAgoEps": {}, "numberOfAnalysts": 0, "growth": {}}, "revenueEstimate": {"avg": 1101660000, "low": 0, "high": 0, "numberOfAnalysts": 0, "yearAgoRevenue": 1124220000, "growth": -0.02}, "epsTrend": {"current": 0.0, "7daysAgo": 0.0, "30daysAgo": 0.0, "60daysAgo": 0.0, "90daysAgo": 0.0}, "epsRevisions": {"upLast7days": 0, "upLast30days": 0, "downLast30days": 0, "downLast90days": {}}}, {"maxAge": 1, "period": "+1q", "endDate": "2018-06-30", "growth": {}, "earningsEstimate": {"avg": 0.0, "low": 0.0, "high": 0.0, "yearAgoEps": 3.63, "numberOfAnalysts": 0, "growth": {}}, "revenueEstimate": {"avg": 1240590000, "low": 0, "high": 0, "numberOfAnalysts": 0, "yearAgoRevenue": 885966000, "growth": 0.4}, "epsTrend": {"current": 0.0, "7daysAgo": 0.0, "30daysAgo": 0.0, "60daysAgo": 0.0, "90daysAgo": 0.0}, "epsRevisions": {"upLast7days": 0, "upLast30days": 0, "downLast30days": 0, "downLast90days": {}}}, {"maxAge": 1, "period": "0y", "endDate": "2018-03-31", "growth": {}, "earningsEstimate": {"avg": 0.0, "low": 0.0, "high": 0.0, "yearAgoEps": {}, "numberOfAnalysts": 0, "growth": {}}, "revenueEstimate": {"avg": 3929750000, "low": 3644000000, "high": 4101720000, "numberOfAnalysts": 2, "yearAgoRevenue": 4281350000, "growth": -0.081999995}, "epsTrend": {"current": 0.0, "7daysAgo": 16.5, "30daysAgo": 16.5, "60daysAgo": 16.5, "90daysAgo": 16.5}, "epsRevisions": {"upLast7days": 0, "upLast30days": 0, "downLast30days": 0, "downLast90days": {}}}, {"maxAge": 1, "period": "+1y", "endDate": "2019-03-31", "growth": {}, "earningsEstimate": {"avg": 0.0, "low": 0.0, "high": 0.0, "yearAgoEps": {}, "numberOfAnalysts": 0, "growth": {}}, "revenueEstimate": {"avg": 4616070000, "low": 4616070000, "high": 4616070000, "numberOfAnalysts": 1, "yearAgoRevenue": 3929750000, "growth": 0.175}, "epsTrend": {"current": 0.0, "7daysAgo": 21.04, "30daysAgo": 21.04, "60daysAgo": 21.04, "90daysAgo": 21.04}, "epsRevisions": {"upLast7days": 0, "upLast30days": 0, "downLast30days": 0, "downLast90days": {}}}, {"maxAge": 1, "period": "+5y", "endDate": null, "growth": {}, "earningsEstimate": {"avg": {}, "low": {}, "high": {}, "yearAgoEps": {}, "numberOfAnalysts": {}, "growth": {}}, "revenueEstimate": {"avg": {}, "low": {}, "high": {}, "numberOfAnalysts": {}, "yearAgoRevenue": {}, "growth": {}}, "epsTrend": {"current": {}, "7daysAgo": {}, "30daysAgo": {}, "60daysAgo": {}, "90daysAgo": {}}, "epsRevisions": {"upLast7days": {}, "upLast30days": {}, "downLast30days": {}, "downLast90days": {}}}, {"maxAge": 1, "period": "-5y", "endDate": null, "growth": {}, "earningsEstimate": {"avg": {}, "low": {}, "high": {}, "yearAgoEps": {}, "numberOfAnalysts": {}, "growth": {}}, "revenueEstimate": {"avg": {}, "low": {}, "high": {}, "numberOfAnalysts": {}, "yearAgoRevenue": {}, "growth": {}}, "epsTrend": {"current": {}, "7daysAgo": {}, "30daysAgo": {}, "60daysAgo": {}, "90daysAgo": {}}, "epsRevisions": {"upLast7days": {}, "upLast30days": {}, "downLast30days": {}, "downLast90days": {}}}], "maxAge": 1}, "financialData": {"maxAge": 86400, "currentPrice": 212.25, "targetHighPrice": 353.0, "targetLowPrice": 353.0, "targetMeanPrice": 353.0, "targetMedianPrice": 353.0, "recommendationKey": "none", "numberOfAnalystOpinions": 1, "grossProfits": 1761318000, "financialCurrency": "INR"}}}