{"TAMBOLI.BO": {"cashflowStatementHistory": {"cashflowStatements": [{"maxAge": 1, "endDate": "2020-03-31", "netIncome": 40516000, "depreciation": 29733000, "changeToNetincome": -3282000, "changeToAccountReceivables": 32877000, "changeToLiabilities": 5631000, "changeToInventory": -38335000, "changeToOperatingActivities": -50390000, "totalCashFromOperatingActivities": 16750000, "capitalExpenditures": -51551000, "totalCashflowsFromInvestingActivities": -51307000, "dividendsPaid": -6889000, "netBorrowings": -15879000, "otherCashflowsFromFinancingActivities": -3852000, "totalCashFromFinancingActivities": -26620000, "changeInCash": -61177000}, {"maxAge": 1, "endDate": "2019-03-31", "netIncome": 69627000, "depreciation": 33412000, "changeToNetincome": 5006000, "changeToAccountReceivables": 2195000, "changeToLiabilities": -12464000, "changeToInventory": -40254000, "changeToOperatingActivities": 37129000, "totalCashFromOperatingActivities": 94651000, "capitalExpenditures": -9273000, "totalCashflowsFromInvestingActivities": -9172000, "dividendsPaid": -6749000, "netBorrowings": -8685000, "otherCashflowsFromFinancingActivities": -6005000, "totalCashFromFinancingActivities": -21439000, "changeInCash": 64040000}, {"maxAge": 1, "endDate": "2018-03-31", "netIncome": 69969000, "depreciation": 34256000, "changeToNetincome": 9232000, "changeToAccountReceivables": -59980000, "changeToLiabilities": 21028000, "changeToInventory": 16833000, "changeToOperatingActivities": 37129000, "totalCashFromOperatingActivities": 91338000, "capitalExpenditures": -53914000, "totalCashflowsFromInvestingActivities": -53563000, "dividendsPaid": -6812000, "netBorrowings": -8829000, "otherCashflowsFromFinancingActivities": -5714000, "totalCashFromFinancingActivities": -21355000, "changeInCash": 16420000}, {"maxAge": 1, "endDate": "2017-03-31", "netIncome": 70426330, "depreciation": 33479216, "changeToNetincome": 3753034, "changeToAccountReceivables": 33752811, "changeToLiabilities": -18716289, "changeToInventory": -7973149, "changeToOperatingActivities": 37129000, "totalCashFromOperatingActivities": 114721953, "capitalExpenditures": -39864809, "totalCashflowsFromInvestingActivities": -39864809, "dividendsPaid": -67187, "netBorrowings": 23669420, "otherCashflowsFromFinancingActivities": -4282782, "totalCashFromFinancingActivities": 19319451, "changeInCash": 94176595}], "maxAge": 86400}, "institutionOwnership": {"maxAge": 1, "ownershipList": []}, "balanceSheetHistoryQuarterly": {"balanceSheetStatements": [{"maxAge": 1, "endDate": "2020-06-30", "totalStockholderEquity": 727713000, "netTangibleAssets": 727713000}, {"maxAge": 1, "endDate": "2020-03-31", "cash": 76139000, "shortTermInvestments": 84886000, "netReceivables": 197990000, "inventory": 164158000, "otherCurrentAssets": 7988000, "totalCurrentAssets": 534190000, "longTermInvestments": 164331000, "propertyPlantEquipment": 228576000, "otherAssets": 3849000, "totalAssets": 930946000, "accountsPayable": 17912000, "shortLongTermDebt": 19554000, "otherCurrentLiab": 136550000, "longTermDebt": 10422000, "otherLiab": 4262000, "totalCurrentLiabilities": 188547000, "totalLiab": 203231000, "commonStock": 99200000, "retainedEarnings": 629085000, "treasuryStock": -570000, "otherStockholderEquity": -570000, "totalStockholderEquity": 727715000, "netTangibleAssets": 727715000}, {"maxAge": 1, "endDate": "2019-12-31", "totalStockholderEquity": 707823000, "netTangibleAssets": 707823000}, {"maxAge": 1, "endDate": "2019-09-30", "cash": 178618000, "shortTermInvestments": 8829000, "netReceivables": 120236000, "inventory": 154835000, "totalCurrentAssets": 462518000, "longTermInvestments": 164689000, "propertyPlantEquipment": 195110000, "otherAssets": 8620000, "totalAssets": 830937000, "accountsPayable": 14095000, "shortLongTermDebt": 4645000, "otherCurrentLiab": 86171000, "longTermDebt": 11694000, "otherLiab": 3113000, "totalCurrentLiabilities": 108307000, "totalLiab": 123114000, "commonStock": 99200000, "treasuryStock": 608623000, "otherStockholderEquity": 608623000, "totalStockholderEquity": 707823000, "netTangibleAssets": 707823000}], "maxAge": 86400}, "indexTrend": {"maxAge": 1, "symbol": "SP5", "peRatio": 19.7411, "pegRatio": 1.34172, "estimates": [{"period": "0q", "growth": 0.549}, {"period": "+1q", "growth": 0.431}, {"period": "0y", "growth": 0.305}, {"period": "+1y", "growth": 0.109}, {"period": "+5y", "growth": 0.120859005}, {"period": "-5y"}]}, "insiderTransactions": {"transactions": [{"maxAge": 1, "shares": 400, "filerUrl": "", "transactionText": "", "filerName": "Tamboli (Julieben Mehulkumar)", "filerRelation": "Promoter", "moneyText": "", "startDate": "2020-02-07", "ownership": "D"}, {"maxAge": 1, "shares": 53200, "filerUrl": "", "transactionText": "", "filerName": "Tamboli (Julieben Mehulkumar)", "filerRelation": "Promoter", "moneyText": "", "startDate": "2020-01-24", "ownership": "D"}, {"maxAge": 1, "shares": 53200, "filerUrl": "", "transactionText": "", "filerName": "Tamboli (Mehulkumar Bipinchandra)", "filerRelation": "Promoter", "moneyText": "", "startDate": "2020-01-24", "ownership": "D"}, {"maxAge": 1, "shares": 3028944, "filerUrl": "", "transactionText": "", "filerName": "Tamboli (Bipin Fulchand)", "filerRelation": "Chairman of the Board", "moneyText": "", "startDate": "2018-12-11", "ownership": "D"}, {"maxAge": 1, "shares": 3028944, "filerUrl": "", "transactionText": "", "filerName": "Tamboli (Vaibhav Bipinchandra)", "filerRelation": "Wholetime Director", "moneyText": "", "startDate": "2018-12-11", "ownership": "D"}], "maxAge": 1}, "quoteType": {"exchange": "BSE", "quoteType": "EQUITY", "symbol": "TAMBOLI.BO", "underlyingSymbol": "TAMBOLI.BO", "shortName": "TAMBOLI CAPITAL LTD.", "longName": "Tamboli Capital Limited", "firstTradeDateEpochUtc": "2002-01-07 09:15:00", "timeZoneFullName": "Asia/Kolkata", "timeZoneShortName": "IST", "uuid": "a69b0150-68d6-3e1c-a74e-eb8f8be9028e", "messageBoardId": null, "gmtOffSetMilliseconds": 19800000, "maxAge": 1}, "incomeStatementHistory": {"incomeStatementHistory": [{"maxAge": 1, "endDate": "2020-03-31", "totalRevenue": 521572000, "costOfRevenue": 46450000, "grossProfit": 475122000, "researchDevelopment": {}, "sellingGeneralAdministrative": 91949000, "nonRecurring": {}, "otherOperatingExpenses": 309731000, "totalOperatingExpenses": 477863000, "operatingIncome": 43709000, "totalOtherIncomeExpenseNet": 10475000, "ebit": 43709000, "interestExpense": -3852000, "incomeBeforeTax": 54184000, "incomeTaxExpense": 13668000, "minorityInterest": {}, "netIncomeFromContinuingOps": 40516000, "discontinuedOperations": {}, "extraordinaryItems": {}, "effectOfAccountingCharges": {}, "otherItems": {}, "netIncome": 40516000, "netIncomeApplicableToCommonShares": 40516000}, {"maxAge": 1, "endDate": "2019-03-31", "totalRevenue": 541288000, "costOfRevenue": 44966000, "grossProfit": 496322000, "researchDevelopment": {}, "sellingGeneralAdministrative": 87855000, "nonRecurring": {}, "otherOperatingExpenses": 276794000, "totalOperatingExpenses": 443027000, "operatingIncome": 98261000, "totalOtherIncomeExpenseNet": -1530000, "ebit": 98261000, "interestExpense": -6005000, "incomeBeforeTax": 96731000, "incomeTaxExpense": 27104000, "minorityInterest": {}, "netIncomeFromContinuingOps": 69627000, "discontinuedOperations": {}, "extraordinaryItems": {}, "effectOfAccountingCharges": {}, "otherItems": {}, "netIncome": 69627000, "netIncomeApplicableToCommonShares": 69627000}, {"maxAge": 1, "endDate": "2018-03-31", "totalRevenue": 558377000, "costOfRevenue": 75086000, "grossProfit": 483291000, "researchDevelopment": {}, "sellingGeneralAdministrative": 89977000, "nonRecurring": {}, "otherOperatingExpenses": 246740000, "totalOperatingExpenses": 446059000, "operatingIncome": 112318000, "totalOtherIncomeExpenseNet": -6788000, "ebit": 112318000, "interestExpense": -5715000, "incomeBeforeTax": 105530000, "incomeTaxExpense": 35561000, "minorityInterest": {}, "netIncomeFromContinuingOps": 69969000, "discontinuedOperations": {}, "extraordinaryItems": {}, "effectOfAccountingCharges": {}, "otherItems": {}, "netIncome": 69969000, "netIncomeApplicableToCommonShares": 69969000}, {"maxAge": 1, "endDate": "2017-03-31", "totalRevenue": 552511546, "costOfRevenue": 67267003, "grossProfit": 485244543, "researchDevelopment": {}, "sellingGeneralAdministrative": 83314950, "nonRecurring": {}, "otherOperatingExpenses": 256877912, "totalOperatingExpenses": 440984031, "operatingIncome": 111527515, "totalOtherIncomeExpenseNet": -5377702, "ebit": 111527515, "interestExpense": -4282782, "incomeBeforeTax": 106149813, "incomeTaxExpense": 35723483, "minorityInterest": {}, "netIncomeFromContinuingOps": 70426330, "discontinuedOperations": {}, "extraordinaryItems": {}, "effectOfAccountingCharges": {}, "otherItems": {}, "netIncome": 70426330, "netIncomeApplicableToCommonShares": 70426330}], "maxAge": 86400}, "fundOwnership": {"maxAge": 1, "ownershipList": []}, "summaryDetail": {"maxAge": 1, "priceHint": 2, "previousClose": 50.0, "open": 50.0, "dayLow": 47.8, "dayHigh": 51.0, "regularMarketPreviousClose": 50.0, "regularMarketOpen": 50.0, "regularMarketDayLow": 47.8, "regularMarketDayHigh": 51.0, "trailingPE": 12.761929, "volume": 1172, "regularMarketVolume": 1172, "averageVolume": 5867, "averageVolume10days": 13380, "averageDailyVolume10Day": 13380, "bid": 48.0, "ask": 50.75, "marketCap": 501456000, "fiftyTwoWeekLow": 24.55, "fiftyTwoWeekHigh": 59.7, "fiftyDayAverage": 40.521427, "twoHundredDayAverage": 35.067154, "trailingAnnualDividendRate": 0.5, "trailingAnnualDividendYield": 0.01, "currency": "INR", "fromCurrency": null, "toCurrency": null, "lastMarket": null, "algorithm": null, "tradeable": false}, "incomeStatementHistoryQuarterly": {"incomeStatementHistory": [{"maxAge": 1, "endDate": "2020-06-30", "totalRevenue": 107568000, "costOfRevenue": 57556000, "grossProfit": 50012000, "researchDevelopment": {}, "sellingGeneralAdministrative": 19646000, "nonRecurring": {}, "otherOperatingExpenses": 13672000, "totalOperatingExpenses": 98096000, "operatingIncome": 9472000, "totalOtherIncomeExpenseNet": -1009000, "ebit": 9472000, "interestExpense": -1009000, "incomeBeforeTax": 8463000, "incomeTaxExpense": 2142000, "minorityInterest": {}, "netIncomeFromContinuingOps": 6321000, "discontinuedOperations": {}, "extraordinaryItems": {}, "effectOfAccountingCharges": {}, "otherItems": {}, "netIncome": 6321000, "netIncomeApplicableToCommonShares": 6321000}, {"maxAge": 1, "endDate": "2020-03-31", "totalRevenue": 109365000, "costOfRevenue": -154515000, "grossProfit": 263880000, "researchDevelopment": {}, "sellingGeneralAdministrative": 21361000, "nonRecurring": {}, "otherOperatingExpenses": 253560000, "totalOperatingExpenses": 127955000, "operatingIncome": -18590000, "totalOtherIncomeExpenseNet": 13524000, "ebit": -18590000, "interestExpense": -803000, "incomeBeforeTax": -5066000, "incomeTaxExpense": -1082000, "minorityInterest": {}, "netIncomeFromContinuingOps": -3984000, "discontinuedOperations": {}, "extraordinaryItems": {}, "effectOfAccountingCharges": {}, "otherItems": {}, "netIncome": -3984000, "netIncomeApplicableToCommonShares": -3984000}, {"maxAge": 1, "endDate": "2019-12-31", "totalRevenue": 150125000, "costOfRevenue": 66130000, "grossProfit": 83995000, "researchDevelopment": {}, "sellingGeneralAdministrative": 25165000, "nonRecurring": {}, "otherOperatingExpenses": 18203000, "totalOperatingExpenses": 116085000, "operatingIncome": 34040000, "totalOtherIncomeExpenseNet": -899000, "ebit": 34040000, "interestExpense": -899000, "incomeBeforeTax": 33141000, "incomeTaxExpense": 8654000, "minorityInterest": {}, "netIncomeFromContinuingOps": 24487000, "discontinuedOperations": {}, "extraordinaryItems": {}, "effectOfAccountingCharges": {}, "otherItems": {}, "netIncome": 24487000, "netIncomeApplicableToCommonShares": 24487000}, {"maxAge": 1, "endDate": "2019-09-30", "totalRevenue": 132344000, "costOfRevenue": 66075000, "grossProfit": 66269000, "researchDevelopment": {}, "sellingGeneralAdministrative": 23801000, "nonRecurring": {}, "otherOperatingExpenses": 17998000, "totalOperatingExpenses": 115696000, "operatingIncome": 16648000, "totalOtherIncomeExpenseNet": -949000, "ebit": 16648000, "interestExpense": -949000, "incomeBeforeTax": 15699000, "incomeTaxExpense": 3190000, "minorityInterest": {}, "netIncomeFromContinuingOps": 12509000, "discontinuedOperations": {}, "extraordinaryItems": {}, "effectOfAccountingCharges": {}, "otherItems": {}, "netIncome": 12509000, "netIncomeApplicableToCommonShares": 12509000}], "maxAge": 86400}, "cashflowStatementHistoryQuarterly": {"cashflowStatements": [{"maxAge": 1, "endDate": "2020-06-30", "netIncome": 6321000, "changeToLiabilities": 0}, {"maxAge": 1, "endDate": "2020-03-31", "netIncome": -3984000, "changeToLiabilities": 0}, {"maxAge": 1, "endDate": "2019-12-31", "netIncome": 24487000, "changeToLiabilities": 0}, {"maxAge": 1, "endDate": "2019-09-30", "netIncome": 12509000, "changeToLiabilities": 0}], "maxAge": 86400}, "insiderHolders": {"holders": [{"maxAge": 1, "name": "Tamboli (Bipin Fulchand)", "relation": "Chairman of the Board", "url": "", "transactionDescription": "Other", "latestTransDate": "2018-12-11", "positionDirect": 0, "positionDirectDate": "2018-12-11"}, {"maxAge": 1, "name": "Tamboli (Julieben Mehulkumar)", "relation": "Promoter", "url": "", "transactionDescription": "Sale", "latestTransDate": "2020-02-07", "positionDirect": 0, "positionDirectDate": "2020-02-07"}, {"maxAge": 1, "name": "Tamboli (Mehulkumar Bipinchandra)", "relation": "Promoter", "url": "", "transactionDescription": "Other", "latestTransDate": "2020-01-24", "positionDirect": 483008, "positionDirectDate": "2020-01-24"}, {"maxAge": 1, "name": "Tamboli (Vaibhav Bipinchandra)", "relation": "Wholetime Director", "url": "", "transactionDescription": "Other", "latestTransDate": "2018-12-11", "positionDirect": 3450352, "positionDirectDate": "2018-12-11"}], "maxAge": 1}, "calendarEvents": {"maxAge": 1, "earnings": {"earningsDate": ["2020-08-10 05:30:S"]}}, "price": {"maxAge": 1, "regularMarketChangePercent": 0.010999985, "regularMarketChange": 0.54999924, "regularMarketTime": "2021-04-30 15:25:05", "priceHint": 2, "regularMarketPrice": 50.55, "regularMarketDayHigh": 51.0, "regularMarketDayLow": 47.8, "regularMarketVolume": 1172, "averageDailyVolume10Day": 13380, "averageDailyVolume3Month": 5867, "regularMarketPreviousClose": 50.0, "regularMarketSource": "FREE_REALTIME", "regularMarketOpen": 50.0, "exchange": "BSE", "exchangeName": "BSE", "exchangeDataDelayedBy": 0, "marketState": "CLOSED", "quoteType": "EQUITY", "symbol": "TAMBOLI.BO", "underlyingSymbol": null, "shortName": "TAMBOLI CAPITAL LTD.", "longName": "Tamboli Capital Limited", "currency": "INR", "quoteSourceName": "Delayed Quote", "currencySymbol": "\u20b9", "fromCurrency": null, "toCurrency": null, "lastMarket": null, "marketCap": 501456000}, "balanceSheetHistory": {"balanceSheetStatements": [{"maxAge": 1, "endDate": "2020-03-31", "cash": 76139000, "shortTermInvestments": 84886000, "netReceivables": 197990000, "inventory": 164158000, "otherCurrentAssets": 7988000, "totalCurrentAssets": 534190000, "longTermInvestments": 164331000, "propertyPlantEquipment": 228576000, "otherAssets": 3849000, "totalAssets": 930946000, "accountsPayable": 17912000, "shortLongTermDebt": 19554000, "otherCurrentLiab": 136550000, "longTermDebt": 10422000, "otherLiab": 4262000, "totalCurrentLiabilities": 188547000, "totalLiab": 203231000, "commonStock": 99200000, "retainedEarnings": 629085000, "treasuryStock": -570000, "otherStockholderEquity": -570000, "totalStockholderEquity": 727715000, "netTangibleAssets": 727715000}, {"maxAge": 1, "endDate": "2019-03-31", "cash": 137316000, "shortTermInvestments": 83223000, "netReceivables": 251376000, "inventory": 125823000, "otherCurrentAssets": 5232000, "totalCurrentAssets": 607579000, "longTermInvestments": 113222000, "propertyPlantEquipment": 206972000, "otherAssets": 3539000, "totalAssets": 931312000, "accountsPayable": 28869000, "shortLongTermDebt": 20376000, "otherCurrentLiab": 137499000, "longTermDebt": 21580000, "otherLiab": 4203000, "totalCurrentLiabilities": 208757000, "totalLiab": 234540000, "commonStock": 99200000, "retainedEarnings": 597421000, "treasuryStock": 151000, "otherStockholderEquity": 151000, "totalStockholderEquity": 696772000, "netTangibleAssets": 696772000}, {"maxAge": 1, "endDate": "2018-03-31", "cash": 239853000, "netReceivables": 184847000, "inventory": 85569000, "otherCurrentAssets": 5992000, "totalCurrentAssets": 519214000, "longTermInvestments": 110000, "propertyPlantEquipment": 231237000, "otherAssets": 5479000, "totalAssets": 756040000, "accountsPayable": 32292000, "shortLongTermDebt": 20376000, "otherCurrentLiab": 13310000, "longTermDebt": 30962000, "otherLiab": 5830000, "totalCurrentLiabilities": 79645000, "totalLiab": 116437000, "commonStock": 99200000, "retainedEarnings": 539903000, "treasuryStock": 500000, "otherStockholderEquity": 500000, "totalStockholderEquity": 639603000, "netTangibleAssets": 639603000}, {"maxAge": 1, "endDate": "2017-03-31", "cash": 220211021, "netReceivables": 127271273, "inventory": 102402352, "otherCurrentAssets": 11384092, "totalCurrentAssets": 465012604, "longTermInvestments": 110000, "propertyPlantEquipment": 212120740, "otherAssets": 4225499, "totalAssets": 681468843, "accountsPayable": 17002842, "shortLongTermDebt": 12372000, "otherCurrentLiab": 15512352, "longTermDebt": 33441341, "otherLiab": 4893709, "totalCurrentLiabilities": 64666238, "totalLiab": 103001288, "commonStock": 99200000, "retainedEarnings": 478767555, "treasuryStock": 500000, "otherStockholderEquity": 500000, "totalStockholderEquity": 578467555, "netTangibleAssets": 578467555}], "maxAge": 86400}, "financialData": {"maxAge": 86400, "currentPrice": 50.55, "recommendationKey": "none", "grossProfits": 475122000, "financialCurrency": "INR"}}}