{"TANFACIND.BO": {"cashflowStatementHistory": {"cashflowStatements": [{"maxAge": 1, "endDate": "2020-03-31", "netIncome": 169743000, "depreciation": 46375000, "changeToNetincome": 8206000, "changeToAccountReceivables": 98286000, "changeToLiabilities": -236672000, "changeToInventory": 132198000, "totalCashFromOperatingActivities": 218136000, "capitalExpenditures": -104623000, "investments": 9171000, "otherCashflowsFromInvestingActivities": 836000, "totalCashflowsFromInvestingActivities": -94610000, "netBorrowings": -58074000, "otherCashflowsFromFinancingActivities": -15529000, "totalCashFromFinancingActivities": -123603000, "changeInCash": -77000}, {"maxAge": 1, "endDate": "2019-03-31", "netIncome": 359677000, "depreciation": 79937000, "changeToNetincome": 11077000, "changeToAccountReceivables": -222533000, "changeToLiabilities": 271158000, "changeToInventory": -130731000, "totalCashFromOperatingActivities": 368876000, "capitalExpenditures": -22009000, "investments": -9109000, "otherCashflowsFromInvestingActivities": 1071000, "totalCashflowsFromInvestingActivities": -29358000, "netBorrowings": -305682000, "otherCashflowsFromFinancingActivities": -33832000, "totalCashFromFinancingActivities": -339514000, "changeInCash": 4000}, {"maxAge": 1, "endDate": "2018-03-31", "netIncome": 96779000, "depreciation": 49402000, "changeToNetincome": 79384000, "changeToAccountReceivables": -47359000, "changeToLiabilities": 60669000, "changeToInventory": -65094000, "totalCashFromOperatingActivities": 173781000, "capitalExpenditures": -7959000, "investments": -337000, "otherCashflowsFromInvestingActivities": 813000, "totalCashflowsFromInvestingActivities": -7482000, "netBorrowings": -110062000, "otherCashflowsFromFinancingActivities": -59776000, "totalCashFromFinancingActivities": -169838000, "changeInCash": -3538000}, {"maxAge": 1, "endDate": "2017-03-31", "netIncome": 32929000, "depreciation": 47334000, "changeToNetincome": 76619000, "changeToAccountReceivables": 38298000, "changeToLiabilities": -102274000, "changeToInventory": 66216000, "totalCashFromOperatingActivities": 159122000, "capitalExpenditures": -8802000, "investments": -337000, "otherCashflowsFromInvestingActivities": 2000, "totalCashflowsFromInvestingActivities": -8309000, "netBorrowings": -82218000, "otherCashflowsFromFinancingActivities": -65930000, "totalCashFromFinancingActivities": -148148000, "changeInCash": 2665000}], "maxAge": 86400}, "institutionOwnership": {"maxAge": 1, "ownershipList": []}, "balanceSheetHistoryQuarterly": {"balanceSheetStatements": [{"maxAge": 1, "endDate": "2020-06-30", "totalStockholderEquity": 651971000, "netTangibleAssets": 651971000}, {"maxAge": 1, "endDate": "2020-03-31", "cash": 6000, "shortTermInvestments": 275000, "netReceivables": 200406000, "inventory": 169868000, "otherCurrentAssets": 93881000, "totalCurrentAssets": 467126000, "longTermInvestments": 9825000, "propertyPlantEquipment": 392327000, "otherAssets": 21964000, "totalAssets": 891242000, "accountsPayable": 106985000, "otherCurrentLiab": 11255000, "otherLiab": 53434000, "totalCurrentLiabilities": 185837000, "totalLiab": 239271000, "commonStock": 99750000, "retainedEarnings": 497173000, "treasuryStock": 54830000, "capitalSurplus": 218000, "otherStockholderEquity": 54830000, "totalStockholderEquity": 651971000, "netTangibleAssets": 651971000}, {"maxAge": 1, "endDate": "2019-12-31", "totalStockholderEquity": 576897000, "netTangibleAssets": 576897000}, {"maxAge": 1, "endDate": "2019-09-30", "cash": 333000, "netReceivables": 224246000, "inventory": 284454000, "otherCurrentAssets": 286862000, "totalCurrentAssets": 795895000, "longTermInvestments": 13669000, "propertyPlantEquipment": 355899000, "otherAssets": 6250000, "totalAssets": 1171713000, "accountsPayable": 205669000, "otherCurrentLiab": 269789000, "longTermDebt": 5947000, "otherLiab": 62909000, "totalCurrentLiabilities": 525960000, "totalLiab": 594816000, "commonStock": 99750000, "treasuryStock": 477147000, "otherStockholderEquity": 477147000, "totalStockholderEquity": 576897000, "netTangibleAssets": 576897000}], "maxAge": 86400}, "indexTrend": {"maxAge": 1, "symbol": "SP5", "peRatio": 19.7411, "pegRatio": 1.34172, "estimates": [{"period": "0q", "growth": 0.549}, {"period": "+1q", "growth": 0.431}, {"period": "0y", "growth": 0.305}, {"period": "+1y", "growth": 0.109}, {"period": "+5y", "growth": 0.120859005}, {"period": "-5y"}]}, "quoteType": {"exchange": "BSE", "quoteType": "EQUITY", "symbol": "TANFACIND.BO", "underlyingSymbol": "TANFACIND.BO", "shortName": "TANFAC INDUSTRIES LTD.", "longName": "Tanfac Industries Limited", "firstTradeDateEpochUtc": "2001-12-31 09:15:00", "timeZoneFullName": "Asia/Kolkata", "timeZoneShortName": "IST", "uuid": "8cfd27c3-b10d-300d-ab5f-cef93ef09796", "messageBoardId": null, "gmtOffSetMilliseconds": 19800000, "maxAge": 1}, "incomeStatementHistory": {"incomeStatementHistory": [{"maxAge": 1, "endDate": "2020-03-31", "totalRevenue": 1653772000, "costOfRevenue": 1078353000, "grossProfit": 575419000, "researchDevelopment": {}, "sellingGeneralAdministrative": 123214000, "nonRecurring": {}, "otherOperatingExpenses": 176151000, "totalOperatingExpenses": 1424055000, "operatingIncome": 229717000, "totalOtherIncomeExpenseNet": -13487000, "ebit": 229717000, "interestExpense": -3671000, "incomeBeforeTax": 216230000, "incomeTaxExpense": 46487000, "minorityInterest": {}, "netIncomeFromContinuingOps": 169743000, "discontinuedOperations": {}, "extraordinaryItems": {}, "effectOfAccountingCharges": {}, "otherItems": {}, "netIncome": 169743000, "netIncomeApplicableToCommonShares": 169743000}, {"maxAge": 1, "endDate": "2019-03-31", "totalRevenue": 2217228000, "costOfRevenue": 1379610000, "grossProfit": 837618000, "researchDevelopment": {}, "sellingGeneralAdministrative": 118328000, "nonRecurring": {}, "otherOperatingExpenses": 191511000, "totalOperatingExpenses": 1769677000, "operatingIncome": 447551000, "totalOtherIncomeExpenseNet": -31220000, "ebit": 447551000, "interestExpense": -18313000, "incomeBeforeTax": 416331000, "incomeTaxExpense": 56654000, "minorityInterest": {}, "netIncomeFromContinuingOps": 359677000, "discontinuedOperations": {}, "extraordinaryItems": {}, "effectOfAccountingCharges": {}, "otherItems": {}, "netIncome": 359677000, "netIncomeApplicableToCommonShares": 359677000}, {"maxAge": 1, "endDate": "2018-03-31", "totalRevenue": 1618772000, "costOfRevenue": 1116403000, "grossProfit": 502369000, "researchDevelopment": {}, "sellingGeneralAdministrative": 115942000, "nonRecurring": {}, "otherOperatingExpenses": 177933000, "totalOperatingExpenses": 1459642000, "operatingIncome": 159130000, "totalOtherIncomeExpenseNet": -61177000, "ebit": 159130000, "interestExpense": -45708000, "incomeBeforeTax": 97953000, "incomeTaxExpense": 1174000, "minorityInterest": {}, "netIncomeFromContinuingOps": 96779000, "discontinuedOperations": {}, "extraordinaryItems": {}, "effectOfAccountingCharges": {}, "otherItems": {}, "netIncome": 96779000, "netIncomeApplicableToCommonShares": 96779000}, {"maxAge": 1, "endDate": "2017-03-31", "totalRevenue": 1263911000, "costOfRevenue": 694255000, "grossProfit": 569656000, "researchDevelopment": {}, "sellingGeneralAdministrative": 113241000, "nonRecurring": {}, "otherOperatingExpenses": 317213000, "totalOperatingExpenses": 1172043000, "operatingIncome": 91868000, "totalOtherIncomeExpenseNet": -58939000, "ebit": 91868000, "interestExpense": -54136000, "incomeBeforeTax": 32929000, "incomeTaxExpense": 0, "minorityInterest": {}, "netIncomeFromContinuingOps": 32929000, "discontinuedOperations": {}, "extraordinaryItems": {}, "effectOfAccountingCharges": {}, "otherItems": {}, "netIncome": 32929000, "netIncomeApplicableToCommonShares": 32929000}], "maxAge": 86400}, "fundOwnership": {"maxAge": 1, "ownershipList": []}, "summaryDetail": {"maxAge": 1, "priceHint": 2, "previousClose": 261.75, "open": 261.75, "dayLow": 260.0, "dayHigh": 270.7, "regularMarketPreviousClose": 261.75, "regularMarketOpen": 261.75, "regularMarketDayLow": 260.0, "regularMarketDayHigh": 270.7, "trailingPE": 22.736996, "volume": 12618, "regularMarketVolume": 12618, "averageVolume": 27913, "averageVolume10days": 69975, "averageDailyVolume10Day": 69975, "bid": 260.0, "ask": 268.4, "bidSize": 0, "askSize": 0, "marketCap": 2650856192, "fiftyTwoWeekLow": 63.5, "fiftyTwoWeekHigh": 310.0, "fiftyDayAverage": 213.30714, "twoHundredDayAverage": 189.4989, "currency": "INR", "fromCurrency": null, "toCurrency": null, "lastMarket": null, "algorithm": null, "tradeable": false}, "incomeStatementHistoryQuarterly": {"incomeStatementHistory": [{"maxAge": 1, "endDate": "2020-06-30", "totalRevenue": 277456000, "costOfRevenue": 163472000, "grossProfit": 113984000, "researchDevelopment": {}, "sellingGeneralAdministrative": 29640000, "nonRecurring": {}, "otherOperatingExpenses": 33171000, "totalOperatingExpenses": 237137000, "operatingIncome": 40319000, "totalOtherIncomeExpenseNet": -377000, "ebit": 40319000, "interestExpense": -377000, "incomeBeforeTax": 39942000, "incomeTaxExpense": 14126000, "minorityInterest": {}, "netIncomeFromContinuingOps": 25816000, "discontinuedOperations": {}, "extraordinaryItems": {}, "effectOfAccountingCharges": {}, "otherItems": {}, "netIncome": 25816000, "netIncomeApplicableToCommonShares": 25816000}, {"maxAge": 1, "endDate": "2020-03-31", "totalRevenue": 328149000, "costOfRevenue": 257869000, "grossProfit": 70280000, "researchDevelopment": {}, "sellingGeneralAdministrative": 34512000, "nonRecurring": {}, "otherOperatingExpenses": -7250000, "totalOperatingExpenses": 295244000, "operatingIncome": 32905000, "totalOtherIncomeExpenseNet": -6783000, "ebit": 32905000, "interestExpense": -377000, "incomeBeforeTax": 26122000, "incomeTaxExpense": -10330000, "minorityInterest": {}, "netIncomeFromContinuingOps": 36452000, "discontinuedOperations": {}, "extraordinaryItems": {}, "effectOfAccountingCharges": {}, "otherItems": {}, "netIncome": 36452000, "netIncomeApplicableToCommonShares": 36452000}, {"maxAge": 1, "endDate": "2019-12-31", "totalRevenue": 380859000, "costOfRevenue": 232445000, "grossProfit": 148414000, "researchDevelopment": {}, "sellingGeneralAdministrative": 29843000, "nonRecurring": {}, "otherOperatingExpenses": 52838000, "totalOperatingExpenses": 327683000, "operatingIncome": 53176000, "totalOtherIncomeExpenseNet": -2052000, "ebit": 53176000, "interestExpense": -2052000, "incomeBeforeTax": 51124000, "incomeTaxExpense": 12662000, "minorityInterest": {}, "netIncomeFromContinuingOps": 38462000, "discontinuedOperations": {}, "extraordinaryItems": {}, "effectOfAccountingCharges": {}, "otherItems": {}, "netIncome": 38462000, "netIncomeApplicableToCommonShares": 38462000}, {"maxAge": 1, "endDate": "2019-09-30", "totalRevenue": 364792000, "costOfRevenue": 233165000, "grossProfit": 131627000, "researchDevelopment": {}, "sellingGeneralAdministrative": 27505000, "nonRecurring": {}, "otherOperatingExpenses": 61233000, "totalOperatingExpenses": 334002000, "operatingIncome": 30790000, "totalOtherIncomeExpenseNet": -1880000, "ebit": 30790000, "interestExpense": -1880000, "incomeBeforeTax": 28910000, "incomeTaxExpense": 13105000, "minorityInterest": {}, "netIncomeFromContinuingOps": 15805000, "discontinuedOperations": {}, "extraordinaryItems": {}, "effectOfAccountingCharges": {}, "otherItems": {}, "netIncome": 15805000, "netIncomeApplicableToCommonShares": 15805000}], "maxAge": 86400}, "cashflowStatementHistoryQuarterly": {"cashflowStatements": [{"maxAge": 1, "endDate": "2020-06-30", "netIncome": 25816000, "changeToLiabilities": 0}, {"maxAge": 1, "endDate": "2020-03-31", "netIncome": 36452000, "changeToLiabilities": 0}, {"maxAge": 1, "endDate": "2019-12-31", "netIncome": 38462000, "changeToLiabilities": 0}, {"maxAge": 1, "endDate": "2019-09-30", "netIncome": 15805000, "changeToLiabilities": 0}], "maxAge": 86400}, "insiderHolders": {"holders": [], "maxAge": 1}, "calendarEvents": {"maxAge": 1, "earnings": {"earningsDate": []}}, "price": {"maxAge": 1, "regularMarketChangePercent": 0.015281757, "regularMarketChange": 4.0, "regularMarketTime": "2021-04-30 15:29:59", "priceHint": 2, "regularMarketPrice": 265.75, "regularMarketDayHigh": 270.7, "regularMarketDayLow": 260.0, "regularMarketVolume": 12618, "averageDailyVolume10Day": 69975, "averageDailyVolume3Month": 27913, "regularMarketPreviousClose": 261.75, "regularMarketSource": "FREE_REALTIME", "regularMarketOpen": 261.75, "exchange": "BSE", "exchangeName": "BSE", "exchangeDataDelayedBy": 0, "marketState": "CLOSED", "quoteType": "EQUITY", "symbol": "TANFACIND.BO", "underlyingSymbol": null, "shortName": "TANFAC INDUSTRIES LTD.", "longName": "Tanfac Industries Limited", "currency": "INR", "quoteSourceName": "Delayed Quote", "currencySymbol": "\u20b9", "fromCurrency": null, "toCurrency": null, "lastMarket": null, "marketCap": 2650856192}, "balanceSheetHistory": {"balanceSheetStatements": [{"maxAge": 1, "endDate": "2020-03-31", "cash": 6000, "shortTermInvestments": 275000, "netReceivables": 200406000, "inventory": 169868000, "otherCurrentAssets": 93881000, "totalCurrentAssets": 467126000, "longTermInvestments": 9825000, "propertyPlantEquipment": 392327000, "otherAssets": 21964000, "totalAssets": 891242000, "accountsPayable": 106985000, "otherCurrentLiab": 11255000, "otherLiab": 53434000, "totalCurrentLiabilities": 185837000, "totalLiab": 239271000, "commonStock": 99750000, "retainedEarnings": 497173000, "treasuryStock": 54830000, "capitalSurplus": 218000, "otherStockholderEquity": 54830000, "totalStockholderEquity": 651971000, "netTangibleAssets": 651971000}, {"maxAge": 1, "endDate": "2019-03-31", "cash": 83000, "shortTermInvestments": 9110000, "netReceivables": 260787000, "inventory": 302875000, "otherCurrentAssets": 122350000, "totalCurrentAssets": 700635000, "longTermInvestments": 8598000, "propertyPlantEquipment": 352264000, "otherAssets": 13106000, "totalAssets": 1074603000, "accountsPayable": 255937000, "otherCurrentLiab": 33317000, "longTermDebt": 55947000, "otherLiab": 61762000, "totalCurrentLiabilities": 476636000, "totalLiab": 594345000, "commonStock": 99750000, "retainedEarnings": 376400000, "treasuryStock": 3890000, "capitalSurplus": 218000, "otherStockholderEquity": 3890000, "totalStockholderEquity": 480258000, "netTangibleAssets": 480258000}, {"maxAge": 1, "endDate": "2018-03-31", "cash": 79000, "netReceivables": 204066000, "inventory": 169044000, "otherCurrentAssets": 45267000, "totalCurrentAssets": 422496000, "longTermInvestments": 7541000, "propertyPlantEquipment": 410613000, "intangibleAssets": 291000, "otherAssets": 14229000, "totalAssets": 855170000, "accountsPayable": 165646000, "otherCurrentLiab": 46988000, "longTermDebt": 66817000, "otherLiab": 6035000, "totalCurrentLiabilities": 655964000, "totalLiab": 728816000, "commonStock": 99750000, "retainedEarnings": 23340000, "treasuryStock": 3046000, "capitalSurplus": 218000, "otherStockholderEquity": 3046000, "totalStockholderEquity": 126354000, "netTangibleAssets": 126063000}, {"maxAge": 1, "endDate": "2017-03-31", "cash": 79000, "netReceivables": 174646000, "inventory": 108450000, "otherCurrentAssets": 8723000, "totalCurrentAssets": 296974000, "longTermInvestments": 7541000, "propertyPlantEquipment": 451886000, "intangibleAssets": 291000, "otherAssets": 14543000, "totalAssets": 771235000, "accountsPayable": 114454000, "otherCurrentLiab": 18209000, "longTermDebt": 61200000, "otherLiab": 6521000, "totalCurrentLiabilities": 670962000, "totalLiab": 738683000, "commonStock": 99750000, "retainedEarnings": -70462000, "treasuryStock": 3046000, "capitalSurplus": 218000, "otherStockholderEquity": 3046000, "totalStockholderEquity": 32552000, "netTangibleAssets": 32261000}], "maxAge": 86400}, "financialData": {"maxAge": 86400, "currentPrice": 265.75, "recommendationKey": "none", "grossProfits": 575419000, "financialCurrency": "INR"}}}