{"TANTIACONS.BO": {"cashflowStatementHistory": {"cashflowStatements": [{"maxAge": 1, "endDate": "2019-03-31", "netIncome": -1895000000, "depreciation": 81700000, "changeToNetincome": 562100000, "changeToAccountReceivables": 36200000, "changeToLiabilities": 25800000, "changeToInventory": 1529800000, "changeToOperatingActivities": -714600000, "totalCashFromOperatingActivities": -374000000, "capitalExpenditures": -59800000, "investments": -26000000, "otherCashflowsFromInvestingActivities": 44300000, "totalCashflowsFromInvestingActivities": 312600000, "dividendsPaid": -100000, "netBorrowings": 361700000, "otherCashflowsFromFinancingActivities": -304600000, "totalCashFromFinancingActivities": 57000000, "changeInCash": -4400000}, {"maxAge": 1, "endDate": "2018-03-31", "netIncome": -194400000, "depreciation": 84200000, "changeToNetincome": 179200000, "changeToAccountReceivables": 296000000, "changeToLiabilities": -88200000, "changeToInventory": -31200000, "changeToOperatingActivities": -195100000, "totalCashFromOperatingActivities": 50600000, "capitalExpenditures": -607800000, "investments": -8300000, "otherCashflowsFromInvestingActivities": 135300000, "totalCashflowsFromInvestingActivities": -413100000, "dividendsPaid": -100000, "netBorrowings": 490900000, "otherCashflowsFromFinancingActivities": -247800000, "totalCashFromFinancingActivities": 243000000, "changeInCash": -119500000}, {"maxAge": 1, "endDate": "2017-03-31", "netIncome": -871800000, "depreciation": 117300000, "changeToNetincome": 888600000, "changeToAccountReceivables": 667700000, "changeToLiabilities": -717700000, "changeToInventory": 70100000, "changeToOperatingActivities": 30400000, "totalCashFromOperatingActivities": 184700000, "capitalExpenditures": -1075200000, "investments": 4000000, "otherCashflowsFromInvestingActivities": 76700000, "totalCashflowsFromInvestingActivities": -488800000, "dividendsPaid": -100000, "netBorrowings": 435500000, "otherCashflowsFromFinancingActivities": -266900000, "totalCashFromFinancingActivities": 379400000, "changeInCash": 75300000, "issuanceOfStock": 210900000}, {"maxAge": 1, "endDate": "2016-03-31", "netIncome": -798100000, "depreciation": 137400000, "changeToNetincome": 540900000, "changeToAccountReceivables": -290500000, "changeToLiabilities": 611100000, "changeToInventory": 8600000, "changeToOperatingActivities": -197700000, "totalCashFromOperatingActivities": 11800000, "capitalExpenditures": -659900000, "investments": 4000000, "otherCashflowsFromInvestingActivities": 11000000, "totalCashflowsFromInvestingActivities": -648300000, "dividendsPaid": -100000, "netBorrowings": 946400000, "otherCashflowsFromFinancingActivities": -237400000, "totalCashFromFinancingActivities": 709000000, "changeInCash": 72500000, "issuanceOfStock": 210900000}], "maxAge": 86400}, "institutionOwnership": {"ownershipList": [], "maxAge": 1}, "balanceSheetHistoryQuarterly": {"balanceSheetStatements": [{"maxAge": 1, "endDate": "2019-12-31"}, {"maxAge": 1, "endDate": "2019-09-30"}, {"maxAge": 1, "endDate": "2019-06-30", "totalStockholderEquity": -635300000, "netTangibleAssets": -638600000}, {"maxAge": 1, "endDate": "2018-12-31"}], "maxAge": 86400}, "indexTrend": {"maxAge": 1, "symbol": "SP5", "peRatio": 19.7411, "pegRatio": 1.34172, "estimates": [{"period": "0q", "growth": 0.549}, {"period": "+1q", "growth": 0.431}, {"period": "0y", "growth": 0.305}, {"period": "+1y", "growth": 0.109}, {"period": "+5y", "growth": 0.120865}, {"period": "-5y"}]}, "insiderTransactions": {"transactions": [{"maxAge": 1, "shares": 2893149, "filerUrl": "", "transactionText": "", "filerName": "Tantia (Rahul)", "filerRelation": "Director (Executive)", "moneyText": "", "startDate": "2016-11-19", "ownership": "D"}, {"maxAge": 1, "shares": 708300, "filerUrl": "", "transactionText": "", "filerName": "Tantia (Harshvardhan)", "filerRelation": "Promoter", "moneyText": "", "startDate": "2013-10-03", "ownership": "D"}, {"maxAge": 1, "shares": 708300, "filerUrl": "", "transactionText": "", "filerName": "Nigolice Trading Pvt. Ltd.", "filerRelation": "Institution- Corporation", "moneyText": "", "startDate": "2013-10-03", "ownership": "D"}, {"maxAge": 1, "shares": 110957, "filerUrl": "", "transactionText": "", "filerName": "Tantia (Harshvardhan)", "filerRelation": "Promoter", "moneyText": "", "startDate": "2013-07-16", "ownership": "D"}, {"maxAge": 1, "shares": 112043, "filerUrl": "", "transactionText": "", "filerName": "Tantia (Harshvardhan)", "filerRelation": "Promoter", "moneyText": "", "startDate": "2013-07-09", "ownership": "D"}, {"maxAge": 1, "shares": 6000, "filerUrl": "", "transactionText": "", "filerName": "Nigolice Trading Pvt. Ltd.", "filerRelation": "Institution- Corporation", "moneyText": "", "startDate": "2013-06-28", "ownership": "D"}, {"maxAge": 1, "shares": 298814, "filerUrl": "", "transactionText": "", "filerName": "Tantia (Ishwari Prasad)", "filerRelation": "Executive Chairman", "moneyText": "", "startDate": "2013-06-28", "ownership": "D"}, {"maxAge": 1, "shares": 298814, "filerUrl": "", "transactionText": "", "filerName": "Tantia (Anita)", "filerRelation": "Promoter", "moneyText": "", "startDate": "2013-06-28", "ownership": "D"}, {"maxAge": 1, "shares": 344800, "filerUrl": "", "transactionText": "", "filerName": "Tantia (Rahul)", "filerRelation": "Director (Executive)", "moneyText": "", "startDate": "2013-06-27", "ownership": "D"}, {"maxAge": 1, "shares": 505986, "filerUrl": "", "transactionText": "", "filerName": "Tantia (Anita)", "filerRelation": "Promoter", "moneyText": "", "startDate": "2013-06-27", "ownership": "D"}, {"maxAge": 1, "shares": 24000, "filerUrl": "", "transactionText": "", "filerName": "Tantia (Ishwari Prasad) HUF", "filerRelation": "Promoter", "moneyText": "", "startDate": "2013-06-26", "ownership": "D"}, {"maxAge": 1, "shares": 185186, "filerUrl": "", "transactionText": "", "filerName": "Tantia (Ishwari Prasad)", "filerRelation": "Executive Chairman", "moneyText": "", "startDate": "2013-06-26", "ownership": "D"}, {"maxAge": 1, "shares": 805950, "filerUrl": "", "transactionText": "", "filerName": "Nigolice Trading Pvt. Ltd.", "filerRelation": "Institution- Corporation", "moneyText": "", "startDate": "2013-06-25", "ownership": "D"}, {"maxAge": 1, "shares": 805950, "filerUrl": "", "transactionText": "", "filerName": "Tantia (Siddhartha)", "filerRelation": "Promoter", "moneyText": "", "startDate": "2013-06-25", "ownership": "D"}, {"maxAge": 1, "shares": 930662, "filerUrl": "", "transactionText": "", "filerName": "Tantia (Laxmi)", "filerRelation": "Promoter", "moneyText": "", "startDate": "2013-06-22", "ownership": "D"}, {"maxAge": 1, "shares": 930662, "filerUrl": "", "transactionText": "", "filerName": "Nigolice Trading Pvt. Ltd.", "filerRelation": "Institution- Corporation", "moneyText": "", "startDate": "2013-06-21", "ownership": "D"}, {"maxAge": 1, "shares": 1113424, "filerUrl": "", "transactionText": "", "filerName": "Tantia (Sarla)", "filerRelation": "Promoter", "moneyText": "", "startDate": "2013-06-20", "ownership": "D"}, {"maxAge": 1, "shares": 1113424, "filerUrl": "", "transactionText": "", "filerName": "Nigolice Trading Pvt. Ltd.", "filerRelation": "Promoter", "moneyText": "", "startDate": "2013-06-20", "ownership": "D"}, {"maxAge": 1, "shares": 160000, "filerUrl": "", "transactionText": "", "filerName": "Tantia (Harshvardhan)", "filerRelation": "Promoter", "moneyText": "", "startDate": "2010-03-29", "ownership": "D"}, {"maxAge": 1, "shares": 1000000, "filerUrl": "", "transactionText": "", "filerName": "Reliance Infrastructure Fund Ltd", "filerRelation": "UNREPORTED", "moneyText": "", "startDate": "2010-01-12", "ownership": "D"}], "maxAge": 1}, "quoteType": {"exchange": "BSE", "quoteType": "EQUITY", "symbol": "TANTIACONS.BO", "underlyingSymbol": "TANTIACONS.BO", "shortName": "TANTIA CONSTRUCTIONS LTD.", "longName": "Tantia Constructions Limited", "firstTradeDateEpochUtc": "2006-04-28 09:15:00", "timeZoneFullName": "Asia/Kolkata", "timeZoneShortName": "IST", "uuid": "5bfe0ff2-6932-3775-91e9-618afe613c6a", "gmtOffSetMilliseconds": 19800000, "maxAge": 1}, "incomeStatementHistory": {"incomeStatementHistory": [{"maxAge": 1, "endDate": "2019-03-31", "totalRevenue": 2179600000, "costOfRevenue": 3011500000, "grossProfit": -831900000, "researchDevelopment": {}, "sellingGeneralAdministrative": 198900000, "nonRecurring": {}, "otherOperatingExpenses": 595400000, "totalOperatingExpenses": 3897200000, "operatingIncome": -1717600000, "totalOtherIncomeExpenseNet": -177400000, "ebit": -1717600000, "interestExpense": -509200000, "incomeBeforeTax": -1895000000, "incomeTaxExpense": 0, "minorityInterest": 200000, "netIncomeFromContinuingOps": -1895000000, "discontinuedOperations": {}, "extraordinaryItems": {}, "effectOfAccountingCharges": {}, "otherItems": {}, "netIncome": -1895000000, "netIncomeApplicableToCommonShares": -1895000000}, {"maxAge": 1, "endDate": "2018-03-31", "totalRevenue": 1867900000, "costOfRevenue": 1498000000, "grossProfit": 369900000, "researchDevelopment": {}, "sellingGeneralAdministrative": 253800000, "nonRecurring": {}, "otherOperatingExpenses": 134500000, "totalOperatingExpenses": 1974400000, "operatingIncome": -106500000, "totalOtherIncomeExpenseNet": -544300000, "ebit": -106500000, "interestExpense": -575900000, "incomeBeforeTax": -650800000, "incomeTaxExpense": -456400000, "minorityInterest": 200000, "netIncomeFromContinuingOps": -194400000, "discontinuedOperations": {}, "extraordinaryItems": {}, "effectOfAccountingCharges": {}, "otherItems": {}, "netIncome": -194400000, "netIncomeApplicableToCommonShares": -194400000}, {"maxAge": 1, "endDate": "2017-03-31", "totalRevenue": 2346000000, "costOfRevenue": 1813300000, "grossProfit": 532700000, "researchDevelopment": {}, "sellingGeneralAdministrative": 318300000, "nonRecurring": {}, "otherOperatingExpenses": 181100000, "totalOperatingExpenses": 2430100000, "operatingIncome": -84100000, "totalOtherIncomeExpenseNet": -802900000, "ebit": -84100000, "interestExpense": -849000000, "incomeBeforeTax": -887000000, "incomeTaxExpense": -15200000, "minorityInterest": 200000, "netIncomeFromContinuingOps": -871800000, "discontinuedOperations": {}, "extraordinaryItems": {}, "effectOfAccountingCharges": {}, "otherItems": {}, "netIncome": -871800000, "netIncomeApplicableToCommonShares": -871800000}, {"maxAge": 1, "endDate": "2016-03-31", "totalRevenue": 3089100000, "costOfRevenue": 2635100000, "grossProfit": 454000000, "researchDevelopment": {}, "sellingGeneralAdministrative": 267000000, "nonRecurring": {}, "otherOperatingExpenses": 148600000, "totalOperatingExpenses": 3216400000, "operatingIncome": -127300000, "totalOtherIncomeExpenseNet": -693200000, "ebit": -127300000, "interestExpense": -696000000, "incomeBeforeTax": -820500000, "incomeTaxExpense": -22400000, "minorityInterest": 200000, "netIncomeFromContinuingOps": -798100000, "discontinuedOperations": {}, "extraordinaryItems": {}, "effectOfAccountingCharges": {}, "otherItems": {}, "netIncome": -798100000, "netIncomeApplicableToCommonShares": -798100000}], "maxAge": 86400}, "fundOwnership": {"ownershipList": [], "maxAge": 1}, "summaryDetail": {"maxAge": 1, "priceHint": 2, "previousClose": 7.23, "open": 7.55, "dayLow": 7.55, "dayHigh": 7.59, "regularMarketPreviousClose": 7.23, "regularMarketOpen": 7.55, "regularMarketDayLow": 7.55, "regularMarketDayHigh": 7.59, "volume": 10304, "regularMarketVolume": 10304, "averageVolume": 1420, "averageVolume10days": 336, "averageDailyVolume10Day": 336, "bid": 7.23, "ask": 0.0, "bidSize": 0, "askSize": 0, "marketCap": 218152544, "fiftyTwoWeekLow": 0.9, "fiftyTwoWeekHigh": 7.59, "fiftyDayAverage": 2.0172727, "twoHundredDayAverage": 1.4489051, "currency": "INR", "fromCurrency": null, "lastMarket": null, "algorithm": null, "tradeable": false}, "incomeStatementHistoryQuarterly": {"incomeStatementHistory": [{"maxAge": 1, "endDate": "2019-12-31", "totalRevenue": 174700000, "costOfRevenue": 246800000, "grossProfit": -72100000, "researchDevelopment": {}, "sellingGeneralAdministrative": 17500000, "nonRecurring": {}, "otherOperatingExpenses": 13700000, "totalOperatingExpenses": 293200000, "operatingIncome": -118500000, "totalOtherIncomeExpenseNet": -15200000, "ebit": -118500000, "interestExpense": -27800000, "incomeBeforeTax": -133700000, "incomeTaxExpense": 100000, "minorityInterest": {}, "netIncomeFromContinuingOps": -133800000, "discontinuedOperations": {}, "extraordinaryItems": {}, "effectOfAccountingCharges": {}, "otherItems": {}, "netIncome": -133800000, "netIncomeApplicableToCommonShares": -133800000}, {"maxAge": 1, "endDate": "2019-09-30", "totalRevenue": 353200000, "costOfRevenue": 321000000, "grossProfit": 32200000, "researchDevelopment": {}, "sellingGeneralAdministrative": 20100000, "nonRecurring": {}, "otherOperatingExpenses": 17100000, "totalOperatingExpenses": 374000000, "operatingIncome": -20800000, "totalOtherIncomeExpenseNet": -5500000, "ebit": -20800000, "interestExpense": -5700000, "incomeBeforeTax": -26300000, "incomeTaxExpense": -5100000, "minorityInterest": {}, "netIncomeFromContinuingOps": -21200000, "discontinuedOperations": {}, "extraordinaryItems": {}, "effectOfAccountingCharges": {}, "otherItems": {}, "netIncome": -21200000, "netIncomeApplicableToCommonShares": -21200000}, {"maxAge": 1, "endDate": "2019-06-30", "totalRevenue": 294200000, "costOfRevenue": 341200000, "grossProfit": -47000000, "researchDevelopment": {}, "sellingGeneralAdministrative": 22400000, "nonRecurring": {}, "otherOperatingExpenses": 17200000, "totalOperatingExpenses": 396700000, "operatingIncome": -102500000, "totalOtherIncomeExpenseNet": -8900000, "ebit": -102500000, "interestExpense": -8700000, "incomeBeforeTax": -111400000, "incomeTaxExpense": -51100000, "minorityInterest": {}, "netIncomeFromContinuingOps": -60300000, "discontinuedOperations": {}, "extraordinaryItems": {}, "effectOfAccountingCharges": {}, "otherItems": {}, "netIncome": -60300000, "netIncomeApplicableToCommonShares": -60300000}, {"maxAge": 1, "endDate": "2018-12-31", "totalRevenue": 349500000, "costOfRevenue": 259700000, "grossProfit": 89800000, "researchDevelopment": {}, "sellingGeneralAdministrative": 30000000, "nonRecurring": {}, "otherOperatingExpenses": 206000000, "totalOperatingExpenses": 512900000, "operatingIncome": -163400000, "totalOtherIncomeExpenseNet": -53500000, "ebit": -163400000, "interestExpense": -58000000, "incomeBeforeTax": -216900000, "incomeTaxExpense": 4800000, "minorityInterest": {}, "netIncomeFromContinuingOps": -221700000, "discontinuedOperations": {}, "extraordinaryItems": {}, "effectOfAccountingCharges": {}, "otherItems": {}, "netIncome": -221700000, "netIncomeApplicableToCommonShares": -221700000}], "maxAge": 86400}, "cashflowStatementHistoryQuarterly": {"cashflowStatements": [{"maxAge": 1, "endDate": "2019-12-31", "netIncome": -133800000, "changeToLiabilities": 0}, {"maxAge": 1, "endDate": "2019-09-30", "netIncome": -21200000, "changeToLiabilities": 0}, {"maxAge": 1, "endDate": "2019-06-30", "netIncome": -60300000, "changeToLiabilities": 0}, {"maxAge": 1, "endDate": "2018-12-31", "netIncome": -221700000, "changeToLiabilities": 0}], "maxAge": 86400}, "insiderHolders": {"holders": [{"maxAge": 1, "name": "Nigolice Trading Pvt. Ltd.", "relation": "Institution- Corporation", "url": "", "transactionDescription": "Other", "latestTransDate": "2013-10-03", "positionDirect": 8233806, "positionDirectDate": "2013-10-03"}, {"maxAge": 1, "name": "Reliance Infrastructure Fund Ltd", "relation": "UNREPORTED", "url": "", "transactionDescription": "Acquisition", "latestTransDate": "2010-01-12", "positionDirect": 1018900, "positionDirectDate": "2010-01-12"}, {"maxAge": 1, "name": "Tantia (Anita)", "relation": "Promoter", "url": "", "transactionDescription": "Sale", "latestTransDate": "2013-06-28", "positionDirect": 0, "positionDirectDate": "2013-06-28"}, {"maxAge": 1, "name": "Tantia (Harshvardhan)", "relation": "Promoter", "url": "", "transactionDescription": "Other", "latestTransDate": "2013-10-03", "positionDirect": 0, "positionDirectDate": "2013-10-03"}, {"maxAge": 1, "name": "Tantia (Ishwari Prasad)", "relation": "Executive Chairman", "url": "", "transactionDescription": "Acquisition", "latestTransDate": "2013-06-28", "positionDirect": 948976, "positionDirectDate": "2013-06-28"}, {"maxAge": 1, "name": "Tantia (Ishwari Prasad) HUF", "relation": "Promoter", "url": "", "transactionDescription": "Sale", "latestTransDate": "2013-06-26", "positionDirect": 0, "positionDirectDate": "2013-06-26"}, {"maxAge": 1, "name": "Tantia (Laxmi)", "relation": "Promoter", "url": "", "transactionDescription": "Other", "latestTransDate": "2013-06-22", "positionDirect": 0, "positionDirectDate": "2013-06-22"}, {"maxAge": 1, "name": "Tantia (Rahul)", "relation": "Director (Executive)", "url": "", "transactionDescription": "Other", "latestTransDate": "2016-11-19", "positionDirect": 3573359, "positionDirectDate": "2016-11-19"}, {"maxAge": 1, "name": "Tantia (Sarla)", "relation": "Promoter", "url": "", "transactionDescription": "Sale", "latestTransDate": "2013-06-20", "positionDirect": 0, "positionDirectDate": "2013-06-20"}, {"maxAge": 1, "name": "Tantia (Siddhartha)", "relation": "Promoter", "url": "", "transactionDescription": "Other", "latestTransDate": "2013-06-25", "positionDirect": 0, "positionDirectDate": "2013-06-25"}], "maxAge": 1}, "calendarEvents": {"maxAge": 1, "earnings": {"earningsDate": []}}, "upgradeDowngradeHistory": {"history": [], "maxAge": 86400}, "price": {"maxAge": 1, "regularMarketChangePercent": 0.04979255, "regularMarketChange": 0.36000013, "regularMarketTime": "2021-04-30 14:31:55", "priceHint": 2, "regularMarketPrice": 7.59, "regularMarketDayHigh": 7.59, "regularMarketDayLow": 7.55, "regularMarketVolume": 10304, "averageDailyVolume10Day": 336, "averageDailyVolume3Month": 1420, "regularMarketPreviousClose": 7.23, "regularMarketSource": "FREE_REALTIME", "regularMarketOpen": 7.55, "exchange": "BSE", "exchangeName": "BSE", "exchangeDataDelayedBy": 0, "marketState": "CLOSED", "quoteType": "EQUITY", "symbol": "TANTIACONS.BO", "underlyingSymbol": null, "shortName": "TANTIA CONSTRUCTIONS LTD.", "longName": "Tantia Constructions Limited", "currency": "INR", "quoteSourceName": "Delayed Quote", "currencySymbol": "\u20b9", "fromCurrency": null, "lastMarket": null, "marketCap": 218152544}, "balanceSheetHistory": {"balanceSheetStatements": [{"maxAge": 1, "endDate": "2019-03-31", "cash": 58800000, "shortTermInvestments": 62600000, "netReceivables": 6344200000, "inventory": 1277400000, "otherCurrentAssets": 572900000, "totalCurrentAssets": 8315900000, "longTermInvestments": 155100000, "propertyPlantEquipment": 4536900000, "goodWill": 3300000, "otherAssets": 516700000, "deferredLongTermAssetCharges": 406800000, "totalAssets": 13527900000, "accountsPayable": 1265900000, "shortLongTermDebt": 4912000000, "otherCurrentLiab": 451500000, "otherLiab": 235200000, "minorityInterest": 200000, "totalCurrentLiabilities": 13927800000, "totalLiab": 14163000000, "commonStock": 287400000, "retainedEarnings": -1722500000, "treasuryStock": 11400000, "capitalSurplus": 788400000, "otherStockholderEquity": 11400000, "totalStockholderEquity": -635300000, "netTangibleAssets": -638600000}, {"maxAge": 1, "endDate": "2018-03-31", "cash": 60600000, "shortTermInvestments": 95600000, "netReceivables": 5575800000, "inventory": 2906800000, "otherCurrentAssets": 666400000, "totalCurrentAssets": 9305200000, "longTermInvestments": 48300000, "propertyPlantEquipment": 4545200000, "goodWill": 3300000, "intangibleAssets": 367700000, "otherAssets": 479600000, "deferredLongTermAssetCharges": 408600000, "totalAssets": 14749300000, "accountsPayable": 936000000, "shortLongTermDebt": 3624500000, "otherCurrentLiab": 619400000, "longTermDebt": 1625800000, "otherLiab": 316600000, "deferredLongTermLiab": 4700000, "minorityInterest": 200000, "totalCurrentLiabilities": 11628600000, "totalLiab": 13571000000, "commonStock": 287400000, "retainedEarnings": 90900000, "treasuryStock": 11400000, "capitalSurplus": 788400000, "otherStockholderEquity": 11400000, "totalStockholderEquity": 1178100000, "netTangibleAssets": 807100000}, {"maxAge": 1, "endDate": "2017-03-31", "cash": 180100000, "shortTermInvestments": 600000, "netReceivables": 5654400000, "inventory": 2835300000, "otherCurrentAssets": 977300000, "totalCurrentAssets": 9647700000, "longTermInvestments": 40000000, "propertyPlantEquipment": 4096400000, "goodWill": 3300000, "intangibleAssets": 348800000, "otherAssets": 127100000, "totalAssets": 14263300000, "accountsPayable": 995800000, "shortLongTermDebt": 755500000, "otherCurrentLiab": 607600000, "longTermDebt": 4253300000, "otherLiab": 445100000, "deferredLongTermLiab": 7100000, "minorityInterest": 200000, "totalCurrentLiabilities": 8293000000, "totalLiab": 12991400000, "commonStock": 287400000, "retainedEarnings": 184500000, "treasuryStock": 11400000, "capitalSurplus": 788400000, "otherStockholderEquity": 11400000, "totalStockholderEquity": 1271700000, "netTangibleAssets": 919600000}, {"maxAge": 1, "endDate": "2016-03-31", "cash": 422800000, "netReceivables": 6069800000, "inventory": 2449100000, "otherCurrentAssets": 2051500000, "totalCurrentAssets": 11015400000, "longTermInvestments": 13500000, "propertyPlantEquipment": 3394500000, "goodWill": 600000, "intangibleAssets": 200000, "otherAssets": 277700000, "totalAssets": 14701900000, "accountsPayable": 1524600000, "shortLongTermDebt": 1119800000, "otherCurrentLiab": 7300000, "longTermDebt": 4542400000, "otherLiab": 301700000, "deferredLongTermLiab": 12200000, "totalCurrentLiabilities": 8059200000, "totalLiab": 12903300000, "commonStock": 188200000, "retainedEarnings": -261300000, "treasuryStock": 1195000000, "capitalSurplus": 676700000, "otherStockholderEquity": 1195000000, "totalStockholderEquity": 1798600000, "netTangibleAssets": 1797800000}], "maxAge": 86400}, "financialData": {"maxAge": 86400, "currentPrice": 7.59, "recommendationKey": "none", "grossProfits": -831900000, "financialCurrency": "INR"}}}