{"TARAI.BO": {"cashflowStatementHistory": {"cashflowStatements": [{"maxAge": 1, "endDate": "2020-03-31", "netIncome": -880903, "depreciation": 1605712, "changeToNetincome": 64852, "changeToAccountReceivables": -346328, "changeToLiabilities": 85583, "changeToInventory": -183402, "changeToOperatingActivities": 1189559, "totalCashFromOperatingActivities": 1535073, "capitalExpenditures": -43463, "otherCashflowsFromInvestingActivities": 11528, "totalCashflowsFromInvestingActivities": -31935, "netBorrowings": -1700000, "totalCashFromFinancingActivities": -1700000, "changeInCash": -196862}, {"maxAge": 1, "endDate": "2019-03-31", "netIncome": 286092458, "depreciation": 1602392, "changeToNetincome": -287344941, "changeToAccountReceivables": -87344, "changeToLiabilities": -252806, "changeToInventory": 480874, "changeToOperatingActivities": 372047, "totalCashFromOperatingActivities": 862680, "capitalExpenditures": -10800, "otherCashflowsFromInvestingActivities": 22119, "totalCashflowsFromInvestingActivities": 11319, "netBorrowings": -1335565, "totalCashFromFinancingActivities": -1335565, "changeInCash": -150460}, {"maxAge": 1, "endDate": "2018-03-31", "netIncome": -1378247, "depreciation": 1584007, "changeToNetincome": -812791, "changeToAccountReceivables": 70577, "changeToLiabilities": 221396, "changeToInventory": -116075, "changeToOperatingActivities": -89227, "totalCashFromOperatingActivities": -520360, "capitalExpenditures": -819630, "otherCashflowsFromInvestingActivities": 22119, "totalCashflowsFromInvestingActivities": 160031, "netBorrowings": 100000, "totalCashFromFinancingActivities": 100000, "changeInCash": -260329}, {"maxAge": 1, "endDate": "2017-03-31", "netIncome": 138323, "depreciation": 1551440, "changeToNetincome": 556, "changeToAccountReceivables": -90384, "changeToLiabilities": -2266856, "changeToInventory": -300727, "changeToOperatingActivities": -105376, "totalCashFromOperatingActivities": -1073024, "capitalExpenditures": -126043, "otherCashflowsFromInvestingActivities": 22119, "totalCashflowsFromInvestingActivities": -126043, "netBorrowings": 1320000, "totalCashFromFinancingActivities": 1320000, "changeInCash": 120931}], "maxAge": 86400}, "institutionOwnership": {"ownershipList": [], "maxAge": 1}, "balanceSheetHistoryQuarterly": {"balanceSheetStatements": [{"maxAge": 1, "endDate": "2020-06-30", "cash": 900000, "netReceivables": 4100000, "inventory": 1800000, "totalCurrentAssets": 6800000, "propertyPlantEquipment": 26800000, "totalAssets": 33600000, "accountsPayable": 14400000, "otherCurrentLiab": 4300000, "longTermDebt": 25900000, "otherLiab": 1100000, "totalCurrentLiabilities": 18900000, "totalLiab": 45900000, "commonStock": 153600000, "treasuryStock": -165900000, "otherStockholderEquity": -165900000, "totalStockholderEquity": -12300000, "netTangibleAssets": -12300000}, {"maxAge": 1, "endDate": "2020-03-31", "cash": 222828, "shortTermInvestments": 942472, "netReceivables": 550193, "inventory": 2458278, "otherCurrentAssets": 1727489, "totalCurrentAssets": 5901260, "propertyPlantEquipment": 27193423, "totalAssets": 33094683, "accountsPayable": 13511773, "otherCurrentLiab": 427553, "longTermDebt": 25948800, "otherLiab": 1078558, "totalCurrentLiabilities": 17075193, "totalLiab": 44102551, "commonStock": 153641200, "retainedEarnings": -209761537, "treasuryStock": 8153158, "capitalSurplus": 36959311, "otherStockholderEquity": 8153158, "totalStockholderEquity": -11007868, "netTangibleAssets": -11007868}, {"maxAge": 1, "endDate": "2019-12-31", "cash": 1900000, "netReceivables": 4100000, "inventory": 1500000, "totalCurrentAssets": 7500000, "propertyPlantEquipment": 27600000, "totalAssets": 35100000, "accountsPayable": 13400000, "otherCurrentLiab": 3900000, "longTermDebt": 25900000, "otherLiab": 1000000, "totalCurrentLiabilities": 17500000, "totalLiab": 44400000, "commonStock": 153600000, "treasuryStock": -162900000, "otherStockholderEquity": -162900000, "totalStockholderEquity": -9300000, "netTangibleAssets": -9300000}, {"maxAge": 1, "endDate": "2019-09-30", "cash": 1500000, "netReceivables": 4400000, "inventory": 1300000, "totalCurrentAssets": 7200000, "propertyPlantEquipment": 28000000, "totalAssets": 35200000, "accountsPayable": 13500000, "otherCurrentLiab": 4700000, "longTermDebt": 26100000, "otherLiab": 1100000, "totalCurrentLiabilities": 18400000, "totalLiab": 45600000, "commonStock": 153600000, "treasuryStock": -164000000, "otherStockholderEquity": -164000000, "totalStockholderEquity": -10400000, "netTangibleAssets": -10400000}], "maxAge": 86400}, "indexTrend": {"maxAge": 1, "symbol": "SP5", "peRatio": 19.7411, "pegRatio": 1.34172, "estimates": [{"period": "0q", "growth": 0.549}, {"period": "+1q", "growth": 0.431}, {"period": "0y", "growth": 0.305}, {"period": "+1y", "growth": 0.109}, {"period": "+5y", "growth": 0.120859005}, {"period": "-5y"}]}, "insiderTransactions": {"transactions": [{"maxAge": 1, "shares": 858367, "filerUrl": "", "transactionText": "", "filerName": "Sandhu (G S)", "filerRelation": "Managing Director", "moneyText": "", "startDate": "2010-03-29", "ownership": "D"}], "maxAge": 1}, "quoteType": {"exchange": "BSE", "quoteType": "EQUITY", "symbol": "TARAI.BO", "underlyingSymbol": "TARAI.BO", "shortName": "TARAI FOODS LTD.", "longName": "Tarai Foods Limited", "firstTradeDateEpochUtc": "2002-01-08 09:15:00", "timeZoneFullName": "Asia/Kolkata", "timeZoneShortName": "IST", "uuid": "954ad791-03fb-3037-9a25-19e080c26a36", "gmtOffSetMilliseconds": 19800000, "maxAge": 1}, "incomeStatementHistory": {"incomeStatementHistory": [{"maxAge": 1, "endDate": "2020-03-31", "totalRevenue": 31403574, "costOfRevenue": 12202837, "grossProfit": 19200737, "researchDevelopment": {}, "sellingGeneralAdministrative": 4559869, "nonRecurring": {}, "otherOperatingExpenses": 13560154, "totalOperatingExpenses": 31928572, "operatingIncome": -524998, "totalOtherIncomeExpenseNet": -355905, "ebit": -524998, "interestExpense": -35938, "incomeBeforeTax": -880903, "incomeTaxExpense": 0, "minorityInterest": {}, "netIncomeFromContinuingOps": -880903, "discontinuedOperations": {}, "extraordinaryItems": {}, "effectOfAccountingCharges": {}, "otherItems": {}, "netIncome": -880903, "netIncomeApplicableToCommonShares": -880903}, {"maxAge": 1, "endDate": "2019-03-31", "totalRevenue": 23933770, "costOfRevenue": 8590246, "grossProfit": 15343524, "researchDevelopment": {}, "sellingGeneralAdministrative": 2941705, "nonRecurring": {}, "otherOperatingExpenses": 12675458, "totalOperatingExpenses": 25809801, "operatingIncome": -1876031, "totalOtherIncomeExpenseNet": 287968489, "ebit": -1876031, "interestExpense": -128891, "incomeBeforeTax": 286092458, "incomeTaxExpense": 0, "minorityInterest": {}, "netIncomeFromContinuingOps": 286092458, "discontinuedOperations": {}, "extraordinaryItems": {}, "effectOfAccountingCharges": {}, "otherItems": {}, "netIncome": 286092458, "netIncomeApplicableToCommonShares": 286092458}, {"maxAge": 1, "endDate": "2018-03-31", "totalRevenue": 21453371, "costOfRevenue": 9960258, "grossProfit": 11493113, "researchDevelopment": {}, "sellingGeneralAdministrative": 2843934, "nonRecurring": {}, "otherOperatingExpenses": 9113579, "totalOperatingExpenses": 23501778, "operatingIncome": -2048407, "totalOtherIncomeExpenseNet": 670160, "ebit": -2048407, "interestExpense": -9287, "incomeBeforeTax": -1378247, "incomeTaxExpense": 0, "minorityInterest": {}, "netIncomeFromContinuingOps": -1378247, "discontinuedOperations": {}, "extraordinaryItems": {}, "effectOfAccountingCharges": {}, "otherItems": {}, "netIncome": -1378247, "netIncomeApplicableToCommonShares": -1378247}, {"maxAge": 1, "endDate": "2017-03-31", "totalRevenue": 29346651, "costOfRevenue": 10131767, "grossProfit": 19214884, "researchDevelopment": {}, "sellingGeneralAdministrative": 2623152, "nonRecurring": {}, "otherOperatingExpenses": 14964417, "totalOperatingExpenses": 29270776, "operatingIncome": 75875, "totalOtherIncomeExpenseNet": 62448, "ebit": 75875, "interestExpense": -9287, "incomeBeforeTax": 138323, "incomeTaxExpense": 0, "minorityInterest": {}, "netIncomeFromContinuingOps": 138323, "discontinuedOperations": {}, "extraordinaryItems": {}, "effectOfAccountingCharges": {}, "otherItems": {}, "netIncome": 138323, "netIncomeApplicableToCommonShares": 138323}], "maxAge": 86400}, "fundOwnership": {"ownershipList": [], "maxAge": 1}, "summaryDetail": {"maxAge": 1, "priceHint": 4, "previousClose": 3.92, "open": 4.11, "dayLow": 3.74, "dayHigh": 4.11, "regularMarketPreviousClose": 3.92, "regularMarketOpen": 4.11, "regularMarketDayLow": 3.74, "regularMarketDayHigh": 4.11, "volume": 6140, "regularMarketVolume": 6140, "averageVolume": 1354, "averageVolume10days": 1780, "averageDailyVolume10Day": 1780, "bid": 0.0, "ask": 3.74, "bidSize": 0, "askSize": 0, "marketCap": 68430464, "fiftyTwoWeekLow": 3.09, "fiftyTwoWeekHigh": 7.75, "fiftyDayAverage": 4.0933332, "twoHundredDayAverage": 4.5514708, "currency": "INR", "fromCurrency": null, "lastMarket": null, "algorithm": null, "tradeable": false}, "incomeStatementHistoryQuarterly": {"incomeStatementHistory": [{"maxAge": 1, "endDate": "2020-06-30", "totalRevenue": 5270000, "costOfRevenue": 4220000, "grossProfit": 1050000, "researchDevelopment": {}, "sellingGeneralAdministrative": 840000, "nonRecurring": {}, "otherOperatingExpenses": 1050000, "totalOperatingExpenses": 6510000, "operatingIncome": -1240000, "totalOtherIncomeExpenseNet": -20000, "ebit": -1240000, "interestExpense": -20000, "incomeBeforeTax": -1260000, "incomeTaxExpense": 0, "minorityInterest": {}, "netIncomeFromContinuingOps": -1260000, "discontinuedOperations": {}, "extraordinaryItems": {}, "effectOfAccountingCharges": {}, "otherItems": {}, "netIncome": -1260000, "netIncomeApplicableToCommonShares": -1260000}, {"maxAge": 1, "endDate": "2020-03-31", "totalRevenue": 7293574, "costOfRevenue": -2077163, "grossProfit": 9370737, "researchDevelopment": {}, "sellingGeneralAdministrative": 1859869, "nonRecurring": {}, "otherOperatingExpenses": 8470154, "totalOperatingExpenses": 8658572, "operatingIncome": -1364998, "totalOtherIncomeExpenseNet": -335905, "ebit": -1364998, "interestExpense": -20000, "incomeBeforeTax": -1700903, "incomeTaxExpense": 0, "minorityInterest": {}, "netIncomeFromContinuingOps": -1700903, "discontinuedOperations": {}, "extraordinaryItems": {}, "effectOfAccountingCharges": {}, "otherItems": {}, "netIncome": -1700903, "netIncomeApplicableToCommonShares": -1700903}, {"maxAge": 1, "endDate": "2019-12-31", "totalRevenue": 9180000, "costOfRevenue": 5730000, "grossProfit": 3450000, "researchDevelopment": {}, "sellingGeneralAdministrative": 920000, "nonRecurring": {}, "otherOperatingExpenses": 1180000, "totalOperatingExpenses": 8230000, "operatingIncome": 950000, "totalOtherIncomeExpenseNet": 30000, "ebit": 950000, "interestExpense": -10000, "incomeBeforeTax": 980000, "incomeTaxExpense": 0, "minorityInterest": {}, "netIncomeFromContinuingOps": 980000, "discontinuedOperations": {}, "extraordinaryItems": {}, "effectOfAccountingCharges": {}, "otherItems": {}, "netIncome": 980000, "netIncomeApplicableToCommonShares": 980000}, {"maxAge": 1, "endDate": "2019-09-30", "totalRevenue": 7960000, "costOfRevenue": 4070000, "grossProfit": 3890000, "researchDevelopment": {}, "sellingGeneralAdministrative": 990000, "nonRecurring": {}, "otherOperatingExpenses": 1650000, "totalOperatingExpenses": 7110000, "operatingIncome": 850000, "totalOtherIncomeExpenseNet": -40000, "ebit": 850000, "interestExpense": -40000, "incomeBeforeTax": 810000, "incomeTaxExpense": 0, "minorityInterest": {}, "netIncomeFromContinuingOps": 810000, "discontinuedOperations": {}, "extraordinaryItems": {}, "effectOfAccountingCharges": {}, "otherItems": {}, "netIncome": 810000, "netIncomeApplicableToCommonShares": 810000}], "maxAge": 86400}, "cashflowStatementHistoryQuarterly": {"cashflowStatements": [{"maxAge": 1, "endDate": "2020-06-30", "netIncome": -1260000, "depreciation": 399509, "changeToNetincome": -42090, "changeToAccountReceivables": -180969, "changeToLiabilities": 1041209, "changeToInventory": 649586, "changeToOperatingActivities": -17632, "totalCashFromOperatingActivities": 589613, "otherCashflowsFromInvestingActivities": 47968, "totalCashflowsFromInvestingActivities": 47968, "changeInCash": 637581}, {"maxAge": 1, "endDate": "2020-03-31", "netIncome": -1700903, "depreciation": 399509, "changeToNetincome": -42090, "changeToAccountReceivables": -180969, "changeToLiabilities": 0, "changeToInventory": 649586, "changeToOperatingActivities": -17632, "totalCashFromOperatingActivities": 589613, "otherCashflowsFromInvestingActivities": 47968, "totalCashflowsFromInvestingActivities": 47968, "changeInCash": 637581}, {"maxAge": 1, "endDate": "2019-12-31", "netIncome": 980000, "depreciation": 399509, "changeToNetincome": -42090, "changeToAccountReceivables": -180969, "changeToLiabilities": 0, "changeToInventory": 649586, "changeToOperatingActivities": -17632, "totalCashFromOperatingActivities": 589613, "otherCashflowsFromInvestingActivities": 47968, "totalCashflowsFromInvestingActivities": 47968, "changeInCash": 637581}, {"maxAge": 1, "endDate": "2019-09-30", "netIncome": 810000, "depreciation": 399509, "changeToNetincome": -42090, "changeToAccountReceivables": -180969, "changeToLiabilities": 0, "changeToInventory": 649586, "changeToOperatingActivities": -17632, "totalCashFromOperatingActivities": 589613, "otherCashflowsFromInvestingActivities": 47968, "totalCashflowsFromInvestingActivities": 47968, "changeInCash": 637581}], "maxAge": 86400}, "insiderHolders": {"holders": [{"maxAge": 1, "name": "Sandhu (G S)", "relation": "Managing Director", "url": "", "transactionDescription": "Acquisition", "latestTransDate": "2010-03-29", "positionDirect": 1659362, "positionDirectDate": "2010-03-29"}], "maxAge": 1}, "calendarEvents": {"maxAge": 1, "earnings": {"earningsDate": ["2020-06-30 05:30:S"]}}, "upgradeDowngradeHistory": {"history": [], "maxAge": 86400}, "price": {"maxAge": 1, "regularMarketChangePercent": -0.015306169, "regularMarketChange": -0.06000018, "regularMarketTime": "2021-04-30 15:29:56", "priceHint": 4, "regularMarketPrice": 3.86, "regularMarketDayHigh": 4.11, "regularMarketDayLow": 3.74, "regularMarketVolume": 6140, "averageDailyVolume10Day": 1780, "averageDailyVolume3Month": 1354, "regularMarketPreviousClose": 3.92, "regularMarketSource": "FREE_REALTIME", "regularMarketOpen": 4.11, "exchange": "BSE", "exchangeName": "BSE", "exchangeDataDelayedBy": 0, "marketState": "CLOSED", "quoteType": "EQUITY", "symbol": "TARAI.BO", "underlyingSymbol": null, "shortName": "TARAI FOODS LTD.", "longName": "Tarai Foods Limited", "currency": "INR", "quoteSourceName": "Delayed Quote", "currencySymbol": "\u20b9", "fromCurrency": null, "lastMarket": null, "marketCap": 68430464}, "balanceSheetHistory": {"balanceSheetStatements": [{"maxAge": 1, "endDate": "2020-03-31", "cash": 222828, "shortTermInvestments": 942472, "netReceivables": 550193, "inventory": 2458278, "otherCurrentAssets": 1727489, "totalCurrentAssets": 5901260, "propertyPlantEquipment": 27193423, "totalAssets": 33094683, "accountsPayable": 13511773, "otherCurrentLiab": 427553, "longTermDebt": 25948800, "otherLiab": 1078558, "totalCurrentLiabilities": 17075193, "totalLiab": 44102551, "commonStock": 153641200, "retainedEarnings": -209761537, "treasuryStock": 8153158, "capitalSurplus": 36959311, "otherStockholderEquity": 8153158, "totalStockholderEquity": -11007868, "netTangibleAssets": -11007868}, {"maxAge": 1, "endDate": "2019-03-31", "cash": 419690, "shortTermInvestments": 942472, "netReceivables": 203865, "inventory": 2274876, "otherCurrentAssets": 2848303, "totalCurrentAssets": 6689206, "propertyPlantEquipment": 28755673, "totalAssets": 35444879, "accountsPayable": 13182903, "otherCurrentLiab": 444976, "longTermDebt": 27648800, "otherLiab": 1011145, "totalCurrentLiabilities": 16988275, "totalLiab": 45648220, "commonStock": 153641200, "retainedEarnings": -208880630, "treasuryStock": 8076778, "capitalSurplus": 36959311, "otherStockholderEquity": 8076778, "totalStockholderEquity": -10203341, "netTangibleAssets": -10203341}, {"maxAge": 1, "endDate": "2018-03-31", "cash": 259045, "shortTermInvestments": 1170376, "netReceivables": 116521, "inventory": 2755750, "otherCurrentAssets": 3521144, "totalCurrentAssets": 7822836, "propertyPlantEquipment": 30347263, "otherAssets": 2, "totalAssets": 38170101, "accountsPayable": 12472698, "otherCurrentLiab": 417825, "longTermDebt": 324318157, "otherLiab": 926354, "totalCurrentLiabilities": 17232360, "totalLiab": 342476871, "commonStock": 153641200, "retainedEarnings": -494907281, "capitalSurplus": 36959311, "totalStockholderEquity": -304306770, "netTangibleAssets": -304306770}, {"maxAge": 1, "endDate": "2017-03-31", "cash": 519376, "shortTermInvestments": 909525, "netReceivables": 187098, "inventory": 2639675, "otherCurrentAssets": 3628196, "totalCurrentAssets": 7883870, "propertyPlantEquipment": 31212703, "totalAssets": 39096573, "accountsPayable": 13185542, "otherCurrentLiab": 543828, "longTermDebt": 324218157, "otherLiab": 858350, "totalCurrentLiabilities": 17014397, "totalLiab": 342090904, "commonStock": 153641200, "retainedEarnings": -493594842, "capitalSurplus": 36959311, "totalStockholderEquity": -302994331, "netTangibleAssets": -302994331}], "maxAge": 86400}, "financialData": {"maxAge": 86400, "currentPrice": 3.86, "recommendationKey": "none", "grossProfits": 19200737, "financialCurrency": "INR"}}}