{"TARMAT.BO": {"cashflowStatementHistory": {"cashflowStatements": [{"maxAge": 1, "endDate": "2020-03-31", "netIncome": 68719000, "depreciation": 8150000, "changeToNetincome": 21359000, "changeToAccountReceivables": -24284000, "changeToLiabilities": 464707000, "changeToInventory": -185383000, "changeToOperatingActivities": -483684000, "totalCashFromOperatingActivities": -130416000, "capitalExpenditures": -61613000, "otherCashflowsFromInvestingActivities": 6908000, "totalCashflowsFromInvestingActivities": -54705000, "netBorrowings": 224584000, "otherCashflowsFromFinancingActivities": -23654000, "totalCashFromFinancingActivities": 200930000, "changeInCash": 15809000}, {"maxAge": 1, "endDate": "2019-03-31", "netIncome": 5781000, "depreciation": 6886000, "changeToNetincome": 14291000, "changeToAccountReceivables": 15903000, "changeToLiabilities": 61184000, "changeToInventory": -33576000, "changeToOperatingActivities": 103235000, "totalCashFromOperatingActivities": 173704000, "capitalExpenditures": -61613000, "investments": -799000, "otherCashflowsFromInvestingActivities": 3347000, "totalCashflowsFromInvestingActivities": 5201000, "netBorrowings": -152128000, "otherCashflowsFromFinancingActivities": -14508000, "totalCashFromFinancingActivities": -166636000, "changeInCash": 12641000}, {"maxAge": 1, "endDate": "2018-03-31", "netIncome": 12396000, "depreciation": 10284000, "changeToNetincome": 14500000, "changeToAccountReceivables": -119567000, "changeToLiabilities": 395826000, "changeToInventory": -278286000, "changeToOperatingActivities": -243358000, "totalCashFromOperatingActivities": -208205000, "capitalExpenditures": -61613000, "investments": -23326000, "otherCashflowsFromInvestingActivities": 2975000, "totalCashflowsFromInvestingActivities": -20351000, "netBorrowings": 272599000, "otherCashflowsFromFinancingActivities": -15535000, "totalCashFromFinancingActivities": 257064000, "changeInCash": 28508000}, {"maxAge": 1, "endDate": "2017-03-31", "netIncome": 345000, "depreciation": 15574000, "changeToNetincome": -20120000, "changeToAccountReceivables": -12212000, "changeToLiabilities": 49586000, "changeToInventory": 4003000, "changeToOperatingActivities": -46633000, "totalCashFromOperatingActivities": -9457000, "capitalExpenditures": -65000, "investments": -23326000, "otherCashflowsFromInvestingActivities": 4253000, "totalCashflowsFromInvestingActivities": 4188000, "netBorrowings": 272599000, "otherCashflowsFromFinancingActivities": -150000, "totalCashFromFinancingActivities": -150000, "changeInCash": -5419000}], "maxAge": 86400}, "institutionOwnership": {"ownershipList": [], "maxAge": 1}, "balanceSheetHistoryQuarterly": {"balanceSheetStatements": [{"maxAge": 1, "endDate": "2020-06-30", "totalStockholderEquity": 561460000, "netTangibleAssets": 559997000}, {"maxAge": 1, "endDate": "2020-03-31", "cash": 278517000, "netReceivables": 975020000, "inventory": 757700000, "totalCurrentAssets": 2011237000, "longTermInvestments": 324672000, "propertyPlantEquipment": 168094000, "goodWill": 1463000, "otherAssets": 192289000, "totalAssets": 2697755000, "accountsPayable": 748688000, "otherCurrentLiab": 274199000, "longTermDebt": 1102827000, "otherLiab": 10581000, "totalCurrentLiabilities": 1022887000, "totalLiab": 2136295000, "commonStock": 133307000, "treasuryStock": 428153000, "otherStockholderEquity": 428153000, "totalStockholderEquity": 561460000, "netTangibleAssets": 559997000}, {"maxAge": 1, "endDate": "2019-12-31", "totalStockholderEquity": 403208000, "netTangibleAssets": 401745000}, {"maxAge": 1, "endDate": "2019-09-30", "cash": 102402000, "netReceivables": 703989000, "inventory": 647695000, "totalCurrentAssets": 1454086000, "longTermInvestments": 196170000, "propertyPlantEquipment": 163087000, "goodWill": 1463000, "otherAssets": 254750000, "totalAssets": 2069556000, "accountsPayable": 387802000, "otherCurrentLiab": 164997000, "longTermDebt": 1103631000, "otherLiab": 9918000, "totalCurrentLiabilities": 552799000, "totalLiab": 1666348000, "commonStock": 109607000, "treasuryStock": 293601000, "otherStockholderEquity": 293601000, "totalStockholderEquity": 403208000, "netTangibleAssets": 401745000}], "maxAge": 86400}, "indexTrend": {"maxAge": 1, "symbol": "SP5", "peRatio": 19.7411, "pegRatio": 1.34172, "estimates": [{"period": "0q", "growth": 0.549}, {"period": "+1q", "growth": 0.431}, {"period": "0y", "growth": 0.305}, {"period": "+1y", "growth": 0.109}, {"period": "+5y", "growth": 0.120865}, {"period": "-5y"}]}, "insiderTransactions": {"transactions": [{"maxAge": 1, "shares": 333000, "filerUrl": "", "transactionText": "", "filerName": "Somani Estates Pvt Ltd", "filerRelation": "Institution- Corporation", "moneyText": "", "startDate": "2020-10-01", "ownership": "D"}, {"maxAge": 1, "shares": 744000, "value": 450120, "filerUrl": "", "transactionText": "Sale at price 0.60 per share.", "filerName": "Varghese (Jerry)", "filerRelation": "Chief Executive Officer", "moneyText": "", "startDate": "2020-09-30", "ownership": "D"}, {"maxAge": 1, "shares": 134939, "value": 81624, "filerUrl": "", "transactionText": "Acquisition at price 0.60 per share.", "filerName": "Surana (Sunita Sanjay)", "filerRelation": "Promoter", "moneyText": "", "startDate": "2020-09-30", "ownership": "D"}, {"maxAge": 1, "shares": 155061, "value": 93796, "filerUrl": "", "transactionText": "Acquisition at price 0.60 per share.", "filerName": "Surana (Sunita Babulal)", "filerRelation": "Promoter", "moneyText": "", "startDate": "2020-09-30", "ownership": "D"}, {"maxAge": 1, "shares": 17629, "value": 9461, "filerUrl": "", "transactionText": "Sale at price 0.54 per share.", "filerName": "Varghese (Jerry)", "filerRelation": "Chief Executive Officer", "moneyText": "", "startDate": "2020-09-18", "ownership": "D"}, {"maxAge": 1, "shares": 700000, "filerUrl": "", "transactionText": "", "filerName": "Varghese (Dilip)", "filerRelation": "Director (Executive)", "moneyText": "", "startDate": "2018-04-03", "ownership": "D"}, {"maxAge": 1, "shares": 49000, "filerUrl": "", "transactionText": "", "filerName": "Varghese (Dilip)", "filerRelation": "Director", "moneyText": "", "startDate": "2018-03-26", "ownership": "D"}, {"maxAge": 1, "shares": 14549, "filerUrl": "", "transactionText": "", "filerName": "Varghese (Dilip)", "filerRelation": "Director (Executive)", "moneyText": "", "startDate": "2018-01-11", "ownership": "D"}, {"maxAge": 1, "shares": 50000, "filerUrl": "", "transactionText": "", "filerName": "Varghese (Dilip)", "filerRelation": "Director (Executive)", "moneyText": "", "startDate": "2018-01-09", "ownership": "D"}, {"maxAge": 1, "shares": 830035, "filerUrl": "", "transactionText": "", "filerName": "Varghese (Dilip)", "filerRelation": "Director (Executive)", "moneyText": "", "startDate": "2018-01-08", "ownership": "D"}, {"maxAge": 1, "shares": 1035035, "filerUrl": "", "transactionText": "", "filerName": "Varghese (Dilip)", "filerRelation": "Director (Executive)", "moneyText": "", "startDate": "2014-07-30", "ownership": "D"}, {"maxAge": 1, "shares": 1000, "filerUrl": "", "transactionText": "", "filerName": "Varghese (Dilip)", "filerRelation": "Director (Executive)", "moneyText": "", "startDate": "2012-12-31", "ownership": "D"}, {"maxAge": 1, "shares": 13180, "filerUrl": "", "transactionText": "", "filerName": "Varghese (Jerry)", "filerRelation": "Executive Chairman", "moneyText": "", "startDate": "2011-09-19", "ownership": "D"}, {"maxAge": 1, "shares": 9346, "filerUrl": "", "transactionText": "", "filerName": "Varghese (Dilip)", "filerRelation": "Director (Executive)", "moneyText": "", "startDate": "2011-09-19", "ownership": "D"}, {"maxAge": 1, "shares": 10800, "filerUrl": "", "transactionText": "", "filerName": "Varghese (Jerry)", "filerRelation": "Executive Chairman", "moneyText": "", "startDate": "2010-03-31", "ownership": "D"}, {"maxAge": 1, "shares": 7000, "filerUrl": "", "transactionText": "", "filerName": "Varghese (Dilip)", "filerRelation": "Director (Executive)", "moneyText": "", "startDate": "2010-02-23", "ownership": "D"}, {"maxAge": 1, "shares": 17980, "filerUrl": "", "transactionText": "", "filerName": "Varghese (Dilip)", "filerRelation": "Director (Executive)", "moneyText": "", "startDate": "2009-12-31", "ownership": "D"}], "maxAge": 1}, "quoteType": {"exchange": "BSE", "quoteType": "EQUITY", "symbol": "TARMAT.BO", "underlyingSymbol": "TARMAT.BO", "shortName": "TARMAT LTD.", "longName": "Tarmat Limited", "firstTradeDateEpochUtc": "2007-07-09 09:15:00", "timeZoneFullName": "Asia/Kolkata", "timeZoneShortName": "IST", "uuid": "60fbe658-a800-3dac-b984-71c12d76e5e5", "gmtOffSetMilliseconds": 19800000, "maxAge": 1}, "incomeStatementHistory": {"incomeStatementHistory": [{"maxAge": 1, "endDate": "2020-03-31", "totalRevenue": 2763529000, "costOfRevenue": 2570860000, "grossProfit": 192669000, "researchDevelopment": {}, "sellingGeneralAdministrative": 54384000, "nonRecurring": {}, "otherOperatingExpenses": 26914000, "totalOperatingExpenses": 2660308000, "operatingIncome": 103221000, "totalOtherIncomeExpenseNet": -14879000, "ebit": 103221000, "interestExpense": -23654000, "incomeBeforeTax": 88342000, "incomeTaxExpense": 19623000, "minorityInterest": {}, "netIncomeFromContinuingOps": 68719000, "discontinuedOperations": {}, "extraordinaryItems": {}, "effectOfAccountingCharges": {}, "otherItems": {}, "netIncome": 68719000, "netIncomeApplicableToCommonShares": 68719000}, {"maxAge": 1, "endDate": "2019-03-31", "totalRevenue": 1316330000, "costOfRevenue": 1235677000, "grossProfit": 80653000, "researchDevelopment": {}, "sellingGeneralAdministrative": 32763000, "nonRecurring": {}, "otherOperatingExpenses": 235524000, "totalOperatingExpenses": 1512960000, "operatingIncome": -196630000, "totalOtherIncomeExpenseNet": 203727000, "ebit": -196630000, "interestExpense": -14433000, "incomeBeforeTax": 7097000, "incomeTaxExpense": 1316000, "minorityInterest": {}, "netIncomeFromContinuingOps": 5781000, "discontinuedOperations": {}, "extraordinaryItems": {}, "effectOfAccountingCharges": {}, "otherItems": {}, "netIncome": 5781000, "netIncomeApplicableToCommonShares": 5781000}, {"maxAge": 1, "endDate": "2018-03-31", "totalRevenue": 2053573000, "costOfRevenue": 2007844000, "grossProfit": 45729000, "researchDevelopment": {}, "sellingGeneralAdministrative": 24344000, "nonRecurring": {}, "otherOperatingExpenses": 102936000, "totalOperatingExpenses": 2145408000, "operatingIncome": -91835000, "totalOtherIncomeExpenseNet": 92854000, "ebit": -91835000, "interestExpense": -15480000, "incomeBeforeTax": 1019000, "incomeTaxExpense": -11377000, "minorityInterest": {}, "netIncomeFromContinuingOps": 12396000, "discontinuedOperations": {}, "extraordinaryItems": {}, "effectOfAccountingCharges": {}, "otherItems": {}, "netIncome": 12396000, "netIncomeApplicableToCommonShares": 12396000}, {"maxAge": 1, "endDate": "2017-03-31", "totalRevenue": 794039000, "costOfRevenue": 733698000, "grossProfit": 60341000, "researchDevelopment": {}, "sellingGeneralAdministrative": 18893000, "nonRecurring": {}, "otherOperatingExpenses": 28159000, "totalOperatingExpenses": 796324000, "operatingIncome": -2285000, "totalOtherIncomeExpenseNet": 4411000, "ebit": -2285000, "interestExpense": -46000, "incomeBeforeTax": 2126000, "incomeTaxExpense": 1781000, "minorityInterest": {}, "netIncomeFromContinuingOps": 345000, "discontinuedOperations": {}, "extraordinaryItems": {}, "effectOfAccountingCharges": {}, "otherItems": {}, "netIncome": 345000, "netIncomeApplicableToCommonShares": 345000}], "maxAge": 86400}, "fundOwnership": {"ownershipList": [], "maxAge": 1}, "summaryDetail": {"maxAge": 1, "priceHint": 2, "previousClose": 49.7, "open": 48.9, "dayLow": 47.8, "dayHigh": 49.8, "regularMarketPreviousClose": 49.7, "regularMarketOpen": 48.9, "regularMarketDayLow": 47.8, "regularMarketDayHigh": 49.8, "trailingPE": 8.886894, "volume": 10326, "regularMarketVolume": 10326, "averageVolume": 16800, "averageVolume10days": 3399, "averageDailyVolume10Day": 3399, "bid": 49.5, "ask": 49.8, "bidSize": 0, "askSize": 0, "marketCap": 542554624, "fiftyTwoWeekLow": 18.55, "fiftyTwoWeekHigh": 62.0, "fiftyDayAverage": 53.090908, "twoHundredDayAverage": 42.116543, "currency": "INR", "fromCurrency": null, "lastMarket": null, "algorithm": null, "tradeable": false}, "incomeStatementHistoryQuarterly": {"incomeStatementHistory": [{"maxAge": 1, "endDate": "2020-06-30", "totalRevenue": 363059000, "costOfRevenue": 330045000, "grossProfit": 33014000, "researchDevelopment": {}, "sellingGeneralAdministrative": 15006000, "nonRecurring": {}, "otherOperatingExpenses": 6684000, "totalOperatingExpenses": 354543000, "operatingIncome": 8516000, "totalOtherIncomeExpenseNet": 2465000, "ebit": 8516000, "interestExpense": -1181000, "incomeBeforeTax": 10981000, "incomeTaxExpense": 1269000, "minorityInterest": {}, "netIncomeFromContinuingOps": 9712000, "discontinuedOperations": {}, "extraordinaryItems": {}, "effectOfAccountingCharges": {}, "otherItems": {}, "netIncome": 9712000, "netIncomeApplicableToCommonShares": 9712000}, {"maxAge": 1, "endDate": "2020-03-31", "totalRevenue": 1790717000, "costOfRevenue": 1668115000, "grossProfit": 122602000, "researchDevelopment": {}, "sellingGeneralAdministrative": 23529000, "nonRecurring": {}, "otherOperatingExpenses": 11210000, "totalOperatingExpenses": 1706017000, "operatingIncome": 84700000, "totalOtherIncomeExpenseNet": -15203000, "ebit": 84700000, "interestExpense": -21765000, "incomeBeforeTax": 69497000, "incomeTaxExpense": 16501000, "minorityInterest": {}, "netIncomeFromContinuingOps": 52996000, "discontinuedOperations": {}, "extraordinaryItems": {}, "effectOfAccountingCharges": {}, "otherItems": {}, "netIncome": 52996000, "netIncomeApplicableToCommonShares": 52996000}, {"maxAge": 1, "endDate": "2019-12-31", "totalRevenue": 555905000, "costOfRevenue": 519172000, "grossProfit": 36733000, "researchDevelopment": {}, "sellingGeneralAdministrative": 13214000, "nonRecurring": {}, "otherOperatingExpenses": 6896000, "totalOperatingExpenses": 541653000, "operatingIncome": 14252000, "totalOtherIncomeExpenseNet": -1398000, "ebit": 14252000, "interestExpense": -1631000, "incomeBeforeTax": 12854000, "incomeTaxExpense": 2397000, "minorityInterest": {}, "netIncomeFromContinuingOps": 10457000, "discontinuedOperations": {}, "extraordinaryItems": {}, "effectOfAccountingCharges": {}, "otherItems": {}, "netIncome": 10457000, "netIncomeApplicableToCommonShares": 10457000}, {"maxAge": 1, "endDate": "2019-09-30", "totalRevenue": 246410000, "costOfRevenue": 226227000, "grossProfit": 20183000, "researchDevelopment": {}, "sellingGeneralAdministrative": 11255000, "nonRecurring": {}, "otherOperatingExpenses": 3526000, "totalOperatingExpenses": 242316000, "operatingIncome": 4094000, "totalOtherIncomeExpenseNet": 96000, "ebit": 4094000, "interestExpense": -232000, "incomeBeforeTax": 4190000, "incomeTaxExpense": 40000, "minorityInterest": {}, "netIncomeFromContinuingOps": 4150000, "discontinuedOperations": {}, "extraordinaryItems": {}, "effectOfAccountingCharges": {}, "otherItems": {}, "netIncome": 4150000, "netIncomeApplicableToCommonShares": 4150000}], "maxAge": 86400}, "cashflowStatementHistoryQuarterly": {"cashflowStatements": [{"maxAge": 1, "endDate": "2020-06-30", "netIncome": 9712000, "changeToLiabilities": 0}, {"maxAge": 1, "endDate": "2020-03-31", "netIncome": 52996000, "changeToLiabilities": 0}, {"maxAge": 1, "endDate": "2019-12-31", "netIncome": 10457000, "changeToLiabilities": 0}, {"maxAge": 1, "endDate": "2019-09-30", "netIncome": 4150000, "changeToLiabilities": 0}], "maxAge": 86400}, "insiderHolders": {"holders": [{"maxAge": 1, "name": "Somani Estates Pvt Ltd", "relation": "Institution- Corporation", "url": "", "transactionDescription": "Acquisition", "latestTransDate": "2020-10-01", "positionDirect": 773000, "positionDirectDate": "2020-10-01"}, {"maxAge": 1, "name": "Surana (Sunita Babulal)", "relation": "Promoter", "url": "", "transactionDescription": "Acquisition", "latestTransDate": "2020-09-30", "positionDirect": 855061, "positionDirectDate": "2020-09-30"}, {"maxAge": 1, "name": "Surana (Sunita Sanjay)", "relation": "Promoter", "url": "", "transactionDescription": "Acquisition", "latestTransDate": "2020-09-30", "positionDirect": 855061, "positionDirectDate": "2020-09-30"}, {"maxAge": 1, "name": "Varghese (Dilip)", "relation": "Director (Executive)", "url": "", "transactionDescription": "Sale", "latestTransDate": "2018-04-03", "positionDirect": 44914, "positionDirectDate": "2018-04-03"}, {"maxAge": 1, "name": "Varghese (Jerry)", "relation": "Chief Executive Officer", "url": "", "transactionDescription": "Sale", "latestTransDate": "2020-09-30", "positionDirect": 2487820, "positionDirectDate": "2020-09-30"}], "maxAge": 1}, "calendarEvents": {"maxAge": 1, "earnings": {"earningsDate": ["2020-09-12 05:30:S"]}}, "upgradeDowngradeHistory": {"history": [], "maxAge": 86400}, "price": {"maxAge": 1, "regularMarketChangePercent": -0.00402416, "regularMarketChange": -0.20000076, "regularMarketTime": "2021-04-30 15:16:07", "priceHint": 2, "regularMarketPrice": 49.5, "regularMarketDayHigh": 49.8, "regularMarketDayLow": 47.8, "regularMarketVolume": 10326, "averageDailyVolume10Day": 3399, "averageDailyVolume3Month": 16800, "regularMarketPreviousClose": 49.7, "regularMarketSource": "FREE_REALTIME", "regularMarketOpen": 48.9, "exchange": "BSE", "exchangeName": "BSE", "exchangeDataDelayedBy": 0, "marketState": "CLOSED", "quoteType": "EQUITY", "symbol": "TARMAT.BO", "underlyingSymbol": null, "shortName": "TARMAT LTD.", "longName": "Tarmat Limited", "currency": "INR", "quoteSourceName": "Delayed Quote", "currencySymbol": "\u20b9", "fromCurrency": null, "lastMarket": null, "marketCap": 542554624}, "balanceSheetHistory": {"balanceSheetStatements": [{"maxAge": 1, "endDate": "2020-03-31", "cash": 278517000, "netReceivables": 975020000, "inventory": 757700000, "totalCurrentAssets": 2011237000, "longTermInvestments": 324672000, "propertyPlantEquipment": 168094000, "goodWill": 1463000, "otherAssets": 192289000, "totalAssets": 2697755000, "accountsPayable": 748688000, "otherCurrentLiab": 274199000, "longTermDebt": 1102827000, "otherLiab": 10581000, "totalCurrentLiabilities": 1022887000, "totalLiab": 2136295000, "commonStock": 133307000, "treasuryStock": 428153000, "otherStockholderEquity": 428153000, "totalStockholderEquity": 561460000, "netTangibleAssets": 559997000}, {"maxAge": 1, "endDate": "2019-03-31", "cash": 91018000, "netReceivables": 195647000, "inventory": 572317000, "otherCurrentAssets": 471781000, "totalCurrentAssets": 1330763000, "longTermInvestments": 192289000, "propertyPlantEquipment": 114631000, "goodWill": 1463000, "otherAssets": 299536000, "deferredLongTermAssetCharges": 4606000, "totalAssets": 1938682000, "accountsPayable": 434689000, "otherCurrentLiab": 79441000, "longTermDebt": 973043000, "otherLiab": 9518000, "totalCurrentLiabilities": 558180000, "totalLiab": 1540741000, "commonStock": 109607000, "retainedEarnings": -333205000, "treasuryStock": 850000, "capitalSurplus": 620689000, "otherStockholderEquity": 850000, "totalStockholderEquity": 397941000, "netTangibleAssets": 396478000}, {"maxAge": 1, "endDate": "2018-03-31", "cash": 83084000, "netReceivables": 347888000, "inventory": 540907000, "otherCurrentAssets": 942111000, "totalCurrentAssets": 1913990000, "longTermInvestments": 215809000, "propertyPlantEquipment": 126174000, "goodWill": 1463000, "otherAssets": 341983000, "deferredLongTermAssetCharges": 5922000, "totalAssets": 2599419000, "accountsPayable": 673650000, "otherCurrentLiab": 29762000, "longTermDebt": 696871000, "otherLiab": 7705000, "totalCurrentLiabilities": 1502683000, "totalLiab": 2207259000, "commonStock": 109607000, "retainedEarnings": -338986000, "treasuryStock": 850000, "capitalSurplus": 620689000, "otherStockholderEquity": 850000, "totalStockholderEquity": 392160000, "netTangibleAssets": 390697000}, {"maxAge": 1, "endDate": "2017-03-31", "cash": 52143000, "netReceivables": 227562000, "inventory": 262621000, "otherCurrentAssets": 671226000, "totalCurrentAssets": 1213552000, "longTermInvestments": 192483000, "propertyPlantEquipment": 136459000, "goodWill": 1463000, "otherAssets": 372697000, "deferredLongTermAssetCharges": 6499000, "totalAssets": 1916654000, "accountsPayable": 278723000, "shortLongTermDebt": 5937000, "otherCurrentLiab": 30093000, "longTermDebt": 418933000, "otherLiab": 5762000, "totalCurrentLiabilities": 1112196000, "totalLiab": 1536891000, "commonStock": 109607000, "retainedEarnings": -351383000, "treasuryStock": 850000, "capitalSurplus": 620689000, "otherStockholderEquity": 850000, "totalStockholderEquity": 379763000, "netTangibleAssets": 378300000}], "maxAge": 86400}, "financialData": {"maxAge": 86400, "currentPrice": 49.5, "recommendationKey": "none", "grossProfits": 192669000, "financialCurrency": "INR"}}}