{"TASTYBITE.NS": {"assetProfile": {"address1": "201-202, Mayfair Towers", "address2": "Wakdewadi Shivajinagar", "city": "Pune", "zip": "411005", "country": "India", "phone": "91 20 3021 6000", "fax": "91 20 3021 6035", "website": "http://www.tastybite.co.in", "industry": "Packaged Foods", "sector": "Consumer Defensive", "longBusinessSummary": "Tasty Bite Eatables Limited manufactures and sells ready-to-eat food, and formed frozen food and specialty sauces under the Tasty Bite brand name in India and internationally. The company offers rice, Indian entr\u00c3\u00a9es, Asian noodles, patties, appetizers, ready meals, and gravies and pastes, as well as specialty, emulsion, and tomato based sauces; and ingredients, such as basmati rice, black lentils, brown rice, cardamom, cashew nuts, chickpeas, cloves, coconut milk, coriander, and cumin. The company was incorporated in 1985 and is based in Pune, India. Tasty Bite Eatables Limited is a subsidiary of Preferred Brands Foods (India) Private Limited.", "fullTimeEmployees": 277, "companyOfficers": [{"maxAge": 1, "name": "Mr. Abhijit  Upadhye", "age": 49, "title": "MD & Additional Director", "yearBorn": 1971, "fiscalYear": 2020, "totalPay": 40016666, "exercisedValue": 0, "unexercisedValue": 0}, {"maxAge": 1, "name": "Mr. Gaurav  Gupta", "age": 38, "title": "CFO & Director", "yearBorn": 1982, "fiscalYear": 2020, "totalPay": 7438200, "exercisedValue": 0, "unexercisedValue": 0}, {"maxAge": 1, "name": "Ms. Minal  Talwar", "title": "Compliance Officer & Company Sec.", "fiscalYear": 2020, "totalPay": 1361753, "exercisedValue": 0, "unexercisedValue": 0}, {"maxAge": 1, "name": "Ms. Anila  Thomas", "title": "Deputy Gen. Mang. of Human Resource", "exercisedValue": 0, "unexercisedValue": 0}, {"maxAge": 1, "name": "Mr. Rajendra A. Jadhav", "age": 55, "title": "Gen. Mang. of Works", "yearBorn": 1965, "exercisedValue": 0, "unexercisedValue": 0}, {"maxAge": 1, "name": "Mr. Ankit  Singhal", "age": 40, "title": "Exec. Officer", "yearBorn": 1980, "exercisedValue": 0, "unexercisedValue": 0}, {"maxAge": 1, "name": "Mr. Shashish  Hodlur", "age": 44, "title": "Exec. Officer", "yearBorn": 1976, "exercisedValue": 0, "unexercisedValue": 0}, {"maxAge": 1, "name": "Mr. Terence  D'cruz", "age": 51, "title": "Exec. Officer", "yearBorn": 1969, "exercisedValue": 0, "unexercisedValue": 0}, {"maxAge": 1, "name": "Mr. Pydisetty Veera Venkata Srinivasa Rao", "age": 52, "title": "Regional Pres of Mars Asia Pet Nutrition Bus.", "yearBorn": 1968, "exercisedValue": 0, "unexercisedValue": 0}, {"maxAge": 1, "name": "Mr. Shailendra  Saxena", "age": 51, "title": "Exec. Officer", "yearBorn": 1969, "exercisedValue": 0, "unexercisedValue": 0}], "compensationAsOfEpochDate": "2020-12-31 05:30:00", "maxAge": 86400}, "cashflowStatementHistory": {"cashflowStatements": [{"maxAge": 1, "endDate": "2020-03-31", "netIncome": 408620000, "depreciation": 167700000, "changeToNetincome": 57070000, "changeToAccountReceivables": -176400000, "changeToLiabilities": 93700000, "changeToInventory": -142240000, "changeToOperatingActivities": -40900000, "totalCashFromOperatingActivities": 368330000, "capitalExpenditures": -518120000, "otherCashflowsFromInvestingActivities": 1970000, "totalCashflowsFromInvestingActivities": -516150000, "dividendsPaid": -5130000, "netBorrowings": 188640000, "otherCashflowsFromFinancingActivities": -36460000, "totalCashFromFinancingActivities": 147050000, "changeInCash": -770000}, {"maxAge": 1, "endDate": "2019-03-31", "netIncome": 300630000, "depreciation": 125940000, "changeToNetincome": 74130000, "changeToAccountReceivables": -21450000, "changeToLiabilities": 126620000, "changeToInventory": -162340000, "changeToOperatingActivities": 111370000, "totalCashFromOperatingActivities": 555450000, "capitalExpenditures": -302620000, "investments": 390000, "otherCashflowsFromInvestingActivities": 1180000, "totalCashflowsFromInvestingActivities": -300650000, "dividendsPaid": -5140000, "netBorrowings": -71380000, "otherCashflowsFromFinancingActivities": -39850000, "totalCashFromFinancingActivities": -233930000, "changeInCash": 20870000}, {"maxAge": 1, "endDate": "2018-03-31", "netIncome": 264565000, "depreciation": 109349000, "changeToNetincome": 23062000, "changeToAccountReceivables": -40789000, "changeToLiabilities": 55477000, "changeToInventory": -61683000, "changeToOperatingActivities": -138679000, "totalCashFromOperatingActivities": 211715000, "capitalExpenditures": -105587000, "investments": 30647000, "otherCashflowsFromInvestingActivities": 4063000, "totalCashflowsFromInvestingActivities": -70875000, "dividendsPaid": -5120000, "netBorrowings": -98661000, "otherCashflowsFromFinancingActivities": -14304000, "totalCashFromFinancingActivities": -118085000, "changeInCash": 22755000}, {"maxAge": 1, "endDate": "2017-03-31", "netIncome": 219938000, "depreciation": 90592000, "changeToNetincome": 19040000, "changeToAccountReceivables": -103943000, "changeToLiabilities": 5593000, "changeToInventory": -85652000, "changeToOperatingActivities": -22807000, "totalCashFromOperatingActivities": 122956000, "capitalExpenditures": -270813000, "investments": 17880000, "otherCashflowsFromInvestingActivities": 5624000, "totalCashflowsFromInvestingActivities": -244401000, "dividendsPaid": -5120000, "netBorrowings": 132546000, "otherCashflowsFromFinancingActivities": -16235000, "totalCashFromFinancingActivities": 111191000, "changeInCash": -10254000}], "maxAge": 86400}, "institutionOwnership": {"maxAge": 1, "ownershipList": []}, "majorHoldersBreakdown": {"maxAge": 1, "insidersPercentHeld": 0.80303, "institutionsPercentHeld": 0.04285, "institutionsFloatPercentHeld": 0.21753, "institutionsCount": 9}, "balanceSheetHistoryQuarterly": {"balanceSheetStatements": [{"maxAge": 1, "endDate": "2020-12-31", "totalStockholderEquity": 1803340000, "netTangibleAssets": 1801280000}, {"maxAge": 1, "endDate": "2020-09-30", "cash": 129690000, "netReceivables": 400390000, "inventory": 576010000, "otherCurrentAssets": 316070000, "totalCurrentAssets": 1422160000, "propertyPlantEquipment": 1450070000, "intangibleAssets": 2060000, "otherAssets": 236520000, "deferredLongTermAssetCharges": 7210000, "totalAssets": 3110810000, "accountsPayable": 353220000, "otherCurrentLiab": 143100000, "longTermDebt": 167250000, "otherLiab": 81260000, "totalCurrentLiabilities": 983310000, "totalLiab": 1307470000, "commonStock": 25660000, "treasuryStock": 1777680000, "otherStockholderEquity": 1777680000, "totalStockholderEquity": 1803340000, "netTangibleAssets": 1801280000}, {"maxAge": 1, "endDate": "2020-06-30", "totalStockholderEquity": 1631380000, "netTangibleAssets": 1628970000}, {"maxAge": 1, "endDate": "2020-03-31", "cash": 76780000, "netReceivables": 748150000, "inventory": 663170000, "otherCurrentAssets": 2300000, "totalCurrentAssets": 1504240000, "propertyPlantEquipment": 1247090000, "intangibleAssets": 2410000, "otherAssets": 243220000, "deferredLongTermAssetCharges": 19670000, "totalAssets": 2996960000, "accountsPayable": 478680000, "shortLongTermDebt": 78220000, "otherCurrentLiab": 61780000, "longTermDebt": 207840000, "otherLiab": 68990000, "totalCurrentLiabilities": 1007670000, "totalLiab": 1365580000, "commonStock": 25660000, "retainedEarnings": 1638580000, "treasuryStock": -42340000, "capitalSurplus": 9480000, "otherStockholderEquity": -42340000, "totalStockholderEquity": 1631380000, "netTangibleAssets": 1628970000}], "maxAge": 86400}, "indexTrend": {"maxAge": 1, "symbol": "SP5", "peRatio": 19.7411, "pegRatio": 1.34172, "estimates": [{"period": "0q", "growth": 0.549}, {"period": "+1q", "growth": 0.431}, {"period": "0y", "growth": 0.305}, {"period": "+1y", "growth": 0.109}, {"period": "+5y", "growth": 0.120865}, {"period": "-5y"}]}, "defaultKeyStatistics": {"maxAge": 1, "priceHint": 2, "enterpriseValue": 43475099648, "profitMargins": 0.08984999, "floatShares": 432418, "sharesOutstanding": 2566000, "heldPercentInsiders": 0.80303, "heldPercentInstitutions": 0.04285, "beta": 0.666514, "category": null, "bookValue": 702.806, "priceToBook": 23.850391, "fundFamily": null, "legalType": null, "lastFiscalYearEnd": "2020-03-31 05:30:00", "nextFiscalYearEnd": "2022-03-31 05:30:00", "mostRecentQuarter": "2020-12-31 05:30:00", "earningsQuarterlyGrowth": -0.014, "netIncomeToCommon": 340060000, "trailingEps": 132.318, "lastSplitFactor": null, "enterpriseToRevenue": 11.487, "enterpriseToEbitda": 90.869, "52WeekChange": 0.6523762, "SandP52WeekChange": 0.48148263, "lastDividendValue": 2.0, "lastDividendDate": 1594857600}, "summaryProfile": {"address1": "201-202, Mayfair Towers", "address2": "Wakdewadi Shivajinagar", "city": "Pune", "zip": "411005", "country": "India", "phone": "91 20 3021 6000", "fax": "91 20 3021 6035", "website": "http://www.tastybite.co.in", "industry": "Packaged Foods", "sector": "Consumer Defensive", "longBusinessSummary": "Tasty Bite Eatables Limited manufactures and sells ready-to-eat food, and formed frozen food and specialty sauces under the Tasty Bite brand name in India and internationally. The company offers rice, Indian entr\u00c3\u00a9es, Asian noodles, patties, appetizers, ready meals, and gravies and pastes, as well as specialty, emulsion, and tomato based sauces; and ingredients, such as basmati rice, black lentils, brown rice, cardamom, cashew nuts, chickpeas, cloves, coconut milk, coriander, and cumin. The company was incorporated in 1985 and is based in Pune, India. Tasty Bite Eatables Limited is a subsidiary of Preferred Brands Foods (India) Private Limited.", "fullTimeEmployees": 277, "companyOfficers": [], "maxAge": 86400}, "netSharePurchaseActivity": {"maxAge": 1, "period": "6m", "buyInfoCount": 0, "buyInfoShares": 0, "sellInfoCount": 0, "netInfoCount": 0, "netInfoShares": 0, "netPercentInsiderShares": 0.0, "totalInsiderShares": 2060677}, "insiderTransactions": {"transactions": [{"maxAge": 1, "shares": 300, "filerUrl": "", "transactionText": "", "filerName": "Kagome Co., Ltd.", "filerRelation": "Institution- Corporation", "moneyText": "", "startDate": "2017-11-02", "ownership": "D"}, {"maxAge": 1, "shares": 300, "filerUrl": "", "transactionText": "", "filerName": "Kagome Co., Ltd.", "filerRelation": "Institution- Corporation", "moneyText": "", "startDate": "2016-02-25", "ownership": "D"}, {"maxAge": 1, "shares": 1042, "filerUrl": "", "transactionText": "", "filerName": "Kantheti (Swapna)", "filerRelation": "UNREPORTED", "moneyText": "", "startDate": "2012-01-05", "ownership": "D"}, {"maxAge": 1, "shares": 27458, "filerUrl": "", "transactionText": "", "filerName": "Kantheti (Swapna)", "filerRelation": "UNREPORTED", "moneyText": "", "startDate": "2011-12-23", "ownership": "D"}, {"maxAge": 1, "shares": 27000, "filerUrl": "", "transactionText": "", "filerName": "Lekhya Entertainment Pvt Ltd", "filerRelation": "Institution- Corporation", "moneyText": "", "startDate": "2011-12-21", "ownership": "D"}, {"maxAge": 1, "shares": 49900, "filerUrl": "", "transactionText": "", "filerName": "Kantheti (Swapna)", "filerRelation": "UNREPORTED", "moneyText": "", "startDate": "2011-12-20", "ownership": "D"}, {"maxAge": 1, "shares": 50000, "filerUrl": "", "transactionText": "", "filerName": "Lekhya Entertainment Pvt Ltd", "filerRelation": "Institution- Corporation", "moneyText": "", "startDate": "2011-12-20", "ownership": "D"}, {"maxAge": 1, "shares": 5207, "filerUrl": "", "transactionText": "", "filerName": "Kantheti (Swapna)", "filerRelation": "UNREPORTED", "moneyText": "", "startDate": "2011-12-19", "ownership": "D"}, {"maxAge": 1, "shares": 5000, "filerUrl": "", "transactionText": "", "filerName": "Lekhya Entertainment Pvt Ltd", "filerRelation": "Institution- Corporation", "moneyText": "", "startDate": "2011-12-19", "ownership": "D"}, {"maxAge": 1, "shares": 1628, "filerUrl": "", "transactionText": "", "filerName": "Kantheti (Swapna)", "filerRelation": "UNREPORTED", "moneyText": "", "startDate": "2011-11-22", "ownership": "D"}], "maxAge": 1}, "quoteType": {"exchange": "NSI", "quoteType": "EQUITY", "symbol": "TASTYBITE.NS", "underlyingSymbol": "TASTYBITE.NS", "shortName": "TASTY BITE EATABLE", "longName": "Tasty Bite Eatables Limited", "firstTradeDateEpochUtc": "2017-03-23 09:15:00", "timeZoneFullName": "Asia/Kolkata", "timeZoneShortName": "IST", "uuid": "4b254a86-086e-3312-8b1a-dd4f24c0fdb3", "messageBoardId": "finmb_20375549", "gmtOffSetMilliseconds": 19800000, "maxAge": 1}, "incomeStatementHistory": {"incomeStatementHistory": [{"maxAge": 1, "endDate": "2020-03-31", "totalRevenue": 4257740000, "costOfRevenue": 2854050000, "grossProfit": 1403690000, "researchDevelopment": {}, "sellingGeneralAdministrative": 374360000, "nonRecurring": {}, "otherOperatingExpenses": 579150000, "totalOperatingExpenses": 3976350000, "operatingIncome": 281390000, "totalOtherIncomeExpenseNet": 252150000, "ebit": 281390000, "interestExpense": -35200000, "incomeBeforeTax": 533540000, "incomeTaxExpense": 124920000, "minorityInterest": {}, "netIncomeFromContinuingOps": 408620000, "discontinuedOperations": {}, "extraordinaryItems": {}, "effectOfAccountingCharges": {}, "otherItems": {}, "netIncome": 408620000, "netIncomeApplicableToCommonShares": 408620000}, {"maxAge": 1, "endDate": "2019-03-31", "totalRevenue": 3369300000, "costOfRevenue": 2088450000, "grossProfit": 1280850000, "researchDevelopment": {}, "sellingGeneralAdministrative": 322790000, "nonRecurring": {}, "otherOperatingExpenses": 446050000, "totalOperatingExpenses": 2984600000, "operatingIncome": 384700000, "totalOtherIncomeExpenseNet": 86060000, "ebit": 384700000, "interestExpense": -43280000, "incomeBeforeTax": 470760000, "incomeTaxExpense": 170130000, "minorityInterest": {}, "netIncomeFromContinuingOps": 300630000, "discontinuedOperations": {}, "extraordinaryItems": {}, "effectOfAccountingCharges": {}, "otherItems": {}, "netIncome": 300630000, "netIncomeApplicableToCommonShares": 300630000}, {"maxAge": 1, "endDate": "2018-03-31", "totalRevenue": 2960731000, "costOfRevenue": 1734231000, "grossProfit": 1226500000, "researchDevelopment": {}, "sellingGeneralAdministrative": 244243000, "nonRecurring": {}, "otherOperatingExpenses": 495503000, "totalOperatingExpenses": 2584116000, "operatingIncome": 376615000, "totalOtherIncomeExpenseNet": 33785000, "ebit": 376615000, "interestExpense": -23399000, "incomeBeforeTax": 410400000, "incomeTaxExpense": 145835000, "minorityInterest": {}, "netIncomeFromContinuingOps": 264565000, "discontinuedOperations": {}, "extraordinaryItems": {}, "effectOfAccountingCharges": {}, "otherItems": {}, "netIncome": 264565000, "netIncomeApplicableToCommonShares": 264565000}, {"maxAge": 1, "endDate": "2017-03-31", "totalRevenue": 2522704000, "costOfRevenue": 1481479000, "grossProfit": 1041225000, "researchDevelopment": {}, "sellingGeneralAdministrative": 202517000, "nonRecurring": {}, "otherOperatingExpenses": 408065000, "totalOperatingExpenses": 2183370000, "operatingIncome": 339334000, "totalOtherIncomeExpenseNet": 2650000, "ebit": 339334000, "interestExpense": -25234000, "incomeBeforeTax": 341984000, "incomeTaxExpense": 122046000, "minorityInterest": {}, "netIncomeFromContinuingOps": 219938000, "discontinuedOperations": {}, "extraordinaryItems": {}, "effectOfAccountingCharges": {}, "otherItems": {}, "netIncome": 219938000, "netIncomeApplicableToCommonShares": 219938000}], "maxAge": 86400}, "fundOwnership": {"maxAge": 1, "ownershipList": [{"maxAge": 1, "reportDate": "2021-01-31", "organization": "DFA Emerging Markets Small Cap Series", "pctHeld": 0.00029999999, "position": 629, "value": 7292185}, {"maxAge": 1, "reportDate": "2021-01-31", "organization": "DFA Emerging Markets Core Equity Portfolio", "pctHeld": 0.0001, "position": 225, "value": 2608492}, {"maxAge": 1, "reportDate": "2021-01-31", "organization": "DFA Investment Dimensions-Emerging Markets Social Core Equity", "pctHeld": 0.0001, "position": 176, "value": 2040420}]}, "summaryDetail": {"maxAge": 1, "priceHint": 2, "previousClose": 16712.45, "open": 16712.0, "dayLow": 16181.9, "dayHigh": 16900.0, "regularMarketPreviousClose": 16712.45, "regularMarketOpen": 16712.0, "regularMarketDayLow": 16181.9, "regularMarketDayHigh": 16900.0, "dividendRate": 2.0, "dividendYield": 0.0001, "exDividendDate": "2020-07-16 05:30:00", "payoutRatio": 0.0150999995, "beta": 0.666514, "trailingPE": 126.681175, "volume": 2788, "regularMarketVolume": 2788, "averageVolume": 2538, "averageVolume10days": 2641, "averageDailyVolume10Day": 2641, "bid": 0.0, "ask": 16762.2, "bidSize": 0, "askSize": 0, "marketCap": 42994204672, "fiftyTwoWeekLow": 8785.15, "fiftyTwoWeekHigh": 17000.0, "priceToSalesTrailing12Months": 11.360093, "fiftyDayAverage": 14659.823, "twoHundredDayAverage": 12663.49, "trailingAnnualDividendRate": 2.0, "trailingAnnualDividendYield": 0.00011967127, "currency": "INR", "fromCurrency": null, "toCurrency": null, "lastMarket": null, "algorithm": null, "tradeable": false}, "incomeStatementHistoryQuarterly": {"incomeStatementHistory": [{"maxAge": 1, "endDate": "2020-12-31", "totalRevenue": 1188110000, "costOfRevenue": 760600000, "grossProfit": 427510000, "researchDevelopment": {}, "sellingGeneralAdministrative": 84990000, "nonRecurring": {}, "otherOperatingExpenses": 167390000, "totalOperatingExpenses": 1055130000, "operatingIncome": 132980000, "totalOtherIncomeExpenseNet": 44850000, "ebit": 132980000, "interestExpense": -3860000, "incomeBeforeTax": 177830000, "incomeTaxExpense": 42980000, "minorityInterest": {}, "netIncomeFromContinuingOps": 134850000, "discontinuedOperations": {}, "extraordinaryItems": {}, "effectOfAccountingCharges": {}, "otherItems": {}, "netIncome": 134850000, "netIncomeApplicableToCommonShares": 134850000}, {"maxAge": 1, "endDate": "2020-09-30", "totalRevenue": 907660000, "costOfRevenue": 571770000, "grossProfit": 335890000, "researchDevelopment": {}, "sellingGeneralAdministrative": 77340000, "nonRecurring": {}, "otherOperatingExpenses": 130720000, "totalOperatingExpenses": 817220000, "operatingIncome": 90440000, "totalOtherIncomeExpenseNet": 51420000, "ebit": 90440000, "interestExpense": -2450000, "incomeBeforeTax": 141860000, "incomeTaxExpense": 36170000, "minorityInterest": {}, "netIncomeFromContinuingOps": 105690000, "discontinuedOperations": {}, "extraordinaryItems": {}, "effectOfAccountingCharges": {}, "otherItems": {}, "netIncome": 105690000, "netIncomeApplicableToCommonShares": 105690000}, {"maxAge": 1, "endDate": "2020-06-30", "totalRevenue": 538130000, "costOfRevenue": 323440000, "grossProfit": 214690000, "researchDevelopment": {}, "sellingGeneralAdministrative": 71530000, "nonRecurring": {}, "otherOperatingExpenses": 119230000, "totalOperatingExpenses": 546860000, "operatingIncome": -8730000, "totalOtherIncomeExpenseNet": 29290000, "ebit": -8730000, "interestExpense": -6510000, "incomeBeforeTax": 20560000, "incomeTaxExpense": 6390000, "minorityInterest": {}, "netIncomeFromContinuingOps": 14170000, "discontinuedOperations": {}, "extraordinaryItems": {}, "effectOfAccountingCharges": {}, "otherItems": {}, "netIncome": 14170000, "netIncomeApplicableToCommonShares": 14170000}, {"maxAge": 1, "endDate": "2020-03-31", "totalRevenue": 1150770000, "costOfRevenue": 788990000, "grossProfit": 361780000, "researchDevelopment": {}, "sellingGeneralAdministrative": 144900000, "nonRecurring": {}, "otherOperatingExpenses": 86910000, "totalOperatingExpenses": 1064290000, "operatingIncome": 86480000, "totalOtherIncomeExpenseNet": 30680000, "ebit": 86480000, "interestExpense": -10350000, "incomeBeforeTax": 117160000, "incomeTaxExpense": 31830000, "minorityInterest": {}, "netIncomeFromContinuingOps": 85330000, "discontinuedOperations": {}, "extraordinaryItems": {}, "effectOfAccountingCharges": {}, "otherItems": {}, "netIncome": 85330000, "netIncomeApplicableToCommonShares": 85330000}], "maxAge": 86400}, "cashflowStatementHistoryQuarterly": {"cashflowStatements": [{"maxAge": 1, "endDate": "2020-12-31", "netIncome": 134850000, "changeToLiabilities": 0}, {"maxAge": 1, "endDate": "2020-09-30", "netIncome": 105690000, "changeToLiabilities": 0}, {"maxAge": 1, "endDate": "2020-06-30", "netIncome": 14170000, "changeToLiabilities": 0}, {"maxAge": 1, "endDate": "2020-03-31", "netIncome": 85330000, "changeToLiabilities": 0}], "maxAge": 86400}, "insiderHolders": {"holders": [{"maxAge": 1, "name": "Kagome Co., Ltd.", "relation": "Institution- Corporation", "url": "", "transactionDescription": "Sale", "latestTransDate": "2017-11-02", "positionDirect": 0, "positionDirectDate": "2017-11-02"}, {"maxAge": 1, "name": "Kantheti (Swapna)", "relation": "UNREPORTED", "url": "", "transactionDescription": "Acquisition", "latestTransDate": "2012-01-05", "positionDirect": 157900, "positionDirectDate": "2012-01-05"}, {"maxAge": 1, "name": "Lekhya Entertainment Pvt Ltd", "relation": "Institution- Corporation", "url": "", "transactionDescription": "Sale", "latestTransDate": "2011-12-21", "positionDirect": 0, "positionDirectDate": "2011-12-21"}], "maxAge": 1}, "calendarEvents": {"maxAge": 1, "earnings": {"earningsDate": []}, "exDividendDate": "2020-07-16 05:30:00"}, "price": {"maxAge": 1, "regularMarketChangePercent": 0.002976823, "regularMarketChange": 49.75, "regularMarketTime": "2021-04-30 15:29:56", "priceHint": 2, "regularMarketPrice": 16762.2, "regularMarketDayHigh": 16900.0, "regularMarketDayLow": 16181.9, "regularMarketVolume": 2788, "averageDailyVolume10Day": 2641, "averageDailyVolume3Month": 2538, "regularMarketPreviousClose": 16712.45, "regularMarketSource": "FREE_REALTIME", "regularMarketOpen": 16712.0, "exchange": "NSI", "exchangeName": "NSE", "exchangeDataDelayedBy": 15, "marketState": "CLOSED", "quoteType": "EQUITY", "symbol": "TASTYBITE.NS", "underlyingSymbol": null, "shortName": "TASTY BITE EATABLE", "longName": "Tasty Bite Eatables Limited", "currency": "INR", "quoteSourceName": "Delayed Quote", "currencySymbol": "\u20b9", "fromCurrency": null, "toCurrency": null, "lastMarket": null, "marketCap": 42994204672}, "balanceSheetHistory": {"balanceSheetStatements": [{"maxAge": 1, "endDate": "2020-03-31", "cash": 76780000, "netReceivables": 748150000, "inventory": 663170000, "otherCurrentAssets": 2300000, "totalCurrentAssets": 1504240000, "propertyPlantEquipment": 1247090000, "intangibleAssets": 2410000, "otherAssets": 243220000, "deferredLongTermAssetCharges": 19670000, "totalAssets": 2996960000, "accountsPayable": 478680000, "shortLongTermDebt": 78220000, "otherCurrentLiab": 61780000, "longTermDebt": 207840000, "otherLiab": 68990000, "totalCurrentLiabilities": 1007670000, "totalLiab": 1365580000, "commonStock": 25660000, "retainedEarnings": 1638580000, "treasuryStock": -42340000, "capitalSurplus": 9480000, "otherStockholderEquity": -42340000, "totalStockholderEquity": 1631380000, "netTangibleAssets": 1628970000}, {"maxAge": 1, "endDate": "2019-03-31", "cash": 77550000, "shortTermInvestments": 219000, "netReceivables": 537460000, "inventory": 527370000, "otherCurrentAssets": 51180000, "totalCurrentAssets": 1205910000, "longTermInvestments": 3579000, "propertyPlantEquipment": 922330000, "intangibleAssets": 1930000, "otherAssets": 117640000, "totalAssets": 2247810000, "accountsPayable": 384370000, "shortLongTermDebt": 67060000, "otherCurrentLiab": 20540000, "longTermDebt": 258120000, "otherLiab": 94230000, "totalCurrentLiabilities": 575470000, "totalLiab": 927820000, "commonStock": 25660000, "retainedEarnings": 1236150000, "treasuryStock": 48700000, "capitalSurplus": 9480000, "otherStockholderEquity": 48700000, "totalStockholderEquity": 1319990000, "netTangibleAssets": 1318060000}, {"maxAge": 1, "endDate": "2018-03-31", "cash": 56676000, "netReceivables": 623295000, "inventory": 351648000, "otherCurrentAssets": 7908000, "totalCurrentAssets": 1056250000, "propertyPlantEquipment": 783938000, "intangibleAssets": 1454000, "otherAssets": 77094000, "totalAssets": 1918736000, "accountsPayable": 256764000, "shortLongTermDebt": 56256000, "otherCurrentLiab": 13533000, "longTermDebt": 305704000, "otherLiab": 87667000, "totalCurrentLiabilities": 532591000, "totalLiab": 925962000, "commonStock": 25660000, "retainedEarnings": 941702000, "treasuryStock": 15937000, "capitalSurplus": 9475000, "otherStockholderEquity": 15937000, "totalStockholderEquity": 992774000, "netTangibleAssets": 991320000}, {"maxAge": 1, "endDate": "2017-03-31", "cash": 33921000, "shortTermInvestments": 27992000, "netReceivables": 499039000, "inventory": 282835000, "otherCurrentAssets": 33854000, "totalCurrentAssets": 888019000, "longTermInvestments": 1962000, "propertyPlantEquipment": 737793000, "intangibleAssets": 1778000, "otherAssets": 67711000, "totalAssets": 1697263000, "accountsPayable": 202215000, "shortLongTermDebt": 27642000, "otherCurrentLiab": 23064000, "longTermDebt": 360370000, "otherLiab": 74025000, "totalCurrentLiabilities": 518471000, "totalLiab": 952866000, "commonStock": 25660000, "retainedEarnings": 683314000, "treasuryStock": 25948000, "capitalSurplus": 9475000, "otherStockholderEquity": 25948000, "totalStockholderEquity": 744397000, "netTangibleAssets": 742619000}], "maxAge": 86400}, "financialData": {"maxAge": 86400, "currentPrice": 16762.2, "recommendationKey": "none", "totalCash": 129690000, "totalCashPerShare": 50.539, "ebitda": 478437504, "totalDebt": 718520000, "totalRevenue": 3784669952, "debtToEquity": 39.844, "revenuePerShare": 1472.619, "grossProfits": 1403690000, "earningsGrowth": -0.014, "revenueGrowth": 0.041, "grossMargins": 0.35403, "ebitdaMargins": 0.12641, "operatingMargins": 0.07958, "profitMargins": 0.08984999, "financialCurrency": "INR"}}}