{"TATACOFFEE.BO": {"recommendationTrend": {"trend": [{"period": "0m", "strongBuy": 0, "buy": 0, "hold": 0, "sell": 0, "strongSell": 0}, {"period": "-1m", "strongBuy": 0, "buy": 0, "hold": 0, "sell": 0, "strongSell": 0}, {"period": "-2m", "strongBuy": 0, "buy": 0, "hold": 0, "sell": 0, "strongSell": 0}, {"period": "-3m", "strongBuy": 0, "buy": 0, "hold": 0, "sell": 0, "strongSell": 0}], "maxAge": 86400}, "cashflowStatementHistory": {"cashflowStatements": [{"maxAge": 1, "endDate": "2020-03-31", "netIncome": 824027000, "depreciation": 778862000, "changeToNetincome": 990969000, "changeToAccountReceivables": -551907000, "changeToLiabilities": 330207000, "changeToInventory": -322393000, "changeToOperatingActivities": 531622000, "totalCashFromOperatingActivities": 2609001000, "capitalExpenditures": -675857000, "investments": -82076000, "otherCashflowsFromInvestingActivities": 241267000, "totalCashflowsFromInvestingActivities": -380782000, "dividendsPaid": -696530000, "netBorrowings": -419085000, "otherCashflowsFromFinancingActivities": -626649000, "totalCashFromFinancingActivities": -1742264000, "effectOfExchangeRate": 108848000, "changeInCash": 594803000}, {"maxAge": 1, "endDate": "2019-03-31", "netIncome": 687745000, "depreciation": 508866000, "changeToNetincome": 665981000, "changeToAccountReceivables": 265979000, "changeToLiabilities": -60739000, "changeToInventory": -375865000, "changeToOperatingActivities": -304270000, "totalCashFromOperatingActivities": 1448703000, "capitalExpenditures": -1949758000, "investments": -487070000, "otherCashflowsFromInvestingActivities": 460342000, "totalCashflowsFromInvestingActivities": -1702777000, "dividendsPaid": -686642000, "netBorrowings": 1042479000, "otherCashflowsFromFinancingActivities": -448062000, "totalCashFromFinancingActivities": -92225000, "effectOfExchangeRate": 20712000, "changeInCash": -325587000}, {"maxAge": 1, "endDate": "2018-03-31", "netIncome": 1066336000, "depreciation": 486008000, "changeToNetincome": 167788000, "changeToAccountReceivables": -317508000, "changeToLiabilities": 136472000, "changeToInventory": -141819000, "changeToOperatingActivities": -217160000, "totalCashFromOperatingActivities": 1243239000, "capitalExpenditures": -2947468000, "investments": 681137000, "otherCashflowsFromInvestingActivities": 124698000, "totalCashflowsFromInvestingActivities": -1878034000, "dividendsPaid": -682180400, "netBorrowings": 2052537000, "otherCashflowsFromFinancingActivities": -303874000, "totalCashFromFinancingActivities": 1019790000, "effectOfExchangeRate": -564000, "changeInCash": 384431000}, {"maxAge": 1, "endDate": "2017-03-31", "netIncome": 1511509000, "depreciation": 495250000, "changeToNetincome": 917450000, "changeToAccountReceivables": 41748000, "changeToLiabilities": 131621000, "changeToInventory": -205099000, "changeToOperatingActivities": 310002000, "totalCashFromOperatingActivities": 3272581000, "capitalExpenditures": -734243000, "investments": -939773000, "otherCashflowsFromInvestingActivities": 318179000, "totalCashflowsFromInvestingActivities": -1266539000, "dividendsPaid": -734860000, "netBorrowings": -1020061000, "otherCashflowsFromFinancingActivities": -346456000, "totalCashFromFinancingActivities": -2101377000, "effectOfExchangeRate": -6648000, "changeInCash": -101983000}], "maxAge": 86400}, "institutionOwnership": {"ownershipList": [], "maxAge": 1}, "balanceSheetHistoryQuarterly": {"balanceSheetStatements": [{"maxAge": 1, "endDate": "2020-06-30", "totalStockholderEquity": 12545569000, "netTangibleAssets": -1974523000}, {"maxAge": 1, "endDate": "2020-03-31", "cash": 1075326000, "shortTermInvestments": 360054000, "netReceivables": 2691652000, "inventory": 4163507000, "otherCurrentAssets": 254999000, "totalCurrentAssets": 9724319000, "longTermInvestments": 6592000, "propertyPlantEquipment": 10700943000, "goodWill": 13099040000, "intangibleAssets": 1421052000, "otherAssets": 685142000, "totalAssets": 35637088000, "accountsPayable": 1542660000, "shortLongTermDebt": 739120000, "otherCurrentLiab": 1841572000, "longTermDebt": 10314799000, "otherLiab": 1796902000, "minorityInterest": 4296528000, "totalCurrentLiabilities": 5732472000, "totalLiab": 18794991000, "commonStock": 186770000, "retainedEarnings": 10338569000, "treasuryStock": 577803000, "capitalSurplus": 1442427000, "otherStockholderEquity": 577803000, "totalStockholderEquity": 12545569000, "netTangibleAssets": -1974523000}, {"maxAge": 1, "endDate": "2019-12-31", "totalStockholderEquity": 11928600000, "netTangibleAssets": -1729700000}, {"maxAge": 1, "endDate": "2019-09-30", "cash": 847200000, "shortTermInvestments": 1311500000, "netReceivables": 2311300000, "inventory": 4028200000, "otherCurrentAssets": 321500000, "totalCurrentAssets": 8819700000, "longTermInvestments": 180300000, "propertyPlantEquipment": 10331400000, "goodWill": 12269800000, "intangibleAssets": 1388500000, "otherAssets": 774900000, "totalAssets": 33764600000, "accountsPayable": 1187400000, "otherCurrentLiab": 2238900000, "longTermDebt": 10225100000, "otherLiab": 1597200000, "minorityInterest": 3820300000, "totalCurrentLiabilities": 5286900000, "totalLiab": 18015700000, "commonStock": 186800000, "treasuryStock": 11741800000, "otherStockholderEquity": 11741800000, "totalStockholderEquity": 11928600000, "netTangibleAssets": -1729700000}], "maxAge": 86400}, "earningsHistory": {"history": [{"maxAge": 1, "epsActual": {}, "epsEstimate": {}, "epsDifference": {}, "surprisePercent": {}, "quarter": {}, "period": "-4q"}, {"maxAge": 1, "epsActual": {}, "epsEstimate": {}, "epsDifference": {}, "surprisePercent": {}, "quarter": {}, "period": "-3q"}, {"maxAge": 1, "epsActual": {}, "epsEstimate": {}, "epsDifference": {}, "surprisePercent": {}, "quarter": {}, "period": "-2q"}, {"maxAge": 1, "epsActual": 0.39, "epsEstimate": 1.61, "epsDifference": -1.22, "surprisePercent": -0.758, "quarter": "2018-03-31", "period": "-1q"}], "maxAge": 86400}, "indexTrend": {"maxAge": 1, "symbol": "SP5", "peRatio": 19.7411, "pegRatio": 1.34172, "estimates": [{"period": "0q", "growth": 0.549}, {"period": "+1q", "growth": 0.431}, {"period": "0y", "growth": 0.305}, {"period": "+1y", "growth": 0.109}, {"period": "+5y", "growth": 0.120865}, {"period": "-5y"}]}, "industryTrend": {"maxAge": 1, "symbol": null, "estimates": []}, "insiderTransactions": {"transactions": [{"maxAge": 1, "shares": 374258, "filerUrl": "", "transactionText": "", "filerName": "Life Insurance Corporation of India", "filerRelation": "Institution- Corporation", "moneyText": "", "startDate": "2012-06-06", "ownership": "D"}, {"maxAge": 1, "shares": 40696, "filerUrl": "", "transactionText": "", "filerName": "Shah (Sharad Kantilal)", "filerRelation": "UNREPORTED", "moneyText": "", "startDate": "2009-12-03", "ownership": "D"}], "maxAge": 1}, "quoteType": {"exchange": "BSE", "quoteType": "EQUITY", "symbol": "TATACOFFEE.BO", "underlyingSymbol": "TATACOFFEE.BO", "shortName": "TATA COFFEE LTD.", "longName": "Tata Coffee Limited", "firstTradeDateEpochUtc": "2000-07-19 09:15:00", "timeZoneFullName": "Asia/Kolkata", "timeZoneShortName": "IST", "uuid": "49242b99-ab11-3084-8e2b-90d40a5b4216", "gmtOffSetMilliseconds": 19800000, "maxAge": 1}, "incomeStatementHistory": {"incomeStatementHistory": [{"maxAge": 1, "endDate": "2020-03-31", "totalRevenue": 19660594000, "costOfRevenue": 9843148000, "grossProfit": 9817446000, "researchDevelopment": {}, "sellingGeneralAdministrative": 3299116000, "nonRecurring": {}, "otherOperatingExpenses": 3287656000, "totalOperatingExpenses": 17236396000, "operatingIncome": 2424198000, "totalOtherIncomeExpenseNet": -423452000, "ebit": 2424198000, "interestExpense": -610934000, "incomeBeforeTax": 2000746000, "incomeTaxExpense": 590609000, "minorityInterest": 4296528000, "netIncomeFromContinuingOps": 1410137000, "discontinuedOperations": {}, "extraordinaryItems": {}, "effectOfAccountingCharges": {}, "otherItems": {}, "netIncome": 824027000, "netIncomeApplicableToCommonShares": 824027000}, {"maxAge": 1, "endDate": "2019-03-31", "totalRevenue": 18039818000, "costOfRevenue": 9256347000, "grossProfit": 8783471000, "researchDevelopment": {}, "sellingGeneralAdministrative": 3237864000, "nonRecurring": {}, "otherOperatingExpenses": 3055215000, "totalOperatingExpenses": 16119298000, "operatingIncome": 1920520000, "totalOtherIncomeExpenseNet": -219666000, "ebit": 1920520000, "interestExpense": -422692000, "incomeBeforeTax": 1700854000, "incomeTaxExpense": 631932000, "minorityInterest": 3624195000, "netIncomeFromContinuingOps": 1068922000, "discontinuedOperations": {}, "extraordinaryItems": {}, "effectOfAccountingCharges": {}, "otherItems": {}, "netIncome": 687745000, "netIncomeApplicableToCommonShares": 687745000}, {"maxAge": 1, "endDate": "2018-03-31", "totalRevenue": 15673235000, "costOfRevenue": 7474022000, "grossProfit": 8199213000, "researchDevelopment": {}, "sellingGeneralAdministrative": 3154844000, "nonRecurring": {}, "otherOperatingExpenses": 2401061000, "totalOperatingExpenses": 13579057000, "operatingIncome": 2094178000, "totalOtherIncomeExpenseNet": -234790000, "ebit": 2094178000, "interestExpense": -306802000, "incomeBeforeTax": 1859388000, "incomeTaxExpense": -10599000, "minorityInterest": 3469648000, "netIncomeFromContinuingOps": 1869987000, "discontinuedOperations": {}, "extraordinaryItems": {}, "effectOfAccountingCharges": {}, "otherItems": {}, "netIncome": 1066336000, "netIncomeApplicableToCommonShares": 1066336000}, {"maxAge": 1, "endDate": "2017-03-31", "totalRevenue": 16060018000, "costOfRevenue": 6384314000, "grossProfit": 9675704000, "researchDevelopment": {}, "sellingGeneralAdministrative": 3161598000, "nonRecurring": {}, "otherOperatingExpenses": 2610502000, "totalOperatingExpenses": 12721764000, "operatingIncome": 3338254000, "totalOtherIncomeExpenseNet": -159281000, "ebit": 3338254000, "interestExpense": -329530000, "incomeBeforeTax": 3178973000, "incomeTaxExpense": 1083408000, "minorityInterest": 2994873000, "netIncomeFromContinuingOps": 2095565000, "discontinuedOperations": {}, "extraordinaryItems": {}, "effectOfAccountingCharges": {}, "otherItems": {}, "netIncome": 1511509000, "netIncomeApplicableToCommonShares": 1511509000}], "maxAge": 86400}, "fundOwnership": {"ownershipList": [], "maxAge": 1}, "summaryDetail": {"maxAge": 1, "priceHint": 2, "previousClose": 127.85, "open": 132.1, "dayLow": 128.55, "dayHigh": 139.7, "regularMarketPreviousClose": 127.85, "regularMarketOpen": 132.1, "regularMarketDayLow": 128.55, "regularMarketDayHigh": 139.7, "trailingPE": 25.422905, "forwardPE": 15.382353, "volume": 1172271, "regularMarketVolume": 1172271, "averageVolume": 112572, "averageVolume10days": 153606, "averageDailyVolume10Day": 153606, "bid": 130.75, "ask": 0.0, "bidSize": 0, "askSize": 0, "marketCap": 24420177920, "fiftyTwoWeekLow": 47.1, "fiftyTwoWeekHigh": 139.7, "fiftyDayAverage": 109.35, "twoHundredDayAverage": 105.30331, "trailingAnnualDividendRate": 1.5, "trailingAnnualDividendYield": 0.011732499, "currency": "INR", "fromCurrency": null, "lastMarket": null, "algorithm": null, "tradeable": false}, "sectorTrend": {"maxAge": 1, "symbol": null, "estimates": []}, "incomeStatementHistoryQuarterly": {"incomeStatementHistory": [{"maxAge": 1, "endDate": "2020-06-30", "totalRevenue": 5875300000, "costOfRevenue": 2975900000, "grossProfit": 2899400000, "researchDevelopment": {}, "sellingGeneralAdministrative": 868300000, "nonRecurring": {}, "otherOperatingExpenses": 925100000, "totalOperatingExpenses": 4978400000, "operatingIncome": 896900000, "totalOtherIncomeExpenseNet": -106300000, "ebit": 896900000, "interestExpense": -149600000, "incomeBeforeTax": 790600000, "incomeTaxExpense": 174600000, "minorityInterest": {}, "netIncomeFromContinuingOps": 616000000, "discontinuedOperations": {}, "extraordinaryItems": {}, "effectOfAccountingCharges": {}, "otherItems": {}, "netIncome": 359400000, "netIncomeApplicableToCommonShares": 359400000}, {"maxAge": 1, "endDate": "2020-03-31", "totalRevenue": 5167394000, "costOfRevenue": 2755348000, "grossProfit": 2412046000, "researchDevelopment": {}, "sellingGeneralAdministrative": 945416000, "nonRecurring": {}, "otherOperatingExpenses": 669756000, "totalOperatingExpenses": 4577796000, "operatingIncome": 589598000, "totalOtherIncomeExpenseNet": -127152000, "ebit": 589598000, "interestExpense": -117134000, "incomeBeforeTax": 462446000, "incomeTaxExpense": 221909000, "minorityInterest": 4296528000, "netIncomeFromContinuingOps": 240537000, "discontinuedOperations": {}, "extraordinaryItems": {}, "effectOfAccountingCharges": {}, "otherItems": {}, "netIncome": 98627000, "netIncomeApplicableToCommonShares": 98627000}, {"maxAge": 1, "endDate": "2019-12-31", "totalRevenue": 5014200000, "costOfRevenue": 2450300000, "grossProfit": 2563900000, "researchDevelopment": {}, "sellingGeneralAdministrative": 824800000, "nonRecurring": {}, "otherOperatingExpenses": 887900000, "totalOperatingExpenses": 4368100000, "operatingIncome": 646100000, "totalOtherIncomeExpenseNet": -55800000, "ebit": 646100000, "interestExpense": -156600000, "incomeBeforeTax": 590300000, "incomeTaxExpense": 170400000, "minorityInterest": 4296528000, "netIncomeFromContinuingOps": 419900000, "discontinuedOperations": {}, "extraordinaryItems": {}, "effectOfAccountingCharges": {}, "otherItems": {}, "netIncome": 249000000, "netIncomeApplicableToCommonShares": 249000000}, {"maxAge": 1, "endDate": "2019-09-30", "totalRevenue": 4812300000, "costOfRevenue": 2398700000, "grossProfit": 2413600000, "researchDevelopment": {}, "sellingGeneralAdministrative": 763500000, "nonRecurring": {}, "otherOperatingExpenses": 856000000, "totalOperatingExpenses": 4216900000, "operatingIncome": 595400000, "totalOtherIncomeExpenseNet": -126100000, "ebit": 595400000, "interestExpense": -174300000, "incomeBeforeTax": 469300000, "incomeTaxExpense": 68000000, "minorityInterest": 3820300000, "netIncomeFromContinuingOps": 401300000, "discontinuedOperations": {}, "extraordinaryItems": {}, "effectOfAccountingCharges": {}, "otherItems": {}, "netIncome": 255000000, "netIncomeApplicableToCommonShares": 255000000}], "maxAge": 86400}, "cashflowStatementHistoryQuarterly": {"cashflowStatements": [{"maxAge": 1, "endDate": "2020-06-30", "netIncome": 359400000, "changeToLiabilities": 0}, {"maxAge": 1, "endDate": "2020-03-31", "netIncome": 98627000, "changeToLiabilities": 0}, {"maxAge": 1, "endDate": "2019-12-31", "netIncome": 249000000, "changeToLiabilities": 0}, {"maxAge": 1, "endDate": "2019-09-30", "netIncome": 255000000, "changeToLiabilities": 0}], "maxAge": 86400}, "insiderHolders": {"holders": [{"maxAge": 1, "name": "Life Insurance Corporation of India", "relation": "Institution- Corporation", "url": "", "transactionDescription": "Sale", "latestTransDate": "2012-06-06", "positionDirect": 613604, "positionDirectDate": "2012-06-06"}, {"maxAge": 1, "name": "Shah (Sharad Kantilal)", "relation": "UNREPORTED", "url": "", "transactionDescription": "Acquisition", "latestTransDate": "2009-12-03", "positionDirect": 483997, "positionDirectDate": "2009-12-03"}], "maxAge": 1}, "earnings": {"maxAge": 86400, "earningsChart": {"quarterly": [{"date": "1Q2018", "actual": 0.39, "estimate": 1.61}], "currentQuarterEstimateDate": "2Q", "currentQuarterEstimateYear": 2018, "earningsDate": []}, "financialsChart": {"yearly": [{"date": 2017, "revenue": 16060018000, "earnings": 1511509000}, {"date": 2018, "revenue": 15673235000, "earnings": 1066336000}, {"date": 2019, "revenue": 18039818000, "earnings": 687745000}, {"date": 2020, "revenue": 19660594000, "earnings": 824027000}], "quarterly": [{"date": "3Q2019", "revenue": 4812300000, "earnings": 255000000}, {"date": "4Q2019", "revenue": 5014200000, "earnings": 249000000}, {"date": "1Q2020", "revenue": 5167394000, "earnings": 98627000}, {"date": "2Q2020", "revenue": 5875300000, "earnings": 359400000}]}, "financialCurrency": "INR"}, "calendarEvents": {"maxAge": 1, "earnings": {"earningsDate": [], "revenueAverage": 4262200000}}, "upgradeDowngradeHistory": {"history": [], "maxAge": 86400}, "price": {"maxAge": 1, "regularMarketChangePercent": 0.022682844, "regularMarketChange": 2.9000015, "regularMarketTime": "2021-04-30 15:59:23", "priceHint": 2, "regularMarketPrice": 130.75, "regularMarketDayHigh": 139.7, "regularMarketDayLow": 128.55, "regularMarketVolume": 1172271, "averageDailyVolume10Day": 153606, "averageDailyVolume3Month": 112572, "regularMarketPreviousClose": 127.85, "regularMarketSource": "FREE_REALTIME", "regularMarketOpen": 132.1, "exchange": "BSE", "exchangeName": "BSE", "exchangeDataDelayedBy": 0, "marketState": "CLOSED", "quoteType": "EQUITY", "symbol": "TATACOFFEE.BO", "underlyingSymbol": null, "shortName": "TATA COFFEE LTD.", "longName": "Tata Coffee Limited", "currency": "INR", "quoteSourceName": "Delayed Quote", "currencySymbol": "\u20b9", "fromCurrency": null, "lastMarket": null, "marketCap": 24420177920}, "balanceSheetHistory": {"balanceSheetStatements": [{"maxAge": 1, "endDate": "2020-03-31", "cash": 1075326000, "shortTermInvestments": 360054000, "netReceivables": 2691652000, "inventory": 4163507000, "otherCurrentAssets": 254999000, "totalCurrentAssets": 9724319000, "longTermInvestments": 6592000, "propertyPlantEquipment": 10700943000, "goodWill": 13099040000, "intangibleAssets": 1421052000, "otherAssets": 685142000, "totalAssets": 35637088000, "accountsPayable": 1542660000, "shortLongTermDebt": 739120000, "otherCurrentLiab": 1841572000, "longTermDebt": 10314799000, "otherLiab": 1796902000, "minorityInterest": 4296528000, "totalCurrentLiabilities": 5732472000, "totalLiab": 18794991000, "commonStock": 186770000, "retainedEarnings": 10338569000, "treasuryStock": 577803000, "capitalSurplus": 1442427000, "otherStockholderEquity": 577803000, "totalStockholderEquity": 12545569000, "netTangibleAssets": -1974523000}, {"maxAge": 1, "endDate": "2019-03-31", "cash": 480523000, "shortTermInvestments": 488145000, "netReceivables": 2142067000, "inventory": 3704683000, "otherCurrentAssets": 216897000, "totalCurrentAssets": 7942599000, "longTermInvestments": 96661000, "propertyPlantEquipment": 9167925000, "goodWill": 11971957000, "intangibleAssets": 1413585000, "otherAssets": 1294366000, "totalAssets": 31887093000, "accountsPayable": 1129723000, "shortLongTermDebt": 242024000, "otherCurrentLiab": 1699546000, "longTermDebt": 9965086000, "otherLiab": 1680749000, "minorityInterest": 3624195000, "totalCurrentLiabilities": 4814262000, "totalLiab": 16460097000, "commonStock": 186770000, "retainedEarnings": 9947768000, "treasuryStock": 225836000, "capitalSurplus": 1442427000, "otherStockholderEquity": 225836000, "totalStockholderEquity": 11802801000, "netTangibleAssets": -1582741000}, {"maxAge": 1, "endDate": "2018-03-31", "cash": 806110000, "shortTermInvestments": 209058000, "netReceivables": 2875229000, "inventory": 3233401000, "otherCurrentAssets": 200791000, "totalCurrentAssets": 7675928000, "longTermInvestments": 118514000, "propertyPlantEquipment": 5866396000, "goodWill": 11282099000, "intangibleAssets": 1479761000, "otherAssets": 2677338000, "totalAssets": 29100036000, "accountsPayable": 1182024000, "shortLongTermDebt": 114039000, "otherCurrentLiab": 1400988000, "longTermDebt": 8514834000, "otherLiab": 1575181000, "minorityInterest": 3469648000, "totalCurrentLiabilities": 4316016000, "totalLiab": 14406031000, "commonStock": 186770000, "retainedEarnings": 9473614000, "treasuryStock": 121546000, "capitalSurplus": 1442427000, "otherStockholderEquity": 121546000, "totalStockholderEquity": 11224357000, "netTangibleAssets": -1537503000}, {"maxAge": 1, "endDate": "2017-03-31", "cash": 442489000, "shortTermInvestments": 289981000, "netReceivables": 2522963000, "inventory": 3085262000, "otherCurrentAssets": 240997000, "totalCurrentAssets": 7622930000, "longTermInvestments": 100126000, "propertyPlantEquipment": 4819472000, "goodWill": 11227309000, "intangibleAssets": 1635145000, "otherAssets": 1017297000, "totalAssets": 26422279000, "accountsPayable": 1039922000, "shortLongTermDebt": 154019000, "otherCurrentLiab": 1299044000, "longTermDebt": 6349391000, "otherLiab": 2335798000, "minorityInterest": 2994873000, "totalCurrentLiabilities": 4171104000, "totalLiab": 12856293000, "commonStock": 186770000, "retainedEarnings": 8737378000, "treasuryStock": 204538000, "capitalSurplus": 1442427000, "otherStockholderEquity": 204538000, "totalStockholderEquity": 10571113000, "netTangibleAssets": -2291341000}], "maxAge": 86400}, "earningsTrend": {"trend": [{"maxAge": 1, "period": "0q", "endDate": "2018-06-30", "growth": {}, "earningsEstimate": {"avg": 0.0, "low": 0.0, "high": 0.0, "yearAgoEps": {}, "numberOfAnalysts": 0, "growth": {}}, "revenueEstimate": {"avg": 4262200000, "low": 0, "high": 0, "numberOfAnalysts": 0, "yearAgoRevenue": 3721300000, "growth": 0.145}, "epsTrend": {"current": 0.0, "7daysAgo": 0.0, "30daysAgo": 0.0, "60daysAgo": 0.0, "90daysAgo": 0.0}, "epsRevisions": {"upLast7days": 0, "upLast30days": 0, "downLast30days": 0, "downLast90days": {}}}, {"maxAge": 1, "period": "+1q", "endDate": "2018-09-30", "growth": {}, "earningsEstimate": {"avg": 0.0, "low": 0.0, "high": 0.0, "yearAgoEps": {}, "numberOfAnalysts": 0, "growth": {}}, "revenueEstimate": {"avg": 4614800000, "low": 0, "high": 0, "numberOfAnalysts": 0, "yearAgoRevenue": 3873400000, "growth": 0.191}, "epsTrend": {"current": 0.0, "7daysAgo": 0.0, "30daysAgo": 0.0, "60daysAgo": 0.0, "90daysAgo": 0.0}, "epsRevisions": {"upLast7days": 0, "upLast30days": 0, "downLast30days": 0, "downLast90days": {}}}, {"maxAge": 1, "period": "0y", "endDate": "2019-03-31", "growth": {}, "earningsEstimate": {"avg": 0.0, "low": 0.0, "high": 0.0, "yearAgoEps": {}, "numberOfAnalysts": 0, "growth": {}}, "revenueEstimate": {"avg": 16446600000, "low": 16446600000, "high": 16446600000, "numberOfAnalysts": 1, "yearAgoRevenue": 15673200000, "growth": 0.049000002}, "epsTrend": {"current": 0.0, "7daysAgo": 8.06, "30daysAgo": 8.06, "60daysAgo": 8.06, "90daysAgo": 8.06}, "epsRevisions": {"upLast7days": 0, "upLast30days": 0, "downLast30days": 0, "downLast90days": {}}}, {"maxAge": 1, "period": "+1y", "endDate": "2020-03-31", "growth": {}, "earningsEstimate": {"avg": 0.0, "low": 0.0, "high": 0.0, "yearAgoEps": {}, "numberOfAnalysts": 0, "growth": {}}, "revenueEstimate": {"avg": 0, "low": 0, "high": 0, "numberOfAnalysts": 0, "yearAgoRevenue": 16446600000, "growth": {}}, "epsTrend": {"current": 0.0, "7daysAgo": 0.0, "30daysAgo": 0.0, "60daysAgo": 0.0, "90daysAgo": 0.0}, "epsRevisions": {"upLast7days": 0, "upLast30days": 0, "downLast30days": 0, "downLast90days": {}}}, {"maxAge": 1, "period": "+5y", "endDate": null, "growth": {}, "earningsEstimate": {"avg": {}, "low": {}, "high": {}, "yearAgoEps": {}, "numberOfAnalysts": {}, "growth": {}}, "revenueEstimate": {"avg": {}, "low": {}, "high": {}, "numberOfAnalysts": {}, "yearAgoRevenue": {}, "growth": {}}, "epsTrend": {"current": {}, "7daysAgo": {}, "30daysAgo": {}, "60daysAgo": {}, "90daysAgo": {}}, "epsRevisions": {"upLast7days": {}, "upLast30days": {}, "downLast30days": {}, "downLast90days": {}}}, {"maxAge": 1, "period": "-5y", "endDate": null, "growth": {}, "earningsEstimate": {"avg": {}, "low": {}, "high": {}, "yearAgoEps": {}, "numberOfAnalysts": {}, "growth": {}}, "revenueEstimate": {"avg": {}, "low": {}, "high": {}, "numberOfAnalysts": {}, "yearAgoRevenue": {}, "growth": {}}, "epsTrend": {"current": {}, "7daysAgo": {}, "30daysAgo": {}, "60daysAgo": {}, "90daysAgo": {}}, "epsRevisions": {"upLast7days": {}, "upLast30days": {}, "downLast30days": {}, "downLast90days": {}}}], "maxAge": 1}, "financialData": {"maxAge": 86400, "currentPrice": 130.75, "targetHighPrice": 133.0, "targetLowPrice": 133.0, "targetMeanPrice": 133.0, "targetMedianPrice": 133.0, "recommendationKey": "none", "numberOfAnalystOpinions": 1, "grossProfits": 9817446000, "financialCurrency": "INR"}}}