{"TATAINVEST.BO": {"recommendationTrend": {"trend": [{"period": "0m", "strongBuy": 0, "buy": 0, "hold": 0, "sell": 0, "strongSell": 0}, {"period": "-1m", "strongBuy": 0, "buy": 0, "hold": 0, "sell": 0, "strongSell": 0}, {"period": "-2m", "strongBuy": 0, "buy": 0, "hold": 0, "sell": 0, "strongSell": 0}, {"period": "-3m", "strongBuy": 0, "buy": 0, "hold": 0, "sell": 0, "strongSell": 0}], "maxAge": 86400}, "cashflowStatementHistory": {"cashflowStatements": [{"maxAge": 1, "endDate": "2020-03-31", "netIncome": 905310000, "depreciation": 7459000, "changeToNetincome": 229266000, "changeToAccountReceivables": 40911000, "changeToLiabilities": -10325000, "changeToOperatingActivities": 54000, "totalCashFromOperatingActivities": 1172712000, "capitalExpenditures": -3199000, "investments": 127509000, "otherCashflowsFromInvestingActivities": 92000, "totalCashflowsFromInvestingActivities": 124551000, "dividendsPaid": -1216812000, "netBorrowings": -5883000, "otherCashflowsFromFinancingActivities": -2629000, "totalCashFromFinancingActivities": -1225324000, "changeInCash": 71940000}, {"maxAge": 1, "endDate": "2019-03-31", "netIncome": 1337788000, "depreciation": 891000, "changeToNetincome": -403432000, "changeToAccountReceivables": -39446000, "changeToLiabilities": 1729000, "changeToOperatingActivities": 20257000, "totalCashFromOperatingActivities": 917824000, "capitalExpenditures": -516000, "investments": 4974474000, "otherCashflowsFromInvestingActivities": -10972000, "totalCashflowsFromInvestingActivities": 4962986000, "dividendsPaid": -1307745000, "netBorrowings": -5883000, "otherCashflowsFromFinancingActivities": -34661000, "totalCashFromFinancingActivities": -5842406000, "changeInCash": 38404000, "repurchaseOfStock": -4500000000}, {"maxAge": 1, "endDate": "2018-03-31", "netIncome": 1310701000, "depreciation": 1061000, "changeToNetincome": -603032000, "changeToAccountReceivables": -1413000, "changeToLiabilities": -10558000, "changeToOperatingActivities": -27271000, "totalCashFromOperatingActivities": 669555000, "capitalExpenditures": -1104000, "investments": 407633000, "otherCashflowsFromInvestingActivities": -10972000, "totalCashflowsFromInvestingActivities": 406482000, "dividendsPaid": -1194234000, "netBorrowings": -5883000, "otherCashflowsFromFinancingActivities": -34661000, "totalCashFromFinancingActivities": -1194234000, "changeInCash": -118197000, "repurchaseOfStock": -4500000000}, {"maxAge": 1, "endDate": "2017-03-31", "netIncome": 2004003000, "depreciation": 989000, "changeToNetincome": -1341265000, "changeToAccountReceivables": 466000, "changeToLiabilities": 16530000, "changeToOperatingActivities": -5580000, "totalCashFromOperatingActivities": 675210000, "capitalExpenditures": -701000, "investments": -779362000, "otherCashflowsFromInvestingActivities": -10972000, "totalCashflowsFromInvestingActivities": -780008000, "dividendsPaid": -7850000, "netBorrowings": -5883000, "otherCashflowsFromFinancingActivities": -34661000, "totalCashFromFinancingActivities": -7850000, "changeInCash": -112648000, "repurchaseOfStock": -4500000000}], "maxAge": 86400}, "institutionOwnership": {"ownershipList": [], "maxAge": 1}, "balanceSheetHistoryQuarterly": {"balanceSheetStatements": [{"maxAge": 1, "endDate": "2020-06-30", "totalStockholderEquity": 80571220000, "netTangibleAssets": 80436766000}, {"maxAge": 1, "endDate": "2020-03-31", "cash": 97254000, "shortTermInvestments": 1088350000, "netReceivables": 10519000, "otherCurrentAssets": 166780000, "totalCurrentAssets": 81550753000, "propertyPlantEquipment": 12926000, "goodWill": 134416000, "intangibleAssets": 38000, "otherAssets": 96630000, "totalAssets": 81794763000, "otherCurrentLiab": 59927000, "otherLiab": 1090201000, "minorityInterest": 11952000, "totalCurrentLiabilities": 118669000, "totalLiab": 1211591000, "commonStock": 505953000, "retainedEarnings": 20682492000, "treasuryStock": 56332569000, "capitalSurplus": 3050206000, "otherStockholderEquity": 56332569000, "totalStockholderEquity": 80571220000, "netTangibleAssets": 80436766000}, {"maxAge": 1, "endDate": "2019-12-31", "totalStockholderEquity": 85980100000, "netTangibleAssets": 85845700000}, {"maxAge": 1, "endDate": "2019-09-30", "cash": 167000000, "shortTermInvestments": 99022600000, "netReceivables": 600000, "totalCurrentAssets": 99190200000, "propertyPlantEquipment": 14900000, "goodWill": 134400000, "otherAssets": 84100000, "totalAssets": 99423600000, "accountsPayable": 31300000, "otherCurrentLiab": 94400000, "longTermDebt": 49500000, "otherLiab": 13254300000, "minorityInterest": 13800000, "totalCurrentLiabilities": 125900000, "totalLiab": 13429700000, "commonStock": 506000000, "treasuryStock": 85474100000, "otherStockholderEquity": 85474100000, "totalStockholderEquity": 85980100000, "netTangibleAssets": 85845700000}], "maxAge": 86400}, "earningsHistory": {"history": [{"maxAge": 1, "epsActual": {}, "epsEstimate": {}, "epsDifference": {}, "surprisePercent": {}, "quarter": {}, "period": "-4q"}, {"maxAge": 1, "epsActual": {}, "epsEstimate": {}, "epsDifference": {}, "surprisePercent": {}, "quarter": {}, "period": "-3q"}, {"maxAge": 1, "epsActual": {}, "epsEstimate": {}, "epsDifference": {}, "surprisePercent": {}, "quarter": {}, "period": "-2q"}, {"maxAge": 1, "epsActual": {}, "epsEstimate": {}, "epsDifference": {}, "surprisePercent": {}, "quarter": {}, "period": "-1q"}], "maxAge": 86400}, "indexTrend": {"maxAge": 1, "symbol": "SP5", "peRatio": 19.7411, "pegRatio": 1.34172, "estimates": [{"period": "0q", "growth": 0.549}, {"period": "+1q", "growth": 0.431}, {"period": "0y", "growth": 0.305}, {"period": "+1y", "growth": 0.109}, {"period": "+5y", "growth": 0.120865}, {"period": "-5y"}]}, "industryTrend": {"maxAge": 1, "symbol": null, "estimates": []}, "quoteType": {"exchange": "BSE", "quoteType": "EQUITY", "symbol": "TATAINVEST.BO", "underlyingSymbol": "TATAINVEST.BO", "shortName": "TATA INVESTMENT CORPORATION LT", "longName": "Tata Investment Corporation Limited", "firstTradeDateEpochUtc": "1991-03-22 09:15:00", "timeZoneFullName": "Asia/Kolkata", "timeZoneShortName": "IST", "uuid": "500f2f6b-52ea-3eb8-ac22-bf7c1ab8e174", "gmtOffSetMilliseconds": 19800000, "maxAge": 1}, "incomeStatementHistory": {"incomeStatementHistory": [{"maxAge": 1, "endDate": "2020-03-31", "totalRevenue": 1439709000, "costOfRevenue": 238000, "grossProfit": 1439471000, "researchDevelopment": {}, "sellingGeneralAdministrative": 109189000, "nonRecurring": {}, "otherOperatingExpenses": 85388000, "totalOperatingExpenses": 202287000, "operatingIncome": 1237422000, "totalOtherIncomeExpenseNet": -229841000, "ebit": 1237422000, "interestExpense": -2629000, "incomeBeforeTax": 1007581000, "incomeTaxExpense": 106686000, "minorityInterest": 11952000, "netIncomeFromContinuingOps": 900895000, "discontinuedOperations": {}, "extraordinaryItems": {}, "effectOfAccountingCharges": {}, "otherItems": {}, "netIncome": 905310000, "netIncomeApplicableToCommonShares": 905310000}, {"maxAge": 1, "endDate": "2019-03-31", "totalRevenue": 1771483000, "costOfRevenue": 332000, "grossProfit": 1771151000, "researchDevelopment": {}, "sellingGeneralAdministrative": 127684000, "nonRecurring": {}, "otherOperatingExpenses": 84112000, "totalOperatingExpenses": 213072000, "operatingIncome": 1558411000, "totalOtherIncomeExpenseNet": -89018000, "ebit": 1558411000, "interestExpense": -2629000, "incomeBeforeTax": 1469393000, "incomeTaxExpense": 131190000, "minorityInterest": 13195000, "netIncomeFromContinuingOps": 1338203000, "discontinuedOperations": {}, "extraordinaryItems": {}, "effectOfAccountingCharges": {}, "otherItems": {}, "netIncome": 1337788000, "netIncomeApplicableToCommonShares": 1337788000}, {"maxAge": 1, "endDate": "2018-03-31", "totalRevenue": 1577811000, "costOfRevenue": 283000, "grossProfit": 1577528000, "researchDevelopment": {}, "sellingGeneralAdministrative": 115004000, "nonRecurring": {}, "otherOperatingExpenses": 76031000, "totalOperatingExpenses": 192446000, "operatingIncome": 1385365000, "totalOtherIncomeExpenseNet": 83986000, "ebit": 1385365000, "interestExpense": -62000, "incomeBeforeTax": 1469351000, "incomeTaxExpense": 158104000, "minorityInterest": 14005000, "netIncomeFromContinuingOps": 1311247000, "discontinuedOperations": {}, "extraordinaryItems": {}, "effectOfAccountingCharges": {}, "otherItems": {}, "netIncome": 1310701000, "netIncomeApplicableToCommonShares": 1310701000}, {"maxAge": 1, "endDate": "2017-03-31", "totalRevenue": 2697437000, "costOfRevenue": 1174000, "grossProfit": 2696263000, "researchDevelopment": {}, "sellingGeneralAdministrative": 128911000, "nonRecurring": {}, "otherOperatingExpenses": 67434000, "totalOperatingExpenses": 198575000, "operatingIncome": 2498862000, "totalOtherIncomeExpenseNet": -110639000, "ebit": 2498862000, "interestExpense": -62000, "incomeBeforeTax": 2388223000, "incomeTaxExpense": 383505000, "minorityInterest": 6341000, "netIncomeFromContinuingOps": 2004718000, "discontinuedOperations": {}, "extraordinaryItems": {}, "effectOfAccountingCharges": {}, "otherItems": {}, "netIncome": 2004003000, "netIncomeApplicableToCommonShares": 2004003000}], "maxAge": 86400}, "fundOwnership": {"ownershipList": [{"maxAge": 1, "reportDate": "2020-05-31", "organization": "Templeton Emerging Markets Fund", "pctHeld": 0.0023999999, "position": 122221, "value": 88763001}, {"maxAge": 1, "reportDate": "2020-08-31", "organization": "iShares MSCI India Small Cap ETF", "pctHeld": 0.0005, "position": 25648, "value": 20806940}, {"maxAge": 1, "reportDate": "2020-08-31", "organization": "SPDR (R) Idx Shares-SPDR (R) Emerging Markets Small Cap ETF", "pctHeld": 0.0001, "position": 4699, "value": 3812063}, {"maxAge": 1, "reportDate": "2020-06-30", "organization": "Segall Bryant & Hamill Emerging Markets Fd", "pctHeld": 0.0001, "position": 4663, "value": 3600069}, {"maxAge": 1, "reportDate": "2020-06-30", "organization": "College Retirement Equities Fund-Stock Account", "pctHeld": 0.0001, "position": 2820, "value": 2177181}], "maxAge": 1}, "summaryDetail": {"maxAge": 1, "priceHint": 2, "previousClose": 1041.25, "open": 1042.0, "dayLow": 1021.65, "dayHigh": 1070.4, "regularMarketPreviousClose": 1041.25, "regularMarketOpen": 1042.0, "regularMarketDayLow": 1021.65, "regularMarketDayHigh": 1070.4, "trailingPE": 57.6353, "volume": 5567, "regularMarketVolume": 5567, "averageVolume": 5403, "averageVolume10days": 3208, "averageDailyVolume10Day": 3208, "bid": 1022.0, "ask": 1035.0, "bidSize": 0, "askSize": 0, "marketCap": 51941134336, "fiftyTwoWeekLow": 592.15, "fiftyTwoWeekHigh": 1133.9, "fiftyDayAverage": 1031.7515, "twoHundredDayAverage": 892.37646, "trailingAnnualDividendRate": 18.0, "trailingAnnualDividendYield": 0.017286915, "currency": "INR", "fromCurrency": null, "lastMarket": null, "algorithm": null, "tradeable": false}, "sectorTrend": {"maxAge": 1, "symbol": null, "estimates": []}, "incomeStatementHistoryQuarterly": {"incomeStatementHistory": [{"maxAge": 1, "endDate": "2020-06-30", "totalRevenue": 310000000, "costOfRevenue": 0, "grossProfit": 310000000, "researchDevelopment": {}, "sellingGeneralAdministrative": 26200000, "nonRecurring": {}, "otherOperatingExpenses": 10600000, "totalOperatingExpenses": 38800000, "operatingIncome": 271200000, "totalOtherIncomeExpenseNet": -54900000, "ebit": 271200000, "interestExpense": -200000, "incomeBeforeTax": 216300000, "incomeTaxExpense": 32300000, "minorityInterest": {}, "netIncomeFromContinuingOps": 184000000, "discontinuedOperations": {}, "extraordinaryItems": {}, "effectOfAccountingCharges": {}, "otherItems": {}, "netIncome": 181800000, "netIncomeApplicableToCommonShares": 181800000}, {"maxAge": 1, "endDate": "2020-03-31", "totalRevenue": 126209000, "costOfRevenue": 238000, "grossProfit": 125971000, "researchDevelopment": {}, "sellingGeneralAdministrative": 21789000, "nonRecurring": {}, "otherOperatingExpenses": 46088000, "totalOperatingExpenses": 70187000, "operatingIncome": 56022000, "totalOtherIncomeExpenseNet": -422241000, "ebit": 56022000, "interestExpense": -529000, "incomeBeforeTax": -366219000, "incomeTaxExpense": 1286000, "minorityInterest": 11952000, "netIncomeFromContinuingOps": -367505000, "discontinuedOperations": {}, "extraordinaryItems": {}, "effectOfAccountingCharges": {}, "otherItems": {}, "netIncome": -362590000, "netIncomeApplicableToCommonShares": -362590000}, {"maxAge": 1, "endDate": "2019-12-31", "totalRevenue": 246000000, "costOfRevenue": 0, "grossProfit": 246000000, "researchDevelopment": {}, "sellingGeneralAdministrative": 30700000, "nonRecurring": {}, "otherOperatingExpenses": 11600000, "totalOperatingExpenses": 44100000, "operatingIncome": 201900000, "totalOtherIncomeExpenseNet": 24800000, "ebit": 201900000, "interestExpense": -700000, "incomeBeforeTax": 226700000, "incomeTaxExpense": 68000000, "minorityInterest": 11952000, "netIncomeFromContinuingOps": 158700000, "discontinuedOperations": {}, "extraordinaryItems": {}, "effectOfAccountingCharges": {}, "otherItems": {}, "netIncome": 158500000, "netIncomeApplicableToCommonShares": 158500000}, {"maxAge": 1, "endDate": "2019-09-30", "totalRevenue": 808200000, "costOfRevenue": 0, "grossProfit": 808200000, "researchDevelopment": {}, "sellingGeneralAdministrative": 29200000, "nonRecurring": {}, "otherOperatingExpenses": 17500000, "totalOperatingExpenses": 48600000, "operatingIncome": 759600000, "totalOtherIncomeExpenseNet": 180200000, "ebit": 759600000, "interestExpense": -1100000, "incomeBeforeTax": 939800000, "incomeTaxExpense": 15900000, "minorityInterest": 13800000, "netIncomeFromContinuingOps": 923900000, "discontinuedOperations": {}, "extraordinaryItems": {}, "effectOfAccountingCharges": {}, "otherItems": {}, "netIncome": 923700000, "netIncomeApplicableToCommonShares": 923700000}], "maxAge": 86400}, "cashflowStatementHistoryQuarterly": {"cashflowStatements": [{"maxAge": 1, "endDate": "2020-06-30", "netIncome": 181800000, "changeToLiabilities": 0}, {"maxAge": 1, "endDate": "2020-03-31", "netIncome": -362590000, "changeToLiabilities": 0}, {"maxAge": 1, "endDate": "2019-12-31", "netIncome": 158500000, "changeToLiabilities": 0}, {"maxAge": 1, "endDate": "2019-09-30", "netIncome": 923700000, "changeToLiabilities": 0}], "maxAge": 86400}, "insiderHolders": {"holders": [], "maxAge": 1}, "earnings": {"maxAge": 86400, "earningsChart": {"quarterly": [], "earningsDate": []}, "financialsChart": {"yearly": [{"date": 2017, "revenue": 2697437000, "earnings": 2004003000}, {"date": 2018, "revenue": 1577811000, "earnings": 1310701000}, {"date": 2019, "revenue": 1771483000, "earnings": 1337788000}, {"date": 2020, "revenue": 1439709000, "earnings": 905310000}], "quarterly": [{"date": "3Q2019", "revenue": 808200000, "earnings": 923700000}, {"date": "4Q2019", "revenue": 246000000, "earnings": 158500000}, {"date": "1Q2020", "revenue": 126209000, "earnings": -362590000}, {"date": "2Q2020", "revenue": 310000000, "earnings": 181800000}]}, "financialCurrency": "INR"}, "calendarEvents": {"maxAge": 1, "earnings": {"earningsDate": []}}, "upgradeDowngradeHistory": {"history": [], "maxAge": 86400}, "price": {"maxAge": 1, "regularMarketChangePercent": -0.014069651, "regularMarketChange": -14.650024, "regularMarketTime": "2021-04-30 15:29:54", "priceHint": 2, "regularMarketPrice": 1026.6, "regularMarketDayHigh": 1070.4, "regularMarketDayLow": 1021.65, "regularMarketVolume": 5567, "averageDailyVolume10Day": 3208, "averageDailyVolume3Month": 5403, "regularMarketPreviousClose": 1041.25, "regularMarketSource": "FREE_REALTIME", "regularMarketOpen": 1042.0, "exchange": "BSE", "exchangeName": "BSE", "exchangeDataDelayedBy": 0, "marketState": "CLOSED", "quoteType": "EQUITY", "symbol": "TATAINVEST.BO", "underlyingSymbol": null, "shortName": "TATA INVESTMENT CORPORATION LT", "longName": "Tata Investment Corporation Limited", "currency": "INR", "quoteSourceName": "Delayed Quote", "currencySymbol": "\u20b9", "fromCurrency": null, "lastMarket": null, "marketCap": 51941134336}, "balanceSheetHistory": {"balanceSheetStatements": [{"maxAge": 1, "endDate": "2020-03-31", "cash": 97254000, "shortTermInvestments": 1088350000, "netReceivables": 10519000, "otherCurrentAssets": 166780000, "totalCurrentAssets": 81550753000, "propertyPlantEquipment": 12926000, "goodWill": 134416000, "intangibleAssets": 38000, "otherAssets": 96630000, "totalAssets": 81794763000, "otherCurrentLiab": 59927000, "otherLiab": 1090201000, "minorityInterest": 11952000, "totalCurrentLiabilities": 118669000, "totalLiab": 1211591000, "commonStock": 505953000, "retainedEarnings": 20682492000, "treasuryStock": 56332569000, "capitalSurplus": 3050206000, "otherStockholderEquity": 56332569000, "totalStockholderEquity": 80571220000, "netTangibleAssets": 80436766000}, {"maxAge": 1, "endDate": "2019-03-31", "cash": 28408000, "shortTermInvestments": 1246536000, "netReceivables": 45465000, "otherCurrentAssets": 168707000, "totalCurrentAssets": 94562747000, "propertyPlantEquipment": 1426000, "goodWill": 134416000, "intangibleAssets": 20000, "otherAssets": 83152000, "totalAssets": 94781761000, "otherCurrentLiab": 46623000, "otherLiab": 15418460000, "minorityInterest": 13195000, "totalCurrentLiabilities": 108204000, "totalLiab": 15526664000, "commonStock": 505953000, "retainedEarnings": 19368575000, "treasuryStock": 56317168000, "capitalSurplus": 3050206000, "otherStockholderEquity": 56317168000, "totalStockholderEquity": 79241902000, "netTangibleAssets": 79107466000}, {"maxAge": 1, "endDate": "2018-03-31", "cash": 10665000, "shortTermInvestments": 1375260000, "netReceivables": 142041000, "otherCurrentAssets": 132181000, "totalCurrentAssets": 98442222000, "propertyPlantEquipment": 1815000, "goodWill": 134416000, "intangibleAssets": 73000, "otherAssets": 82182000, "totalAssets": 98660708000, "otherCurrentLiab": 26806000, "otherLiab": 15540882000, "minorityInterest": 14005000, "totalCurrentLiabilities": 86319000, "totalLiab": 15627201000, "commonStock": 550953000, "retainedEarnings": 18185006000, "treasuryStock": 56733337000, "capitalSurplus": 7550206000, "otherStockholderEquity": 56733337000, "totalStockholderEquity": 83019502000, "netTangibleAssets": 82885013000}, {"maxAge": 1, "endDate": "2017-03-31", "cash": 137624000, "shortTermInvestments": 164651000, "netReceivables": 206197000, "totalCurrentAssets": 510844000, "longTermInvestments": 24635000000, "propertyPlantEquipment": 1772000, "goodWill": 134509000, "intangibleAssets": 140000, "otherAssets": 89111000, "totalAssets": 25371376000, "accountsPayable": 32502000, "otherCurrentLiab": 15160000, "otherLiab": 54488000, "minorityInterest": 6341000, "totalCurrentLiabilities": 125441000, "totalLiab": 179929000, "commonStock": 550953000, "retainedEarnings": 16700761000, "treasuryStock": 416335000, "capitalSurplus": 7517057000, "otherStockholderEquity": 416335000, "totalStockholderEquity": 25185106000, "netTangibleAssets": 25050457000}], "maxAge": 86400}, "earningsTrend": {"trend": [{"maxAge": 1, "period": "0q", "endDate": null, "growth": {}, "earningsEstimate": {"avg": 0.0, "low": 0.0, "high": 0.0, "yearAgoEps": {}, "numberOfAnalysts": 0, "growth": {}}, "revenueEstimate": {"avg": 0, "low": 0, "high": 0, "numberOfAnalysts": 0, "yearAgoRevenue": {}, "growth": {}}, "epsTrend": {"current": 0.0, "7daysAgo": 0.0, "30daysAgo": 0.0, "60daysAgo": 0.0, "90daysAgo": 0.0}, "epsRevisions": {"upLast7days": 0, "upLast30days": 0, "downLast30days": 0, "downLast90days": {}}}, {"maxAge": 1, "period": "+1q", "endDate": null, "growth": {}, "earningsEstimate": {"avg": 0.0, "low": 0.0, "high": 0.0, "yearAgoEps": {}, "numberOfAnalysts": 0, "growth": {}}, "revenueEstimate": {"avg": 0, "low": 0, "high": 0, "numberOfAnalysts": 0, "yearAgoRevenue": {}, "growth": {}}, "epsTrend": {"current": 0.0, "7daysAgo": 0.0, "30daysAgo": 0.0, "60daysAgo": 0.0, "90daysAgo": 0.0}, "epsRevisions": {"upLast7days": 0, "upLast30days": 0, "downLast30days": 0, "downLast90days": {}}}, {"maxAge": 1, "period": "0y", "endDate": null, "growth": {}, "earningsEstimate": {"avg": 0.0, "low": 0.0, "high": 0.0, "yearAgoEps": {}, "numberOfAnalysts": 0, "growth": {}}, "revenueEstimate": {"avg": 0, "low": 0, "high": 0, "numberOfAnalysts": 0, "yearAgoRevenue": {}, "growth": {}}, "epsTrend": {"current": 0.0, "7daysAgo": 0.0, "30daysAgo": 0.0, "60daysAgo": 0.0, "90daysAgo": 0.0}, "epsRevisions": {"upLast7days": 0, "upLast30days": 0, "downLast30days": 0, "downLast90days": {}}}, {"maxAge": 1, "period": "+1y", "endDate": null, "growth": {}, "earningsEstimate": {"avg": 0.0, "low": 0.0, "high": 0.0, "yearAgoEps": {}, "numberOfAnalysts": 0, "growth": {}}, "revenueEstimate": {"avg": 0, "low": 0, "high": 0, "numberOfAnalysts": 0, "yearAgoRevenue": {}, "growth": {}}, "epsTrend": {"current": 0.0, "7daysAgo": 0.0, "30daysAgo": 0.0, "60daysAgo": 0.0, "90daysAgo": 0.0}, "epsRevisions": {"upLast7days": 0, "upLast30days": 0, "downLast30days": 0, "downLast90days": {}}}, {"maxAge": 1, "period": "+5y", "endDate": null, "growth": {}, "earningsEstimate": {"avg": {}, "low": {}, "high": {}, "yearAgoEps": {}, "numberOfAnalysts": {}, "growth": {}}, "revenueEstimate": {"avg": {}, "low": {}, "high": {}, "numberOfAnalysts": {}, "yearAgoRevenue": {}, "growth": {}}, "epsTrend": {"current": {}, "7daysAgo": {}, "30daysAgo": {}, "60daysAgo": {}, "90daysAgo": {}}, "epsRevisions": {"upLast7days": {}, "upLast30days": {}, "downLast30days": {}, "downLast90days": {}}}, {"maxAge": 1, "period": "-5y", "endDate": null, "growth": {}, "earningsEstimate": {"avg": {}, "low": {}, "high": {}, "yearAgoEps": {}, "numberOfAnalysts": {}, "growth": {}}, "revenueEstimate": {"avg": {}, "low": {}, "high": {}, "numberOfAnalysts": {}, "yearAgoRevenue": {}, "growth": {}}, "epsTrend": {"current": {}, "7daysAgo": {}, "30daysAgo": {}, "60daysAgo": {}, "90daysAgo": {}}, "epsRevisions": {"upLast7days": {}, "upLast30days": {}, "downLast30days": {}, "downLast90days": {}}}], "maxAge": 1}, "financialData": {"maxAge": 86400, "currentPrice": 1026.6, "targetHighPrice": 640.0, "targetLowPrice": 640.0, "targetMeanPrice": 640.0, "targetMedianPrice": 640.0, "recommendationKey": "none", "numberOfAnalystOpinions": 1, "grossProfits": 1439471000, "financialCurrency": "INR"}}}