{"TATAELXSI.BO": {"recommendationTrend": {"trend": [{"period": "0m", "strongBuy": 0, "buy": 0, "hold": 0, "sell": 0, "strongSell": 0}, {"period": "-1m", "strongBuy": 0, "buy": 0, "hold": 0, "sell": 0, "strongSell": 0}, {"period": "-2m", "strongBuy": 0, "buy": 0, "hold": 0, "sell": 0, "strongSell": 0}, {"period": "-3m", "strongBuy": 0, "buy": 0, "hold": 0, "sell": 0, "strongSell": 0}], "maxAge": 86400}, "cashflowStatementHistory": {"cashflowStatements": [{"maxAge": 1, "endDate": "2020-03-31", "netIncome": 2561001000, "depreciation": 387329000, "changeToNetincome": -240399000, "changeToAccountReceivables": -566978000, "changeToLiabilities": -89027000, "changeToInventory": -497000, "changeToOperatingActivities": 466356000, "totalCashFromOperatingActivities": 2564590000, "capitalExpenditures": -231076000, "investments": 269997000, "otherCashflowsFromInvestingActivities": 348731000, "totalCashflowsFromInvestingActivities": 389843000, "dividendsPaid": -1020504000, "netBorrowings": -223580000, "totalCashFromFinancingActivities": -1244084000, "effectOfExchangeRate": 36792000, "changeInCash": 1747141000}, {"maxAge": 1, "endDate": "2019-03-31", "netIncome": 2899689000, "depreciation": 202876000, "changeToNetincome": -229016000, "changeToAccountReceivables": -362296000, "changeToLiabilities": 122569000, "changeToInventory": -16623000, "changeToOperatingActivities": -515796000, "totalCashFromOperatingActivities": 2149492000, "capitalExpenditures": -315156000, "investments": -1500002000, "otherCashflowsFromInvestingActivities": 226019000, "totalCashflowsFromInvestingActivities": -1587472000, "dividendsPaid": -825853000, "netBorrowings": -223580000, "totalCashFromFinancingActivities": -825853000, "effectOfExchangeRate": -31164000, "changeInCash": -294997000}, {"maxAge": 1, "endDate": "2018-03-31", "netIncome": 2400379000, "depreciation": 197017000, "changeToNetincome": -108356000, "changeToAccountReceivables": -829612000, "changeToLiabilities": -8615000, "changeToInventory": -16623000, "changeToOperatingActivities": 263301000, "totalCashFromOperatingActivities": 1970642000, "capitalExpenditures": -117973000, "investments": -2500032000, "otherCashflowsFromInvestingActivities": 146453000, "totalCashflowsFromInvestingActivities": -2471510000, "dividendsPaid": -599636000, "netBorrowings": -223580000, "totalCashFromFinancingActivities": -599636000, "effectOfExchangeRate": 23341000, "changeInCash": -1077163000}, {"maxAge": 1, "endDate": "2017-03-31", "netIncome": 1747846000, "depreciation": 202765000, "changeToNetincome": -99132000, "changeToAccountReceivables": -455154000, "changeToLiabilities": 29418000, "changeToInventory": -16623000, "changeToOperatingActivities": -48917000, "totalCashFromOperatingActivities": 1443274000, "capitalExpenditures": -261482000, "investments": 510000000, "otherCashflowsFromInvestingActivities": 126149000, "totalCashflowsFromInvestingActivities": 375673000, "dividendsPaid": -524681000, "netBorrowings": -223580000, "totalCashFromFinancingActivities": -524681000, "effectOfExchangeRate": -98400000, "changeInCash": 1195866000}], "maxAge": 86400}, "institutionOwnership": {"ownershipList": [{"maxAge": 1, "reportDate": "2020-06-30", "organization": "Stanley-Laman Group, Ltd.", "pctHeld": 0.004, "position": 247813, "value": 222412167}], "maxAge": 1}, "balanceSheetHistoryQuarterly": {"balanceSheetStatements": [{"maxAge": 1, "endDate": "2020-09-30", "cash": 7393942000, "shortTermInvestments": 834239000, "netReceivables": 3593262000, "otherCurrentAssets": 607118000, "totalCurrentAssets": 12428561000, "propertyPlantEquipment": 1296743000, "intangibleAssets": 130124000, "otherAssets": 425923000, "deferredLongTermAssetCharges": 106883000, "totalAssets": 14281351000, "accountsPayable": 427939000, "otherCurrentLiab": 1586319000, "otherLiab": 385398000, "totalCurrentLiabilities": 2119560000, "totalLiab": 2940509000, "commonStock": 622764000, "treasuryStock": 10718078000, "otherStockholderEquity": 10718078000, "totalStockholderEquity": 11340842000, "netTangibleAssets": 11210718000}, {"maxAge": 1, "endDate": "2020-06-30", "totalStockholderEquity": 10900353000, "netTangibleAssets": 10771004000}, {"maxAge": 1, "endDate": "2020-03-31", "cash": 2284245000, "shortTermInvestments": 4300037000, "netReceivables": 5179457000, "inventory": 17120000, "otherCurrentAssets": 156364000, "totalCurrentAssets": 12012026000, "propertyPlantEquipment": 1350383000, "intangibleAssets": 129349000, "otherAssets": 398056000, "deferredLongTermAssetCharges": 87683000, "totalAssets": 13889814000, "accountsPayable": 471320000, "otherCurrentLiab": 760196000, "otherLiab": 365598000, "totalCurrentLiabilities": 2173724000, "totalLiab": 2989461000, "commonStock": 622764000, "retainedEarnings": 10367904000, "treasuryStock": -90315000, "otherStockholderEquity": -90315000, "totalStockholderEquity": 10900353000, "netTangibleAssets": 10771004000}, {"maxAge": 1, "endDate": "2019-12-31", "totalStockholderEquity": 9341016000, "netTangibleAssets": 9211808000}], "maxAge": 86400}, "earningsHistory": {"history": [{"maxAge": 1, "epsActual": 10.08, "epsEstimate": 9.3, "epsDifference": 0.78, "surprisePercent": 0.084, "quarter": "2017-12-31", "period": "-4q"}, {"maxAge": 1, "epsActual": 11.29, "epsEstimate": 9.45, "epsDifference": 1.84, "surprisePercent": 0.195, "quarter": "2018-03-31", "period": "-3q"}, {"maxAge": 1, "epsActual": 11.32, "epsEstimate": 11.8, "epsDifference": -0.48, "surprisePercent": -0.040999997, "quarter": "2018-06-30", "period": "-2q"}, {"maxAge": 1, "epsActual": 13.2, "epsEstimate": 11.54, "epsDifference": 1.66, "surprisePercent": 0.144, "quarter": "2018-09-30", "period": "-1q"}], "maxAge": 86400}, "indexTrend": {"maxAge": 1, "symbol": "SP5", "peRatio": 19.7411, "pegRatio": 1.34172, "estimates": [{"period": "0q", "growth": 0.549}, {"period": "+1q", "growth": 0.431}, {"period": "0y", "growth": 0.305}, {"period": "+1y", "growth": 0.109}, {"period": "+5y", "growth": 0.120865}, {"period": "-5y"}]}, "industryTrend": {"maxAge": 1, "symbol": null, "estimates": []}, "insiderTransactions": {"transactions": [{"maxAge": 1, "shares": 2000, "filerUrl": "", "transactionText": "", "filerName": "Raghavan (Manoj)", "filerRelation": "UNREPORTED", "moneyText": "", "startDate": "2019-08-22", "ownership": "D"}], "maxAge": 1}, "quoteType": {"exchange": "BSE", "quoteType": "EQUITY", "symbol": "TATAELXSI.BO", "underlyingSymbol": "TATAELXSI.BO", "shortName": "TATA ELXSI LTD.", "longName": "Tata Elxsi Limited", "firstTradeDateEpochUtc": "2000-01-03 09:15:00", "timeZoneFullName": "Asia/Kolkata", "timeZoneShortName": "IST", "uuid": "32ac68af-7cec-361f-b6b7-ff8051e9ba88", "gmtOffSetMilliseconds": 19800000, "maxAge": 1}, "incomeStatementHistory": {"incomeStatementHistory": [{"maxAge": 1, "endDate": "2020-03-31", "totalRevenue": 16098604000, "costOfRevenue": 10312664000, "grossProfit": 5785940000, "researchDevelopment": {}, "sellingGeneralAdministrative": 97650000, "nonRecurring": {}, "otherOperatingExpenses": 2038843000, "totalOperatingExpenses": 12886399000, "operatingIncome": 3212205000, "totalOtherIncomeExpenseNet": 312199000, "ebit": 3212205000, "interestExpense": -55626000, "incomeBeforeTax": 3524404000, "incomeTaxExpense": 963403000, "minorityInterest": {}, "netIncomeFromContinuingOps": 2561001000, "discontinuedOperations": {}, "extraordinaryItems": {}, "effectOfAccountingCharges": {}, "otherItems": {}, "netIncome": 2561001000, "netIncomeApplicableToCommonShares": 2561001000}, {"maxAge": 1, "endDate": "2019-03-31", "totalRevenue": 15969316000, "costOfRevenue": 9597351000, "grossProfit": 6371965000, "researchDevelopment": {}, "sellingGeneralAdministrative": 274943000, "nonRecurring": {}, "otherOperatingExpenses": 1942514000, "totalOperatingExpenses": 12069945000, "operatingIncome": 3899371000, "totalOtherIncomeExpenseNet": 434616000, "ebit": 3899371000, "interestExpense": -55626000, "incomeBeforeTax": 4333987000, "incomeTaxExpense": 1434298000, "minorityInterest": {}, "netIncomeFromContinuingOps": 2899689000, "discontinuedOperations": {}, "extraordinaryItems": {}, "effectOfAccountingCharges": {}, "otherItems": {}, "netIncome": 2899689000, "netIncomeApplicableToCommonShares": 2899689000}, {"maxAge": 1, "endDate": "2018-03-31", "totalRevenue": 13862955000, "costOfRevenue": 8413433000, "grossProfit": 5449522000, "researchDevelopment": {}, "sellingGeneralAdministrative": 245341000, "nonRecurring": {}, "otherOperatingExpenses": 1737796000, "totalOperatingExpenses": 10656370000, "operatingIncome": 3206585000, "totalOtherIncomeExpenseNet": 432481000, "ebit": 3206585000, "interestExpense": -55626000, "incomeBeforeTax": 3639066000, "incomeTaxExpense": 1238687000, "minorityInterest": {}, "netIncomeFromContinuingOps": 2400379000, "discontinuedOperations": {}, "extraordinaryItems": {}, "effectOfAccountingCharges": {}, "otherItems": {}, "netIncome": 2400379000, "netIncomeApplicableToCommonShares": 2400379000}, {"maxAge": 1, "endDate": "2017-03-31", "totalRevenue": 12373123000, "costOfRevenue": 7545657000, "grossProfit": 4827466000, "researchDevelopment": {}, "sellingGeneralAdministrative": 236381000, "nonRecurring": {}, "otherOperatingExpenses": 1625184000, "totalOperatingExpenses": 9676435000, "operatingIncome": 2696688000, "totalOtherIncomeExpenseNet": -54116000, "ebit": 2696688000, "interestExpense": -55626000, "incomeBeforeTax": 2642572000, "incomeTaxExpense": 894726000, "minorityInterest": {}, "netIncomeFromContinuingOps": 1747846000, "discontinuedOperations": {}, "extraordinaryItems": {}, "effectOfAccountingCharges": {}, "otherItems": {}, "netIncome": 1747846000, "netIncomeApplicableToCommonShares": 1747846000}], "maxAge": 86400}, "fundOwnership": {"ownershipList": [{"maxAge": 1, "reportDate": "2020-07-31", "organization": "DFA Emerging Markets Core Equity Portfolio", "pctHeld": 0.0029, "position": 179211, "value": 168261207}, {"maxAge": 1, "reportDate": "2020-07-31", "organization": "iShares Core MSCI Emerging Markets ETF", "pctHeld": 0.0026, "position": 160226, "value": 150436191}, {"maxAge": 1, "reportDate": "2020-07-31", "organization": "DFA Emerging Markets Small Cap Series", "pctHeld": 0.0018000001, "position": 109187, "value": 102515674}, {"maxAge": 1, "reportDate": "2020-07-31", "organization": "Thrivent Core Emerging Markets Equity Fund", "pctHeld": 0.0008, "position": 52374, "value": 49173948}, {"maxAge": 1, "reportDate": "2020-06-30", "organization": "College Retirement Equities Fund-Stock Account", "pctHeld": 0.0008, "position": 48418, "value": 43455155}, {"maxAge": 1, "reportDate": "2020-08-31", "organization": "iShares Core MSCI Total International Stock ETF", "pctHeld": 0.0005, "position": 33826, "value": 36410306}, {"maxAge": 1, "reportDate": "2020-08-31", "organization": "SPDR Portfolio Emerging Markets ETF", "pctHeld": 0.0005, "position": 33142, "value": 35674048}, {"maxAge": 1, "reportDate": "2020-06-30", "organization": "Thrivent Partner International Allocation Portfolio", "pctHeld": 0.0005, "position": 32525, "value": 29191187}, {"maxAge": 1, "reportDate": "2020-08-31", "organization": "iShares MSCI India Small Cap ETF", "pctHeld": 0.0005, "position": 32480, "value": 34961472}, {"maxAge": 1, "reportDate": "2020-08-31", "organization": "SPDR (R) Idx Shares-SPDR (R) Emerging Markets Small Cap ETF", "pctHeld": 0.0004, "position": 22638, "value": 24367543}], "maxAge": 1}, "summaryDetail": {"maxAge": 1, "priceHint": 2, "previousClose": 3381.1, "open": 3385.0, "dayLow": 3307.25, "dayHigh": 3518.6, "regularMarketPreviousClose": 3381.1, "regularMarketOpen": 3385.0, "regularMarketDayLow": 3307.25, "regularMarketDayHigh": 3518.6, "trailingPE": 70.99203, "forwardPE": 59.36711, "volume": 27292, "regularMarketVolume": 27292, "averageVolume": 66600, "averageVolume10days": 101869, "averageDailyVolume10Day": 101869, "bid": 3481.0, "ask": 3488.0, "bidSize": 0, "askSize": 0, "marketCap": 216561057792, "fiftyTwoWeekLow": 501.0, "fiftyTwoWeekHigh": 3518.6, "fiftyDayAverage": 2130.4985, "twoHundredDayAverage": 1510.6577, "trailingAnnualDividendRate": 16.5, "trailingAnnualDividendYield": 0.0048800684, "currency": "INR", "fromCurrency": null, "lastMarket": null, "algorithm": null, "tradeable": false}, "sectorTrend": {"maxAge": 1, "symbol": null, "estimates": []}, "incomeStatementHistoryQuarterly": {"incomeStatementHistory": [{"maxAge": 1, "endDate": "2020-09-30", "totalRevenue": 4301791000, "costOfRevenue": 2649482000, "grossProfit": 1652309000, "researchDevelopment": {}, "sellingGeneralAdministrative": {}, "nonRecurring": {}, "otherOperatingExpenses": 471799000, "totalOperatingExpenses": 3233337000, "operatingIncome": 1068454000, "totalOtherIncomeExpenseNet": 31062000, "ebit": 1068454000, "interestExpense": -13011000, "incomeBeforeTax": 1099516000, "incomeTaxExpense": 310725000, "minorityInterest": {}, "netIncomeFromContinuingOps": 788791000, "discontinuedOperations": {}, "extraordinaryItems": {}, "effectOfAccountingCharges": {}, "otherItems": {}, "netIncome": 788791000, "netIncomeApplicableToCommonShares": 788791000}, {"maxAge": 1, "endDate": "2020-06-30", "totalRevenue": 4004877000, "costOfRevenue": 2662802000, "grossProfit": 1342075000, "researchDevelopment": {}, "sellingGeneralAdministrative": {}, "nonRecurring": {}, "otherOperatingExpenses": 414971000, "totalOperatingExpenses": 3186014000, "operatingIncome": 818863000, "totalOtherIncomeExpenseNet": 120629000, "ebit": 818863000, "interestExpense": -13858000, "incomeBeforeTax": 939492000, "incomeTaxExpense": 250762000, "minorityInterest": {}, "netIncomeFromContinuingOps": 688730000, "discontinuedOperations": {}, "extraordinaryItems": {}, "effectOfAccountingCharges": {}, "otherItems": {}, "netIncome": 688730000, "netIncomeApplicableToCommonShares": 688730000}, {"maxAge": 1, "endDate": "2020-03-31", "totalRevenue": 4388854000, "costOfRevenue": 2736782000, "grossProfit": 1652072000, "researchDevelopment": {}, "sellingGeneralAdministrative": 97650000, "nonRecurring": {}, "otherOperatingExpenses": 249000000, "totalOperatingExpenses": 3194422000, "operatingIncome": 1194432000, "totalOtherIncomeExpenseNet": -96835000, "ebit": 1194432000, "interestExpense": -14428000, "incomeBeforeTax": 1097597000, "incomeTaxExpense": 276780000, "minorityInterest": {}, "netIncomeFromContinuingOps": 820817000, "discontinuedOperations": {}, "extraordinaryItems": {}, "effectOfAccountingCharges": {}, "otherItems": {}, "netIncome": 820817000, "netIncomeApplicableToCommonShares": 820817000}, {"maxAge": 1, "endDate": "2019-12-31", "totalRevenue": 4234381000, "costOfRevenue": 2647441000, "grossProfit": 1586940000, "researchDevelopment": {}, "sellingGeneralAdministrative": 97650000, "nonRecurring": {}, "otherOperatingExpenses": 645016000, "totalOperatingExpenses": 3404632000, "operatingIncome": 829749000, "totalOtherIncomeExpenseNet": 190813000, "ebit": 829749000, "interestExpense": -14433000, "incomeBeforeTax": 1020562000, "incomeTaxExpense": 266361000, "minorityInterest": {}, "netIncomeFromContinuingOps": 754201000, "discontinuedOperations": {}, "extraordinaryItems": {}, "effectOfAccountingCharges": {}, "otherItems": {}, "netIncome": 754201000, "netIncomeApplicableToCommonShares": 754201000}], "maxAge": 86400}, "cashflowStatementHistoryQuarterly": {"cashflowStatements": [{"maxAge": 1, "endDate": "2020-09-30", "netIncome": 788791000, "changeToLiabilities": 0}, {"maxAge": 1, "endDate": "2020-06-30", "netIncome": 688730000, "changeToLiabilities": 0}, {"maxAge": 1, "endDate": "2020-03-31", "netIncome": 820817000, "changeToLiabilities": 0}, {"maxAge": 1, "endDate": "2019-12-31", "netIncome": 754201000, "changeToLiabilities": 0}], "maxAge": 86400}, "insiderHolders": {"holders": [{"maxAge": 1, "name": "Raghavan (Manoj)", "relation": "UNREPORTED", "url": "", "transactionDescription": "Acquisition", "latestTransDate": "2019-08-22", "positionDirect": 2000, "positionDirectDate": "2019-08-22"}], "maxAge": 1}, "earnings": {"maxAge": 86400, "earningsChart": {"quarterly": [{"date": "4Q2017", "actual": 10.08, "estimate": 9.3}, {"date": "1Q2018", "actual": 11.29, "estimate": 9.45}, {"date": "2Q2018", "actual": 11.32, "estimate": 11.8}, {"date": "3Q2018", "actual": 13.2, "estimate": 11.54}], "currentQuarterEstimateDate": "4Q", "currentQuarterEstimateYear": 2018, "earningsDate": []}, "financialsChart": {"yearly": [{"date": 2017, "revenue": 12373123000, "earnings": 1747846000}, {"date": 2018, "revenue": 13862955000, "earnings": 2400379000}, {"date": 2019, "revenue": 15969316000, "earnings": 2899689000}, {"date": 2020, "revenue": 16098604000, "earnings": 2561001000}], "quarterly": [{"date": "4Q2019", "revenue": 4234381000, "earnings": 754201000}, {"date": "1Q2020", "revenue": 4388854000, "earnings": 820817000}, {"date": "2Q2020", "revenue": 4004877000, "earnings": 688730000}, {"date": "3Q2020", "revenue": 4301791000, "earnings": 788791000}]}, "financialCurrency": "INR"}, "calendarEvents": {"maxAge": 1, "earnings": {"earningsDate": [], "revenueAverage": 4230000000, "revenueLow": 4230000000, "revenueHigh": 4230000000}}, "upgradeDowngradeHistory": {"history": [], "maxAge": 86400}, "price": {"maxAge": 1, "regularMarketChangePercent": 0.029280413, "regularMarketChange": 99.0, "regularMarketTime": "2021-04-30 15:56:18", "priceHint": 2, "regularMarketPrice": 3480.1, "regularMarketDayHigh": 3518.6, "regularMarketDayLow": 3307.25, "regularMarketVolume": 27292, "averageDailyVolume10Day": 101869, "averageDailyVolume3Month": 66600, "regularMarketPreviousClose": 3381.1, "regularMarketSource": "FREE_REALTIME", "regularMarketOpen": 3385.0, "exchange": "BSE", "exchangeName": "BSE", "exchangeDataDelayedBy": 0, "marketState": "CLOSED", "quoteType": "EQUITY", "symbol": "TATAELXSI.BO", "underlyingSymbol": null, "shortName": "TATA ELXSI LTD.", "longName": "Tata Elxsi Limited", "currency": "INR", "quoteSourceName": "Delayed Quote", "currencySymbol": "\u20b9", "fromCurrency": null, "lastMarket": null, "marketCap": 216561057792}, "balanceSheetHistory": {"balanceSheetStatements": [{"maxAge": 1, "endDate": "2020-03-31", "cash": 2284245000, "shortTermInvestments": 4300037000, "netReceivables": 5179457000, "inventory": 17120000, "otherCurrentAssets": 156364000, "totalCurrentAssets": 12012026000, "propertyPlantEquipment": 1350383000, "intangibleAssets": 129349000, "otherAssets": 398056000, "deferredLongTermAssetCharges": 87683000, "totalAssets": 13889814000, "accountsPayable": 471320000, "otherCurrentLiab": 760196000, "otherLiab": 365598000, "totalCurrentLiabilities": 2173724000, "totalLiab": 2989461000, "commonStock": 622764000, "retainedEarnings": 10367904000, "treasuryStock": -90315000, "otherStockholderEquity": -90315000, "totalStockholderEquity": 10900353000, "netTangibleAssets": 10771004000}, {"maxAge": 1, "endDate": "2019-03-31", "cash": 537104000, "shortTermInvestments": 4570034000, "netReceivables": 4704494000, "inventory": 16623000, "otherCurrentAssets": 169762000, "totalCurrentAssets": 10080052000, "propertyPlantEquipment": 876968000, "intangibleAssets": 139379000, "otherAssets": 337489000, "deferredLongTermAssetCharges": 59700000, "totalAssets": 11433888000, "accountsPayable": 554953000, "otherCurrentLiab": 508846000, "otherLiab": 124212000, "totalCurrentLiabilities": 1882149000, "totalLiab": 2006361000, "commonStock": 622764000, "retainedEarnings": 8852440000, "treasuryStock": -47677000, "otherStockholderEquity": -47677000, "totalStockholderEquity": 9427527000, "netTangibleAssets": 9288148000}, {"maxAge": 1, "endDate": "2018-03-31", "cash": 832101000, "shortTermInvestments": 3070032000, "netReceivables": 3952042000, "otherCurrentAssets": 90530000, "totalCurrentAssets": 8050658000, "propertyPlantEquipment": 838045000, "intangibleAssets": 125977000, "otherAssets": 434247000, "deferredLongTermAssetCharges": 41200000, "totalAssets": 9448927000, "accountsPayable": 449893000, "otherCurrentLiab": 516035000, "otherLiab": 188517000, "totalCurrentLiabilities": 1876897000, "totalLiab": 2065414000, "commonStock": 622764000, "retainedEarnings": 6778604000, "treasuryStock": -17855000, "otherStockholderEquity": -17855000, "totalStockholderEquity": 7383513000, "netTangibleAssets": 7257536000}, {"maxAge": 1, "endDate": "2017-03-31", "cash": 1909264000, "shortTermInvestments": 570000000, "netReceivables": 2960052000, "otherCurrentAssets": 121175000, "totalCurrentAssets": 5665189000, "propertyPlantEquipment": 933132000, "intangibleAssets": 155252000, "otherAssets": 400405000, "deferredLongTermAssetCharges": 32300000, "totalAssets": 7153978000, "accountsPayable": 464771000, "otherCurrentLiab": 291929000, "otherLiab": 259714000, "totalCurrentLiabilities": 1317572000, "totalLiab": 1577286000, "commonStock": 311382000, "retainedEarnings": 5289243000, "treasuryStock": -23933000, "otherStockholderEquity": -23933000, "totalStockholderEquity": 5576692000, "netTangibleAssets": 5421440000}], "maxAge": 86400}, "earningsTrend": {"trend": [{"maxAge": 1, "period": "0q", "endDate": "2018-12-31", "growth": {}, "earningsEstimate": {"avg": 0.0, "low": 0.0, "high": 0.0, "yearAgoEps": 10.08, "numberOfAnalysts": 0, "growth": {}}, "revenueEstimate": {"avg": 4230000000, "low": 4230000000, "high": 4230000000, "numberOfAnalysts": 1, "yearAgoRevenue": 3455360000, "growth": 0.22399999}, "epsTrend": {"current": 0.0, "7daysAgo": 0.0, "30daysAgo": 0.0, "60daysAgo": 0.0, "90daysAgo": 0.0}, "epsRevisions": {"upLast7days": 0, "upLast30days": 0, "downLast30days": 0, "downLast90days": {}}}, {"maxAge": 1, "period": "+1q", "endDate": "2019-03-31", "growth": {}, "earningsEstimate": {"avg": 0.0, "low": 0.0, "high": 0.0, "yearAgoEps": 11.29, "numberOfAnalysts": 0, "growth": {}}, "revenueEstimate": {"avg": 4399000000, "low": 4399000000, "high": 4399000000, "numberOfAnalysts": 1, "yearAgoRevenue": 3753750000, "growth": 0.172}, "epsTrend": {"current": 0.0, "7daysAgo": 0.0, "30daysAgo": 0.0, "60daysAgo": 0.0, "90daysAgo": 0.0}, "epsRevisions": {"upLast7days": 0, "upLast30days": 0, "downLast30days": 0, "downLast90days": {}}}, {"maxAge": 1, "period": "0y", "endDate": "2019-03-31", "growth": {}, "earningsEstimate": {"avg": 0.0, "low": 0.0, "high": 0.0, "yearAgoEps": {}, "numberOfAnalysts": 0, "growth": {}}, "revenueEstimate": {"avg": 16518000000, "low": 16479000000, "high": 16557000000, "numberOfAnalysts": 2, "yearAgoRevenue": 13863000000, "growth": 0.192}, "epsTrend": {"current": 0.0, "7daysAgo": 48.0, "30daysAgo": 48.0, "60daysAgo": 48.0, "90daysAgo": 48.0}, "epsRevisions": {"upLast7days": 0, "upLast30days": 0, "downLast30days": 0, "downLast90days": {}}}, {"maxAge": 1, "period": "+1y", "endDate": "2020-03-31", "growth": {}, "earningsEstimate": {"avg": 0.0, "low": 0.0, "high": 0.0, "yearAgoEps": {}, "numberOfAnalysts": 0, "growth": {}}, "revenueEstimate": {"avg": 18914100000, "low": 18413500000, "high": 19200000000, "numberOfAnalysts": 4, "yearAgoRevenue": 16518000000, "growth": 0.145}, "epsTrend": {"current": 0.0, "7daysAgo": 54.14, "30daysAgo": 54.14, "60daysAgo": 54.14, "90daysAgo": 54.14}, "epsRevisions": {"upLast7days": 0, "upLast30days": 0, "downLast30days": 0, "downLast90days": {}}}, {"maxAge": 1, "period": "+5y", "endDate": null, "growth": 0.19700001, "earningsEstimate": {"avg": {}, "low": {}, "high": {}, "yearAgoEps": {}, "numberOfAnalysts": {}, "growth": {}}, "revenueEstimate": {"avg": {}, "low": {}, "high": {}, "numberOfAnalysts": {}, "yearAgoRevenue": {}, "growth": {}}, "epsTrend": {"current": {}, "7daysAgo": {}, "30daysAgo": {}, "60daysAgo": {}, "90daysAgo": {}}, "epsRevisions": {"upLast7days": {}, "upLast30days": {}, "downLast30days": {}, "downLast90days": {}}}, {"maxAge": 1, "period": "-5y", "endDate": null, "growth": {}, "earningsEstimate": {"avg": {}, "low": {}, "high": {}, "yearAgoEps": {}, "numberOfAnalysts": {}, "growth": {}}, "revenueEstimate": {"avg": {}, "low": {}, "high": {}, "numberOfAnalysts": {}, "yearAgoRevenue": {}, "growth": {}}, "epsTrend": {"current": {}, "7daysAgo": {}, "30daysAgo": {}, "60daysAgo": {}, "90daysAgo": {}}, "epsRevisions": {"upLast7days": {}, "upLast30days": {}, "downLast30days": {}, "downLast90days": {}}}], "maxAge": 1}, "financialData": {"maxAge": 86400, "currentPrice": 3480.1, "targetHighPrice": 1500.0, "targetLowPrice": 1060.0, "targetMeanPrice": 1220.0, "targetMedianPrice": 1100.0, "recommendationKey": "none", "numberOfAnalystOpinions": 3, "grossProfits": 5785940000, "financialCurrency": "INR"}}}