{"TATACOFFEE.NS": {"assetProfile": {"address1": "No. 57, Railway Parallel Road", "address2": "Kumara Park West", "city": "Bengaluru", "zip": "560020", "country": "India", "phone": "91 80 2356 0695", "fax": "91 80 2334 1843", "website": "http://www.tatacoffee.com", "industry": "Packaged Foods", "sector": "Consumer Defensive", "longBusinessSummary": "Tata Coffee Limited, together with its subsidiaries, produces, trades in, and distributes coffee, tea, and allied products. It provides green coffee beans; instant coffee products, such as spray dried, agglomerated, and freeze dried coffee products, as well as coffee mixes; roast and ground products; and pepper and cardamom products. The company owns 18 coffee estates covering approximately 8,000 hectares; 6 tea estates covering 2,400 hectares; and 1 combined coffee and tea estate. It primarily operates in India, the United States, CIS countries, Europe, Africa, and Vietnam. The company was incorporated in 1943 and is based in Bengaluru, India. Tata Coffee Limited is a subsidiary of Tata Consumer Products Limited.", "companyOfficers": [{"maxAge": 1, "name": "Mr. Chacko Purackal Thomas", "age": 50, "title": "CEO, MD & Exec. Director", "yearBorn": 1970, "fiscalYear": 2020, "totalPay": 26314000, "exercisedValue": 0, "unexercisedValue": 0}, {"maxAge": 1, "name": "Mr. K.  Venkataramanan", "age": 59, "title": "CFO, Exec. Director of Fin. & Director", "yearBorn": 1961, "fiscalYear": 2020, "totalPay": 20266000, "exercisedValue": 0, "unexercisedValue": 0}, {"maxAge": 1, "name": "Mr. N. Anantha Murthy", "title": "Head of Legal, Compliance Officer & Company Sec.", "fiscalYear": 2020, "totalPay": 5636000, "exercisedValue": 0, "unexercisedValue": 0}], "compensationAsOfEpochDate": "2020-12-31 05:30:00", "maxAge": 86400}, "cashflowStatementHistory": {"cashflowStatements": [{"maxAge": 1, "endDate": "2021-03-31", "netIncome": 1336400000, "depreciation": 827800000, "changeToNetincome": 1044600000, "changeToAccountReceivables": 223500000, "changeToLiabilities": -220700000, "changeToInventory": -187900000, "changeToOperatingActivities": -3500000, "totalCashFromOperatingActivities": 3020200000, "capitalExpenditures": -335800000, "investments": 751000000, "otherCashflowsFromInvestingActivities": -1055500000, "totalCashflowsFromInvestingActivities": -251300000, "dividendsPaid": -632900000, "netBorrowings": -261100000, "otherCashflowsFromFinancingActivities": -515200000, "totalCashFromFinancingActivities": -1409200000, "effectOfExchangeRate": -38200000, "changeInCash": 1321500000}, {"maxAge": 1, "endDate": "2020-03-31", "netIncome": 824027000, "depreciation": 778862000, "changeToNetincome": 990969000, "changeToAccountReceivables": -551907000, "changeToLiabilities": 330207000, "changeToInventory": -322393000, "changeToOperatingActivities": 531622000, "totalCashFromOperatingActivities": 2609001000, "capitalExpenditures": -675857000, "investments": -82076000, "otherCashflowsFromInvestingActivities": 241267000, "totalCashflowsFromInvestingActivities": -380782000, "dividendsPaid": -696530000, "netBorrowings": -419085000, "otherCashflowsFromFinancingActivities": -626649000, "totalCashFromFinancingActivities": -1742264000, "effectOfExchangeRate": 108848000, "changeInCash": 594803000}, {"maxAge": 1, "endDate": "2019-03-31", "netIncome": 687745000, "depreciation": 508866000, "changeToNetincome": 665981000, "changeToAccountReceivables": 265979000, "changeToLiabilities": -60739000, "changeToInventory": -375865000, "changeToOperatingActivities": -304270000, "totalCashFromOperatingActivities": 1448703000, "capitalExpenditures": -1949758000, "investments": -487070000, "otherCashflowsFromInvestingActivities": 460342000, "totalCashflowsFromInvestingActivities": -1702777000, "dividendsPaid": -686642000, "netBorrowings": 1042479000, "otherCashflowsFromFinancingActivities": -448062000, "totalCashFromFinancingActivities": -92225000, "effectOfExchangeRate": 20712000, "changeInCash": -325587000}, {"maxAge": 1, "endDate": "2018-03-31", "netIncome": 1066336000, "depreciation": 486008000, "changeToNetincome": 167788000, "changeToAccountReceivables": -317508000, "changeToLiabilities": 136472000, "changeToInventory": -141819000, "changeToOperatingActivities": -217160000, "totalCashFromOperatingActivities": 1243239000, "capitalExpenditures": -2947468000, "investments": 681137000, "otherCashflowsFromInvestingActivities": 124698000, "totalCashflowsFromInvestingActivities": -1878034000, "dividendsPaid": -682180400, "netBorrowings": 2052537000, "otherCashflowsFromFinancingActivities": -303874000, "totalCashFromFinancingActivities": 1019790000, "effectOfExchangeRate": -564000, "changeInCash": 384431000}], "maxAge": 86400}, "institutionOwnership": {"maxAge": 1, "ownershipList": []}, "majorHoldersBreakdown": {"maxAge": 1, "insidersPercentHeld": 0.58347, "institutionsPercentHeld": 0.05019, "institutionsFloatPercentHeld": 0.12049, "institutionsCount": 5}, "balanceSheetHistoryQuarterly": {"balanceSheetStatements": [{"maxAge": 1, "endDate": "2021-03-31", "cash": 2846200000, "shortTermInvestments": 782200000, "netReceivables": 2853200000, "inventory": 4281400000, "otherCurrentAssets": 351500000, "totalCurrentAssets": 11114500000, "longTermInvestments": 9100000, "propertyPlantEquipment": 10057500000, "goodWill": 12656700000, "intangibleAssets": 1265800000, "otherAssets": 602600000, "totalAssets": 35706200000, "accountsPayable": 1290100000, "otherCurrentLiab": 6731700000, "longTermDebt": 5068600000, "otherLiab": 1826000000, "minorityInterest": 4503500000, "totalCurrentLiabilities": 9746000000, "totalLiab": 17506000000, "commonStock": 186800000, "treasuryStock": 13509900000, "otherStockholderEquity": 13509900000, "totalStockholderEquity": 13696700000, "netTangibleAssets": -225800000}, {"maxAge": 1, "endDate": "2020-12-31", "totalStockholderEquity": 12761700000, "netTangibleAssets": -1330000000}, {"maxAge": 1, "endDate": "2020-09-30", "cash": 1823700000, "shortTermInvestments": 769000000, "netReceivables": 2443700000, "inventory": 4423000000, "otherCurrentAssets": 416100000, "totalCurrentAssets": 9875500000, "longTermInvestments": 9400000, "propertyPlantEquipment": 10321900000, "goodWill": 12771000000, "intangibleAssets": 1320700000, "otherAssets": 598000000, "totalAssets": 34896500000, "accountsPayable": 1104000000, "otherCurrentLiab": 2948500000, "longTermDebt": 9568700000, "otherLiab": 1755500000, "minorityInterest": 4412600000, "totalCurrentLiabilities": 5497700000, "totalLiab": 17722200000, "commonStock": 186800000, "treasuryStock": 12574900000, "otherStockholderEquity": 12574900000, "totalStockholderEquity": 12761700000, "netTangibleAssets": -1330000000}, {"maxAge": 1, "endDate": "2020-06-30", "totalStockholderEquity": 12545569000, "netTangibleAssets": -1974523000}], "maxAge": 86400}, "indexTrend": {"maxAge": 1, "symbol": "SP5", "peRatio": 19.7411, "pegRatio": 1.34172, "estimates": [{"period": "0q", "growth": 0.549}, {"period": "+1q", "growth": 0.431}, {"period": "0y", "growth": 0.305}, {"period": "+1y", "growth": 0.109}, {"period": "+5y", "growth": 0.120865}, {"period": "-5y"}]}, "defaultKeyStatistics": {"maxAge": 1, "priceHint": 2, "enterpriseValue": 32387330048, "profitMargins": 0.058390003, "floatShares": 72795039, "sharesOutstanding": 186770000, "heldPercentInsiders": 0.58347, "heldPercentInstitutions": 0.05019, "category": null, "bookValue": 73.296, "priceToBook": 1.7872735, "fundFamily": null, "legalType": null, "lastFiscalYearEnd": "2021-03-31 05:30:00", "nextFiscalYearEnd": "2023-03-31 05:30:00", "mostRecentQuarter": "2021-03-31 05:30:00", "earningsQuarterlyGrowth": 3.358, "netIncomeToCommon": 1336400000, "trailingEps": 7.16, "lastSplitFactor": "10:1", "lastSplitDate": "2015-01-23 05:30:00", "enterpriseToRevenue": 1.415, "enterpriseToEbitda": 7.641, "52WeekChange": 0.72481894, "SandP52WeekChange": 0.48148263, "lastDividendValue": 1.5, "lastDividendDate": 1591920000}, "summaryProfile": {"address1": "No. 57, Railway Parallel Road", "address2": "Kumara Park West", "city": "Bengaluru", "zip": "560020", "country": "India", "phone": "91 80 2356 0695", "fax": "91 80 2334 1843", "website": "http://www.tatacoffee.com", "industry": "Packaged Foods", "sector": "Consumer Defensive", "longBusinessSummary": "Tata Coffee Limited, together with its subsidiaries, produces, trades in, and distributes coffee, tea, and allied products. It provides green coffee beans; instant coffee products, such as spray dried, agglomerated, and freeze dried coffee products, as well as coffee mixes; roast and ground products; and pepper and cardamom products. The company owns 18 coffee estates covering approximately 8,000 hectares; 6 tea estates covering 2,400 hectares; and 1 combined coffee and tea estate. It primarily operates in India, the United States, CIS countries, Europe, Africa, and Vietnam. The company was incorporated in 1943 and is based in Bengaluru, India. Tata Coffee Limited is a subsidiary of Tata Consumer Products Limited.", "companyOfficers": [], "maxAge": 86400}, "netSharePurchaseActivity": {"maxAge": 1, "period": "6m", "buyInfoCount": 0, "buyInfoShares": 0, "sellInfoCount": 0, "netInfoCount": 0, "netInfoShares": 0, "netPercentInsiderShares": 0.0, "totalInsiderShares": 109032784}, "insiderTransactions": {"transactions": [{"maxAge": 1, "shares": 374258, "filerUrl": "", "transactionText": "", "filerName": "Life Insurance Corporation of India", "filerRelation": "Institution- Corporation", "moneyText": "", "startDate": "2012-06-06", "ownership": "D"}, {"maxAge": 1, "shares": 40696, "filerUrl": "", "transactionText": "", "filerName": "Shah (Sharad Kantilal)", "filerRelation": "UNREPORTED", "moneyText": "", "startDate": "2009-12-03", "ownership": "D"}], "maxAge": 1}, "quoteType": {"exchange": "NSI", "quoteType": "EQUITY", "symbol": "TATACOFFEE.NS", "underlyingSymbol": "TATACOFFEE.NS", "shortName": "TATA COFFEE", "longName": "Tata Coffee Limited", "firstTradeDateEpochUtc": "2002-07-01 09:15:00", "timeZoneFullName": "Asia/Kolkata", "timeZoneShortName": "IST", "uuid": "056600eb-bc53-3dfd-a38d-ed226b5c2ba0", "messageBoardId": "finmb_4508880", "gmtOffSetMilliseconds": 19800000, "maxAge": 1}, "incomeStatementHistory": {"incomeStatementHistory": [{"maxAge": 1, "endDate": "2021-03-31", "totalRevenue": 22887400000, "costOfRevenue": 11212200000, "grossProfit": 11675200000, "researchDevelopment": {}, "sellingGeneralAdministrative": 3522200000, "nonRecurring": {}, "otherOperatingExpenses": 3914500000, "totalOperatingExpenses": 19476700000, "operatingIncome": 3410700000, "totalOtherIncomeExpenseNet": -567400000, "ebit": 3410700000, "interestExpense": -535800000, "incomeBeforeTax": 2843300000, "incomeTaxExpense": 727800000, "minorityInterest": 4503500000, "netIncomeFromContinuingOps": 2115500000, "discontinuedOperations": {}, "extraordinaryItems": {}, "effectOfAccountingCharges": {}, "otherItems": {}, "netIncome": 1336400000, "netIncomeApplicableToCommonShares": 1336400000}, {"maxAge": 1, "endDate": "2020-03-31", "totalRevenue": 19660594000, "costOfRevenue": 9843148000, "grossProfit": 9817446000, "researchDevelopment": {}, "sellingGeneralAdministrative": 3299116000, "nonRecurring": {}, "otherOperatingExpenses": 3287656000, "totalOperatingExpenses": 17236396000, "operatingIncome": 2424198000, "totalOtherIncomeExpenseNet": -423452000, "ebit": 2424198000, "interestExpense": -610934000, "incomeBeforeTax": 2000746000, "incomeTaxExpense": 590609000, "minorityInterest": 4296528000, "netIncomeFromContinuingOps": 1410137000, "discontinuedOperations": {}, "extraordinaryItems": {}, "effectOfAccountingCharges": {}, "otherItems": {}, "netIncome": 824027000, "netIncomeApplicableToCommonShares": 824027000}, {"maxAge": 1, "endDate": "2019-03-31", "totalRevenue": 18039818000, "costOfRevenue": 9256347000, "grossProfit": 8783471000, "researchDevelopment": {}, "sellingGeneralAdministrative": 3237864000, "nonRecurring": {}, "otherOperatingExpenses": 3055215000, "totalOperatingExpenses": 16119298000, "operatingIncome": 1920520000, "totalOtherIncomeExpenseNet": -219666000, "ebit": 1920520000, "interestExpense": -422692000, "incomeBeforeTax": 1700854000, "incomeTaxExpense": 631932000, "minorityInterest": 3624195000, "netIncomeFromContinuingOps": 1068922000, "discontinuedOperations": {}, "extraordinaryItems": {}, "effectOfAccountingCharges": {}, "otherItems": {}, "netIncome": 687745000, "netIncomeApplicableToCommonShares": 687745000}, {"maxAge": 1, "endDate": "2018-03-31", "totalRevenue": 15673235000, "costOfRevenue": 7474022000, "grossProfit": 8199213000, "researchDevelopment": {}, "sellingGeneralAdministrative": 3154844000, "nonRecurring": {}, "otherOperatingExpenses": 2401061000, "totalOperatingExpenses": 13579057000, "operatingIncome": 2094178000, "totalOtherIncomeExpenseNet": -234790000, "ebit": 2094178000, "interestExpense": -306802000, "incomeBeforeTax": 1859388000, "incomeTaxExpense": -10599000, "minorityInterest": 3469648000, "netIncomeFromContinuingOps": 1869987000, "discontinuedOperations": {}, "extraordinaryItems": {}, "effectOfAccountingCharges": {}, "otherItems": {}, "netIncome": 1066336000, "netIncomeApplicableToCommonShares": 1066336000}], "maxAge": 86400}, "fundOwnership": {"maxAge": 1, "ownershipList": [{"maxAge": 1, "reportDate": "2021-02-28", "organization": "WisdomTree Tr-WisdomTree India Earnings Fd", "pctHeld": 0.0002, "position": 40433, "value": 5256290}]}, "summaryDetail": {"maxAge": 1, "priceHint": 2, "previousClose": 127.8, "open": 133.25, "dayLow": 129.0, "dayHigh": 139.85, "regularMarketPreviousClose": 127.8, "regularMarketOpen": 133.25, "regularMarketDayLow": 129.0, "regularMarketDayHigh": 139.85, "dividendRate": 1.5, "dividendYield": 0.0117, "exDividendDate": "2020-06-12 05:30:00", "payoutRatio": 0.27879998, "fiveYearAvgDividendYield": 1.45, "trailingPE": 18.29609, "volume": 14618101, "regularMarketVolume": 14618101, "averageVolume": 2716861, "averageVolume10days": 4537090, "averageDailyVolume10Day": 4537090, "bid": 0.0, "ask": 0.0, "bidSize": 0, "askSize": 0, "marketCap": 24476434432, "fiftyTwoWeekLow": 69.0, "fiftyTwoWeekHigh": 139.85, "priceToSalesTrailing12Months": 1.0694283, "fiftyDayAverage": 122.076385, "twoHundredDayAverage": 112.374825, "trailingAnnualDividendRate": 1.5, "trailingAnnualDividendYield": 0.011737089, "currency": "INR", "fromCurrency": null, "toCurrency": null, "lastMarket": null, "algorithm": null, "tradeable": false}, "incomeStatementHistoryQuarterly": {"incomeStatementHistory": [{"maxAge": 1, "endDate": "2021-03-31", "totalRevenue": 6120600000, "costOfRevenue": 2847000000, "grossProfit": 3273600000, "researchDevelopment": {}, "sellingGeneralAdministrative": 980400000, "nonRecurring": {}, "otherOperatingExpenses": 1140900000, "totalOperatingExpenses": 5173100000, "operatingIncome": 947500000, "totalOtherIncomeExpenseNet": -153300000, "ebit": 947500000, "interestExpense": -121700000, "incomeBeforeTax": 794200000, "incomeTaxExpense": 220500000, "minorityInterest": 4503500000, "netIncomeFromContinuingOps": 573700000, "discontinuedOperations": {}, "extraordinaryItems": {}, "effectOfAccountingCharges": {}, "otherItems": {}, "netIncome": 429800000, "netIncomeApplicableToCommonShares": 429800000}, {"maxAge": 1, "endDate": "2020-12-31", "totalRevenue": 5327600000, "costOfRevenue": 2612100000, "grossProfit": 2715500000, "researchDevelopment": {}, "sellingGeneralAdministrative": 873800000, "nonRecurring": {}, "otherOperatingExpenses": 878000000, "totalOperatingExpenses": 4571300000, "operatingIncome": 756300000, "totalOtherIncomeExpenseNet": -76500000, "ebit": 756300000, "interestExpense": -130800000, "incomeBeforeTax": 679800000, "incomeTaxExpense": 178000000, "minorityInterest": 4503500000, "netIncomeFromContinuingOps": 501800000, "discontinuedOperations": {}, "extraordinaryItems": {}, "effectOfAccountingCharges": {}, "otherItems": {}, "netIncome": 315200000, "netIncomeApplicableToCommonShares": 315200000}, {"maxAge": 1, "endDate": "2020-09-30", "totalRevenue": 5434300000, "costOfRevenue": 2777200000, "grossProfit": 2657100000, "researchDevelopment": {}, "sellingGeneralAdministrative": 799700000, "nonRecurring": {}, "otherOperatingExpenses": 970500000, "totalOperatingExpenses": 4753900000, "operatingIncome": 680400000, "totalOtherIncomeExpenseNet": -101700000, "ebit": 680400000, "interestExpense": -133700000, "incomeBeforeTax": 578700000, "incomeTaxExpense": 154700000, "minorityInterest": 4412600000, "netIncomeFromContinuingOps": 424000000, "discontinuedOperations": {}, "extraordinaryItems": {}, "effectOfAccountingCharges": {}, "otherItems": {}, "netIncome": 232000000, "netIncomeApplicableToCommonShares": 232000000}, {"maxAge": 1, "endDate": "2020-06-30", "totalRevenue": 5875300000, "costOfRevenue": 2975900000, "grossProfit": 2899400000, "researchDevelopment": {}, "sellingGeneralAdministrative": 868300000, "nonRecurring": {}, "otherOperatingExpenses": 925100000, "totalOperatingExpenses": 4978400000, "operatingIncome": 896900000, "totalOtherIncomeExpenseNet": -106300000, "ebit": 896900000, "interestExpense": -149600000, "incomeBeforeTax": 790600000, "incomeTaxExpense": 174600000, "minorityInterest": 4412600000, "netIncomeFromContinuingOps": 616000000, "discontinuedOperations": {}, "extraordinaryItems": {}, "effectOfAccountingCharges": {}, "otherItems": {}, "netIncome": 359400000, "netIncomeApplicableToCommonShares": 359400000}], "maxAge": 86400}, "cashflowStatementHistoryQuarterly": {"cashflowStatements": [{"maxAge": 1, "endDate": "2021-03-31", "netIncome": 429800000, "changeToLiabilities": 0}, {"maxAge": 1, "endDate": "2020-12-31", "netIncome": 315200000, "changeToLiabilities": 0}, {"maxAge": 1, "endDate": "2020-09-30", "netIncome": 232000000, "changeToLiabilities": 0}, {"maxAge": 1, "endDate": "2020-06-30", "netIncome": 359400000, "changeToLiabilities": 0}], "maxAge": 86400}, "insiderHolders": {"holders": [{"maxAge": 1, "name": "Life Insurance Corporation of India", "relation": "Institution- Corporation", "url": "", "transactionDescription": "Sale", "latestTransDate": "2012-06-06", "positionDirect": 613604, "positionDirectDate": "2012-06-06"}, {"maxAge": 1, "name": "Shah (Sharad Kantilal)", "relation": "UNREPORTED", "url": "", "transactionDescription": "Acquisition", "latestTransDate": "2009-12-03", "positionDirect": 483997, "positionDirectDate": "2009-12-03"}], "maxAge": 1}, "calendarEvents": {"maxAge": 1, "earnings": {"earningsDate": []}, "exDividendDate": "2020-06-12 05:30:00"}, "price": {"maxAge": 1, "regularMarketChangePercent": 0.0250391, "regularMarketChange": 3.199997, "regularMarketTime": "2021-04-30 15:30:00", "priceHint": 2, "regularMarketPrice": 131.0, "regularMarketDayHigh": 139.85, "regularMarketDayLow": 129.0, "regularMarketVolume": 14618101, "averageDailyVolume10Day": 4537090, "averageDailyVolume3Month": 2716861, "regularMarketPreviousClose": 127.8, "regularMarketSource": "FREE_REALTIME", "regularMarketOpen": 133.25, "exchange": "NSI", "exchangeName": "NSE", "exchangeDataDelayedBy": 15, "marketState": "CLOSED", "quoteType": "EQUITY", "symbol": "TATACOFFEE.NS", "underlyingSymbol": null, "shortName": "TATA COFFEE", "longName": "Tata Coffee Limited", "currency": "INR", "quoteSourceName": "Delayed Quote", "currencySymbol": "\u20b9", "fromCurrency": null, "toCurrency": null, "lastMarket": null, "marketCap": 24476434432}, "balanceSheetHistory": {"balanceSheetStatements": [{"maxAge": 1, "endDate": "2021-03-31", "cash": 2846200000, "shortTermInvestments": 782200000, "netReceivables": 2853200000, "inventory": 4281400000, "otherCurrentAssets": 351500000, "totalCurrentAssets": 11114500000, "longTermInvestments": 9100000, "propertyPlantEquipment": 10057500000, "goodWill": 12656700000, "intangibleAssets": 1265800000, "otherAssets": 602600000, "totalAssets": 35706200000, "accountsPayable": 1290100000, "otherCurrentLiab": 6731700000, "longTermDebt": 5068600000, "otherLiab": 1826000000, "minorityInterest": 4503500000, "totalCurrentLiabilities": 9746000000, "totalLiab": 17506000000, "commonStock": 186800000, "treasuryStock": 13509900000, "otherStockholderEquity": 13509900000, "totalStockholderEquity": 13696700000, "netTangibleAssets": -225800000}, {"maxAge": 1, "endDate": "2020-03-31", "cash": 1075326000, "shortTermInvestments": 360054000, "netReceivables": 2691652000, "inventory": 4163507000, "otherCurrentAssets": 254999000, "totalCurrentAssets": 9724319000, "longTermInvestments": 6592000, "propertyPlantEquipment": 10700943000, "goodWill": 13099040000, "intangibleAssets": 1421052000, "otherAssets": 685142000, "totalAssets": 35637088000, "accountsPayable": 1542660000, "shortLongTermDebt": 739120000, "otherCurrentLiab": 1841572000, "longTermDebt": 10314799000, "otherLiab": 1796902000, "minorityInterest": 4296528000, "totalCurrentLiabilities": 5732472000, "totalLiab": 18794991000, "commonStock": 186770000, "retainedEarnings": 10338569000, "treasuryStock": 577803000, "capitalSurplus": 1442427000, "otherStockholderEquity": 577803000, "totalStockholderEquity": 12545569000, "netTangibleAssets": -1974523000}, {"maxAge": 1, "endDate": "2019-03-31", "cash": 480523000, "shortTermInvestments": 488145000, "netReceivables": 2142067000, "inventory": 3704683000, "otherCurrentAssets": 216897000, "totalCurrentAssets": 7942599000, "longTermInvestments": 96661000, "propertyPlantEquipment": 9167925000, "goodWill": 11971957000, "intangibleAssets": 1413585000, "otherAssets": 1294366000, "totalAssets": 31887093000, "accountsPayable": 1129723000, "shortLongTermDebt": 242024000, "otherCurrentLiab": 1699546000, "longTermDebt": 9965086000, "otherLiab": 1680749000, "minorityInterest": 3624195000, "totalCurrentLiabilities": 4814262000, "totalLiab": 16460097000, "commonStock": 186770000, "retainedEarnings": 9947768000, "treasuryStock": 225836000, "capitalSurplus": 1442427000, "otherStockholderEquity": 225836000, "totalStockholderEquity": 11802801000, "netTangibleAssets": -1582741000}, {"maxAge": 1, "endDate": "2018-03-31", "cash": 806110000, "shortTermInvestments": 209058000, "netReceivables": 2875229000, "inventory": 3233401000, "otherCurrentAssets": 200791000, "totalCurrentAssets": 7675928000, "longTermInvestments": 118514000, "propertyPlantEquipment": 5866396000, "goodWill": 11282099000, "intangibleAssets": 1479761000, "otherAssets": 2677338000, "totalAssets": 29100036000, "accountsPayable": 1182024000, "shortLongTermDebt": 114039000, "otherCurrentLiab": 1400988000, "longTermDebt": 8514834000, "otherLiab": 1575181000, "minorityInterest": 3469648000, "totalCurrentLiabilities": 4316016000, "totalLiab": 14406031000, "commonStock": 186770000, "retainedEarnings": 9473614000, "treasuryStock": 121546000, "capitalSurplus": 1442427000, "otherStockholderEquity": 121546000, "totalStockholderEquity": 11224357000, "netTangibleAssets": -1537503000}], "maxAge": 86400}, "financialData": {"maxAge": 86400, "currentPrice": 131.0, "recommendationKey": "none", "totalCash": 3628400128, "totalCashPerShare": 19.417, "ebitda": 4238500096, "totalDebt": 7630300160, "quickRatio": 0.591, "currentRatio": 1.14, "totalRevenue": 22887399424, "debtToEquity": 41.924, "revenuePerShare": 122.623, "returnOnAssets": 0.059759997, "returnOnEquity": 0.120740004, "grossProfits": 11675200000, "freeCashflow": 6315137536, "operatingCashflow": 3020199936, "earningsGrowth": 3.338, "revenueGrowth": 0.184, "grossMargins": 0.51011, "ebitdaMargins": 0.18518999, "operatingMargins": 0.14902, "profitMargins": 0.058390003, "financialCurrency": "INR"}}}