{"TATAELXSI.NS": {"assetProfile": {"address1": "ITPB Road", "address2": "Whitefield", "city": "Bengaluru", "zip": "560048", "country": "India", "phone": "91 80 2297 9123", "fax": "91 80 2841 1474", "website": "http://www.tataelxsi.com", "industry": "Software\u2014Application", "sector": "Technology", "longBusinessSummary": "Tata Elxsi Limited provides product design and engineering, and systems integration and support services in India, the United States, Europe, and internationally. It operates through two segments, Software Development and Services; and Systems Integration and Support. The company offers technology consulting, new product design, development, and testing services for broadcast, consumer electronics, healthcare, telecom, and transportation industries; and electronics, software development, and system design services for automotive and aerospace industries. It also provides animation and visual effects services in the areas of 3D stereoscopy, CG animation, visual effects, and gaming for television service and commercials, custom content development, logos and graphics, and films. In addition, the company offers services in collecting, managing, visualizing, and analyzing data to provide actionable insights combined with predictive/prescriptive analytics; and industrial design services in the areas of consumer insight, branding, industrial design, visual design and merchandising, design engineering, and manufacturing support. Further, it offers design, branding, and mechanical detailing for devices, sensors, and gateways; device, sensor, gateway hardware, system, and application development services; communications integration and testing services; connectivity, device management, big data, network management, analysis and prediction model, and hosted services; and application service/workflow, and user experience and UI design services, as well as mobile/Web-based app development services. Additionally, the company implements and integrates systems and solutions for computing, CAD/CAM/CAE/PLM, broadcast, virtual reality, storage, and disaster recovery, as well as provides professional services for the maintenance and support of IT infrastructure. Tata Elxsi Limited was incorporated in 1989 and is headquartered in Bengaluru, India.", "companyOfficers": [{"maxAge": 1, "name": "Mr. Manoj  Raghavan", "age": 49, "title": "MD, CEO & Director", "yearBorn": 1971, "fiscalYear": 2020, "totalPay": 24832984, "exercisedValue": 0, "unexercisedValue": 0}, {"maxAge": 1, "name": "Mr. H. V. Muralidharan", "title": "Chief Financial Officer", "fiscalYear": 2020, "totalPay": 12120000, "exercisedValue": 0, "unexercisedValue": 0}, {"maxAge": 1, "name": "Mr. G.  Vaidyanathan", "title": "Gen. Counsel, Company Sec. & Compliance Officer", "fiscalYear": 2020, "totalPay": 9170000, "exercisedValue": 0, "unexercisedValue": 0}, {"maxAge": 1, "name": "Mr. Pai  Nitin B.E. (Hons)", "age": 49, "title": "Head of Marketing and Sr. VP", "yearBorn": 1971, "fiscalYear": 2009, "exercisedValue": 0, "unexercisedValue": 0}, {"maxAge": 1, "name": "Mr. Philip K. Mammen", "age": 59, "title": "VP of HR", "yearBorn": 1961, "fiscalYear": 2009, "exercisedValue": 0, "unexercisedValue": 0}, {"maxAge": 1, "name": "Mr. M.  Thangarajan B.E.", "age": 56, "title": "Sr. VP of Broadcast Bus.", "yearBorn": 1964, "fiscalYear": 2007, "exercisedValue": 0, "unexercisedValue": 0}, {"maxAge": 1, "name": "Mr. Anil N. Sondur B.Sc.", "age": 58, "title": "Exec. VP", "yearBorn": 1962, "fiscalYear": 2007, "exercisedValue": 0, "unexercisedValue": 0}, {"maxAge": 1, "name": "Mr. Vasant  Shah", "age": 55, "title": "Global Head of Bus. Fin.", "yearBorn": 1965, "fiscalYear": 2007, "exercisedValue": 0, "unexercisedValue": 0}, {"maxAge": 1, "name": "Mr. Satyanarayan  Prakash", "age": 56, "title": "Head of Telecom & Networking Bus. & VP", "yearBorn": 1964, "fiscalYear": 2007, "exercisedValue": 0, "unexercisedValue": 0}, {"maxAge": 1, "name": "Mr. Nick  Talbot", "title": "Global Head of Design & Innovation", "exercisedValue": 0, "unexercisedValue": 0}], "compensationAsOfEpochDate": "2020-12-31 05:30:00", "maxAge": 86400}, "cashflowStatementHistory": {"cashflowStatements": [{"maxAge": 1, "endDate": "2021-03-31", "netIncome": 3681219000, "depreciation": 443809000, "changeToNetincome": 127260000, "changeToAccountReceivables": -126827000, "changeToLiabilities": 87828000, "changeToInventory": 16491000, "changeToOperatingActivities": 144077000, "totalCashFromOperatingActivities": 4373857000, "capitalExpenditures": -388397000, "investments": -4244003000, "otherCashflowsFromInvestingActivities": 255014000, "totalCashflowsFromInvestingActivities": -4377326000, "dividendsPaid": -1027561000, "netBorrowings": -237057000, "totalCashFromFinancingActivities": -1264618000, "effectOfExchangeRate": -11985000, "changeInCash": -1280072000}, {"maxAge": 1, "endDate": "2020-03-31", "netIncome": 2561001000, "depreciation": 387329000, "changeToNetincome": -240399000, "changeToAccountReceivables": -566978000, "changeToLiabilities": -89027000, "changeToInventory": -497000, "changeToOperatingActivities": 466356000, "totalCashFromOperatingActivities": 2564590000, "capitalExpenditures": -231076000, "investments": 269997000, "otherCashflowsFromInvestingActivities": 348731000, "totalCashflowsFromInvestingActivities": 389843000, "dividendsPaid": -1020504000, "netBorrowings": -223580000, "totalCashFromFinancingActivities": -1244084000, "effectOfExchangeRate": 36792000, "changeInCash": 1747141000}, {"maxAge": 1, "endDate": "2019-03-31", "netIncome": 2899689000, "depreciation": 202876000, "changeToNetincome": -229016000, "changeToAccountReceivables": -362296000, "changeToLiabilities": 122569000, "changeToInventory": -16623000, "changeToOperatingActivities": -515796000, "totalCashFromOperatingActivities": 2149492000, "capitalExpenditures": -315156000, "investments": -1500002000, "otherCashflowsFromInvestingActivities": 226019000, "totalCashflowsFromInvestingActivities": -1587472000, "dividendsPaid": -825853000, "netBorrowings": -223580000, "totalCashFromFinancingActivities": -825853000, "effectOfExchangeRate": -31164000, "changeInCash": -294997000}, {"maxAge": 1, "endDate": "2018-03-31", "netIncome": 2400379000, "depreciation": 197017000, "changeToNetincome": -108356000, "changeToAccountReceivables": -829612000, "changeToLiabilities": -8615000, "changeToInventory": -16623000, "changeToOperatingActivities": 263301000, "totalCashFromOperatingActivities": 1970642000, "capitalExpenditures": -117973000, "investments": -2500032000, "otherCashflowsFromInvestingActivities": 146453000, "totalCashflowsFromInvestingActivities": -2471510000, "dividendsPaid": -599636000, "netBorrowings": -223580000, "totalCashFromFinancingActivities": -599636000, "effectOfExchangeRate": 23341000, "changeInCash": -1077163000}], "maxAge": 86400}, "institutionOwnership": {"maxAge": 1, "ownershipList": [{"maxAge": 1, "reportDate": "2020-12-31", "organization": "Stanley-Laman Group, Ltd.", "pctHeld": 0.002, "position": 122813, "value": 225398698}]}, "majorHoldersBreakdown": {"maxAge": 1, "insidersPercentHeld": 0.45051, "institutionsPercentHeld": 0.09547, "institutionsFloatPercentHeld": 0.17374, "institutionsCount": 48}, "balanceSheetHistoryQuarterly": {"balanceSheetStatements": [{"maxAge": 1, "endDate": "2021-03-31", "cash": 8596198000, "shortTermInvestments": 736655000, "netReceivables": 4031634000, "inventory": 629000, "otherCurrentAssets": 548577000, "totalCurrentAssets": 13913693000, "longTermInvestments": 1020000000, "propertyPlantEquipment": 1583674000, "intangibleAssets": 185522000, "otherAssets": 464037000, "deferredLongTermAssetCharges": 99583000, "totalAssets": 17166926000, "accountsPayable": 561307000, "otherCurrentLiab": 1955805000, "otherLiab": 396000000, "totalCurrentLiabilities": 2644642000, "totalLiab": 3645211000, "commonStock": 622764000, "treasuryStock": 12898951000, "otherStockholderEquity": 12898951000, "totalStockholderEquity": 13521715000, "netTangibleAssets": 13336193000}, {"maxAge": 1, "endDate": "2020-12-31", "totalStockholderEquity": 11340842000, "netTangibleAssets": 11210718000}, {"maxAge": 1, "endDate": "2020-09-30", "cash": 7393942000, "shortTermInvestments": 834239000, "netReceivables": 3593262000, "otherCurrentAssets": 607118000, "totalCurrentAssets": 12428561000, "propertyPlantEquipment": 1296743000, "intangibleAssets": 130124000, "otherAssets": 425923000, "deferredLongTermAssetCharges": 106883000, "totalAssets": 14281351000, "accountsPayable": 427939000, "otherCurrentLiab": 1586319000, "otherLiab": 385398000, "totalCurrentLiabilities": 2119560000, "totalLiab": 2940509000, "commonStock": 622764000, "treasuryStock": 10718078000, "otherStockholderEquity": 10718078000, "totalStockholderEquity": 11340842000, "netTangibleAssets": 11210718000}, {"maxAge": 1, "endDate": "2020-06-30", "totalStockholderEquity": 10900353000, "netTangibleAssets": 10771004000}], "maxAge": 86400}, "indexTrend": {"maxAge": 1, "symbol": "SP5", "peRatio": 19.7411, "pegRatio": 1.34172, "estimates": [{"period": "0q", "growth": 0.549}, {"period": "+1q", "growth": 0.431}, {"period": "0y", "growth": 0.305}, {"period": "+1y", "growth": 0.109}, {"period": "+5y", "growth": 0.120865}, {"period": "-5y"}]}, "defaultKeyStatistics": {"maxAge": 1, "priceHint": 2, "enterpriseValue": 202222125056, "profitMargins": 0.20158, "floatShares": 33633745, "sharesOutstanding": 62276400, "heldPercentInsiders": 0.45051, "heldPercentInstitutions": 0.09547, "beta": 0.987665, "category": null, "bookValue": 217.087, "priceToBook": 16.030901, "fundFamily": null, "legalType": null, "lastFiscalYearEnd": "2021-03-31 05:30:00", "nextFiscalYearEnd": "2023-03-31 05:30:00", "mostRecentQuarter": "2021-03-31 05:30:00", "earningsQuarterlyGrowth": 0.403, "netIncomeToCommon": 3681219072, "trailingEps": 59.11, "lastSplitFactor": "2:1", "lastSplitDate": "2017-09-18 05:30:00", "enterpriseToRevenue": 11.074, "enterpriseToEbitda": 38.709, "52WeekChange": 3.5307903, "SandP52WeekChange": 0.48148263, "lastDividendValue": 16.5, "lastDividendDate": 1594598400}, "summaryProfile": {"address1": "ITPB Road", "address2": "Whitefield", "city": "Bengaluru", "zip": "560048", "country": "India", "phone": "91 80 2297 9123", "fax": "91 80 2841 1474", "website": "http://www.tataelxsi.com", "industry": "Software\u2014Application", "sector": "Technology", "longBusinessSummary": "Tata Elxsi Limited provides product design and engineering, and systems integration and support services in India, the United States, Europe, and internationally. It operates through two segments, Software Development and Services; and Systems Integration and Support. The company offers technology consulting, new product design, development, and testing services for broadcast, consumer electronics, healthcare, telecom, and transportation industries; and electronics, software development, and system design services for automotive and aerospace industries. It also provides animation and visual effects services in the areas of 3D stereoscopy, CG animation, visual effects, and gaming for television service and commercials, custom content development, logos and graphics, and films. In addition, the company offers services in collecting, managing, visualizing, and analyzing data to provide actionable insights combined with predictive/prescriptive analytics; and industrial design services in the areas of consumer insight, branding, industrial design, visual design and merchandising, design engineering, and manufacturing support. Further, it offers design, branding, and mechanical detailing for devices, sensors, and gateways; device, sensor, gateway hardware, system, and application development services; communications integration and testing services; connectivity, device management, big data, network management, analysis and prediction model, and hosted services; and application service/workflow, and user experience and UI design services, as well as mobile/Web-based app development services. Additionally, the company implements and integrates systems and solutions for computing, CAD/CAM/CAE/PLM, broadcast, virtual reality, storage, and disaster recovery, as well as provides professional services for the maintenance and support of IT infrastructure. Tata Elxsi Limited was incorporated in 1989 and is headquartered in Bengaluru, India.", "companyOfficers": [], "maxAge": 86400}, "netSharePurchaseActivity": {"maxAge": 1, "period": "6m", "buyInfoCount": 0, "buyInfoShares": 0, "sellInfoCount": 0, "netInfoCount": 0, "netInfoShares": 0, "netPercentInsiderShares": 0.0, "totalInsiderShares": 28060926}, "insiderTransactions": {"transactions": [{"maxAge": 1, "shares": 2000, "filerUrl": "", "transactionText": "", "filerName": "Raghavan (Manoj)", "filerRelation": "UNREPORTED", "moneyText": "", "startDate": "2019-08-22", "ownership": "D"}], "maxAge": 1}, "quoteType": {"exchange": "NSI", "quoteType": "EQUITY", "symbol": "TATAELXSI.NS", "underlyingSymbol": "TATAELXSI.NS", "shortName": "TATA ELXSI", "longName": "Tata Elxsi Limited", "firstTradeDateEpochUtc": "2002-07-01 09:15:00", "timeZoneFullName": "Asia/Kolkata", "timeZoneShortName": "IST", "uuid": "97836879-6ddd-385b-a2c4-2b759f4a593b", "messageBoardId": "finmb_882941", "gmtOffSetMilliseconds": 19800000, "maxAge": 1}, "incomeStatementHistory": {"incomeStatementHistory": [{"maxAge": 1, "endDate": "2021-03-31", "totalRevenue": 18261597000, "costOfRevenue": 11115646000, "grossProfit": 7145951000, "researchDevelopment": {}, "sellingGeneralAdministrative": {}, "nonRecurring": {}, "otherOperatingExpenses": 1921808000, "totalOperatingExpenses": 13481263000, "operatingIncome": 4780334000, "totalOtherIncomeExpenseNet": 338333000, "ebit": 4780334000, "interestExpense": -59319000, "incomeBeforeTax": 5118667000, "incomeTaxExpense": 1437448000, "minorityInterest": {}, "netIncomeFromContinuingOps": 3681219000, "discontinuedOperations": {}, "extraordinaryItems": {}, "effectOfAccountingCharges": {}, "otherItems": {}, "netIncome": 3681219000, "netIncomeApplicableToCommonShares": 3681219000}, {"maxAge": 1, "endDate": "2020-03-31", "totalRevenue": 16098604000, "costOfRevenue": 10312664000, "grossProfit": 5785940000, "researchDevelopment": {}, "sellingGeneralAdministrative": 97650000, "nonRecurring": {}, "otherOperatingExpenses": 2038843000, "totalOperatingExpenses": 12886399000, "operatingIncome": 3212205000, "totalOtherIncomeExpenseNet": 312199000, "ebit": 3212205000, "interestExpense": -55626000, "incomeBeforeTax": 3524404000, "incomeTaxExpense": 963403000, "minorityInterest": {}, "netIncomeFromContinuingOps": 2561001000, "discontinuedOperations": {}, "extraordinaryItems": {}, "effectOfAccountingCharges": {}, "otherItems": {}, "netIncome": 2561001000, "netIncomeApplicableToCommonShares": 2561001000}, {"maxAge": 1, "endDate": "2019-03-31", "totalRevenue": 15969316000, "costOfRevenue": 9597351000, "grossProfit": 6371965000, "researchDevelopment": {}, "sellingGeneralAdministrative": 274943000, "nonRecurring": {}, "otherOperatingExpenses": 1942514000, "totalOperatingExpenses": 12069945000, "operatingIncome": 3899371000, "totalOtherIncomeExpenseNet": 434616000, "ebit": 3899371000, "interestExpense": -55626000, "incomeBeforeTax": 4333987000, "incomeTaxExpense": 1434298000, "minorityInterest": {}, "netIncomeFromContinuingOps": 2899689000, "discontinuedOperations": {}, "extraordinaryItems": {}, "effectOfAccountingCharges": {}, "otherItems": {}, "netIncome": 2899689000, "netIncomeApplicableToCommonShares": 2899689000}, {"maxAge": 1, "endDate": "2018-03-31", "totalRevenue": 13862955000, "costOfRevenue": 8413433000, "grossProfit": 5449522000, "researchDevelopment": {}, "sellingGeneralAdministrative": 245341000, "nonRecurring": {}, "otherOperatingExpenses": 1737796000, "totalOperatingExpenses": 10656370000, "operatingIncome": 3206585000, "totalOtherIncomeExpenseNet": 432481000, "ebit": 3206585000, "interestExpense": -55626000, "incomeBeforeTax": 3639066000, "incomeTaxExpense": 1238687000, "minorityInterest": {}, "netIncomeFromContinuingOps": 2400379000, "discontinuedOperations": {}, "extraordinaryItems": {}, "effectOfAccountingCharges": {}, "otherItems": {}, "netIncome": 2400379000, "netIncomeApplicableToCommonShares": 2400379000}], "maxAge": 86400}, "fundOwnership": {"maxAge": 1, "ownershipList": [{"maxAge": 1, "reportDate": "2021-01-31", "organization": "Vanguard International Stock Index-Total Intl Stock Indx", "pctHeld": 0.008, "position": 497365, "value": 1338210269}, {"maxAge": 1, "reportDate": "2021-01-31", "organization": "Vanguard International Stock Index-Emerging Markets Stk", "pctHeld": 0.0072000003, "position": 448761, "value": 1207436346}, {"maxAge": 1, "reportDate": "2021-03-31", "organization": "iShares Core MSCI Emerging Markets ETF", "pctHeld": 0.005, "position": 311460, "value": 838730634}, {"maxAge": 1, "reportDate": "2021-01-31", "organization": "DFA Emerging Markets Core Equity Portfolio", "pctHeld": 0.0019, "position": 118889, "value": 319882743}, {"maxAge": 1, "reportDate": "2021-01-31", "organization": "DFA Emerging Markets Small Cap Series", "pctHeld": 0.0016, "position": 97195, "value": 261512867}, {"maxAge": 1, "reportDate": "2021-02-28", "organization": "Blair (William) Mutual Funds, Inc.- Emerging Markets Small Cap Grw Fd", "pctHeld": 0.0015, "position": 92575, "value": 246050463}, {"maxAge": 1, "reportDate": "2021-02-28", "organization": "Blair (William) Mutual Funds, Inc.-Emerging Markets Growth Fund", "pctHeld": 0.0015, "position": 92494, "value": 245835177}, {"maxAge": 1, "reportDate": "2021-01-31", "organization": "Vanguard Intl Equity Index Fds-FTSE All World ex U.S.Small Cap Index", "pctHeld": 0.0015, "position": 91344, "value": 245770166}, {"maxAge": 1, "reportDate": "2021-01-31", "organization": "Thrivent Core Emerging Markets Equity Fund", "pctHeld": 0.0014, "position": 89003, "value": 239471471}, {"maxAge": 1, "reportDate": "2021-02-28", "organization": "WisdomTree Tr-WisdomTree Emerging Markets Small Cap Dividend Fund", "pctHeld": 0.0011999999, "position": 73466, "value": 195261608}]}, "summaryDetail": {"maxAge": 1, "priceHint": 2, "previousClose": 3384.7, "open": 3380.0, "dayLow": 3320.0, "dayHigh": 3519.6, "regularMarketPreviousClose": 3384.7, "regularMarketOpen": 3380.0, "regularMarketDayLow": 3320.0, "regularMarketDayHigh": 3519.6, "dividendRate": 16.5, "dividendYield": 0.0049, "exDividendDate": "2020-07-13 05:30:00", "payoutRatio": 0.2791, "fiveYearAvgDividendYield": 1.12, "beta": 0.987665, "trailingPE": 58.87498, "volume": 287018, "regularMarketVolume": 287018, "averageVolume": 503813, "averageVolume10days": 441799, "averageDailyVolume10Day": 441799, "bid": 0.0, "ask": 0.0, "bidSize": 0, "askSize": 0, "marketCap": 216497717248, "fiftyTwoWeekLow": 740.1, "fiftyTwoWeekHigh": 3519.6, "priceToSalesTrailing12Months": 11.855355, "fiftyDayAverage": 2899.8638, "twoHundredDayAverage": 2260.1707, "trailingAnnualDividendRate": 24.0, "trailingAnnualDividendYield": 0.007090732, "currency": "INR", "fromCurrency": null, "toCurrency": null, "lastMarket": null, "algorithm": null, "tradeable": false}, "incomeStatementHistoryQuarterly": {"incomeStatementHistory": [{"maxAge": 1, "endDate": "2021-03-31", "totalRevenue": 5183958000, "costOfRevenue": 2956697000, "grossProfit": 2227261000, "researchDevelopment": {}, "sellingGeneralAdministrative": {}, "nonRecurring": {}, "otherOperatingExpenses": 546835000, "totalOperatingExpenses": 3616515000, "operatingIncome": 1567443000, "totalOtherIncomeExpenseNet": 49270000, "ebit": 1567443000, "interestExpense": -18972000, "incomeBeforeTax": 1616713000, "incomeTaxExpense": 465026000, "minorityInterest": {}, "netIncomeFromContinuingOps": 1151687000, "discontinuedOperations": {}, "extraordinaryItems": {}, "effectOfAccountingCharges": {}, "otherItems": {}, "netIncome": 1151687000, "netIncomeApplicableToCommonShares": 1151687000}, {"maxAge": 1, "endDate": "2020-12-31", "totalRevenue": 4770971000, "costOfRevenue": 2846665000, "grossProfit": 1924306000, "researchDevelopment": {}, "sellingGeneralAdministrative": {}, "nonRecurring": {}, "otherOperatingExpenses": 488203000, "totalOperatingExpenses": 3445397000, "operatingIncome": 1325574000, "totalOtherIncomeExpenseNet": 137372000, "ebit": 1325574000, "interestExpense": -13478000, "incomeBeforeTax": 1462946000, "incomeTaxExpense": 410935000, "minorityInterest": {}, "netIncomeFromContinuingOps": 1052011000, "discontinuedOperations": {}, "extraordinaryItems": {}, "effectOfAccountingCharges": {}, "otherItems": {}, "netIncome": 1052011000, "netIncomeApplicableToCommonShares": 1052011000}, {"maxAge": 1, "endDate": "2020-09-30", "totalRevenue": 4301791000, "costOfRevenue": 2649482000, "grossProfit": 1652309000, "researchDevelopment": {}, "sellingGeneralAdministrative": {}, "nonRecurring": {}, "otherOperatingExpenses": 471799000, "totalOperatingExpenses": 3233337000, "operatingIncome": 1068454000, "totalOtherIncomeExpenseNet": 31062000, "ebit": 1068454000, "interestExpense": -13011000, "incomeBeforeTax": 1099516000, "incomeTaxExpense": 310725000, "minorityInterest": {}, "netIncomeFromContinuingOps": 788791000, "discontinuedOperations": {}, "extraordinaryItems": {}, "effectOfAccountingCharges": {}, "otherItems": {}, "netIncome": 788791000, "netIncomeApplicableToCommonShares": 788791000}, {"maxAge": 1, "endDate": "2020-06-30", "totalRevenue": 4004877000, "costOfRevenue": 2662802000, "grossProfit": 1342075000, "researchDevelopment": {}, "sellingGeneralAdministrative": {}, "nonRecurring": {}, "otherOperatingExpenses": 414971000, "totalOperatingExpenses": 3186014000, "operatingIncome": 818863000, "totalOtherIncomeExpenseNet": 120629000, "ebit": 818863000, "interestExpense": -13858000, "incomeBeforeTax": 939492000, "incomeTaxExpense": 250762000, "minorityInterest": {}, "netIncomeFromContinuingOps": 688730000, "discontinuedOperations": {}, "extraordinaryItems": {}, "effectOfAccountingCharges": {}, "otherItems": {}, "netIncome": 688730000, "netIncomeApplicableToCommonShares": 688730000}], "maxAge": 86400}, "cashflowStatementHistoryQuarterly": {"cashflowStatements": [{"maxAge": 1, "endDate": "2021-03-31", "netIncome": 1151687000, "changeToLiabilities": 0}, {"maxAge": 1, "endDate": "2020-12-31", "netIncome": 1052011000, "changeToLiabilities": 0}, {"maxAge": 1, "endDate": "2020-09-30", "netIncome": 788791000, "changeToLiabilities": 0}, {"maxAge": 1, "endDate": "2020-06-30", "netIncome": 688730000, "changeToLiabilities": 0}], "maxAge": 86400}, "insiderHolders": {"holders": [{"maxAge": 1, "name": "Raghavan (Manoj)", "relation": "UNREPORTED", "url": "", "transactionDescription": "Acquisition", "latestTransDate": "2019-08-22", "positionDirect": 2000, "positionDirectDate": "2019-08-22"}], "maxAge": 1}, "calendarEvents": {"maxAge": 1, "earnings": {"earningsDate": []}, "exDividendDate": "2020-07-13 05:30:00"}, "price": {"maxAge": 1, "regularMarketChangePercent": 0.028185703, "regularMarketChange": 95.40015, "regularMarketTime": "2021-04-30 15:29:57", "priceHint": 2, "regularMarketPrice": 3480.1, "regularMarketDayHigh": 3519.6, "regularMarketDayLow": 3320.0, "regularMarketVolume": 287018, "averageDailyVolume10Day": 441799, "averageDailyVolume3Month": 503813, "regularMarketPreviousClose": 3384.7, "regularMarketSource": "FREE_REALTIME", "regularMarketOpen": 3380.0, "exchange": "NSI", "exchangeName": "NSE", "exchangeDataDelayedBy": 15, "marketState": "CLOSED", "quoteType": "EQUITY", "symbol": "TATAELXSI.NS", "underlyingSymbol": null, "shortName": "TATA ELXSI", "longName": "Tata Elxsi Limited", "currency": "INR", "quoteSourceName": "Delayed Quote", "currencySymbol": "\u20b9", "fromCurrency": null, "toCurrency": null, "lastMarket": null, "marketCap": 216497717248}, "balanceSheetHistory": {"balanceSheetStatements": [{"maxAge": 1, "endDate": "2021-03-31", "cash": 8596198000, "shortTermInvestments": 736655000, "netReceivables": 4031634000, "inventory": 629000, "otherCurrentAssets": 548577000, "totalCurrentAssets": 13913693000, "longTermInvestments": 1020000000, "propertyPlantEquipment": 1583674000, "intangibleAssets": 185522000, "otherAssets": 464037000, "deferredLongTermAssetCharges": 99583000, "totalAssets": 17166926000, "accountsPayable": 561307000, "otherCurrentLiab": 1955805000, "otherLiab": 396000000, "totalCurrentLiabilities": 2644642000, "totalLiab": 3645211000, "commonStock": 622764000, "treasuryStock": 12898951000, "otherStockholderEquity": 12898951000, "totalStockholderEquity": 13521715000, "netTangibleAssets": 13336193000}, {"maxAge": 1, "endDate": "2020-03-31", "cash": 2284245000, "shortTermInvestments": 4300037000, "netReceivables": 5179457000, "inventory": 17120000, "otherCurrentAssets": 156364000, "totalCurrentAssets": 12012026000, "propertyPlantEquipment": 1350383000, "intangibleAssets": 129349000, "otherAssets": 398056000, "deferredLongTermAssetCharges": 87683000, "totalAssets": 13889814000, "accountsPayable": 471320000, "otherCurrentLiab": 760196000, "otherLiab": 365598000, "totalCurrentLiabilities": 2173724000, "totalLiab": 2989461000, "commonStock": 622764000, "retainedEarnings": 10367904000, "treasuryStock": -90315000, "otherStockholderEquity": -90315000, "totalStockholderEquity": 10900353000, "netTangibleAssets": 10771004000}, {"maxAge": 1, "endDate": "2019-03-31", "cash": 537104000, "shortTermInvestments": 4570034000, "netReceivables": 4704494000, "inventory": 16623000, "otherCurrentAssets": 169762000, "totalCurrentAssets": 10080052000, "propertyPlantEquipment": 876968000, "intangibleAssets": 139379000, "otherAssets": 337489000, "deferredLongTermAssetCharges": 59700000, "totalAssets": 11433888000, "accountsPayable": 554953000, "otherCurrentLiab": 508846000, "otherLiab": 124212000, "totalCurrentLiabilities": 1882149000, "totalLiab": 2006361000, "commonStock": 622764000, "retainedEarnings": 8852440000, "treasuryStock": -47677000, "otherStockholderEquity": -47677000, "totalStockholderEquity": 9427527000, "netTangibleAssets": 9288148000}, {"maxAge": 1, "endDate": "2018-03-31", "cash": 832101000, "shortTermInvestments": 3070032000, "netReceivables": 3952042000, "otherCurrentAssets": 90530000, "totalCurrentAssets": 8050658000, "propertyPlantEquipment": 838045000, "intangibleAssets": 125977000, "otherAssets": 434247000, "deferredLongTermAssetCharges": 41200000, "totalAssets": 9448927000, "accountsPayable": 449893000, "otherCurrentLiab": 516035000, "otherLiab": 188517000, "totalCurrentLiabilities": 1876897000, "totalLiab": 2065414000, "commonStock": 622764000, "retainedEarnings": 6778604000, "treasuryStock": -17855000, "otherStockholderEquity": -17855000, "totalStockholderEquity": 7383513000, "netTangibleAssets": 7257536000}], "maxAge": 86400}, "financialData": {"maxAge": 86400, "currentPrice": 3480.1, "recommendationKey": "none", "totalCash": 9332852736, "totalCashPerShare": 149.836, "ebitda": 5224142848, "totalDebt": 732099008, "quickRatio": 5.05, "currentRatio": 5.261, "totalRevenue": 18261596160, "debtToEquity": 5.414, "revenuePerShare": 293.23, "returnOnAssets": 0.1924, "returnOnEquity": 0.30146998, "grossProfits": 7145951000, "freeCashflow": 4328904192, "operatingCashflow": 4373856768, "earningsGrowth": 0.403, "revenueGrowth": 0.181, "grossMargins": 0.39131, "ebitdaMargins": 0.28607, "operatingMargins": 0.26177, "profitMargins": 0.20158, "financialCurrency": "INR"}}}