{"TATACOMM.NS": {"assetProfile": {"address1": "Plot No. C-21 and C-36", "address2": "G Block Bandra Kurla Complex Bandra (East)", "city": "Mumbai", "zip": "400098", "country": "India", "phone": "91 22 6659 1966", "fax": "91 22 6725 1962", "website": "http://www.tatacommunications.com", "industry": "Telecom Services", "sector": "Communication Services", "longBusinessSummary": "Tata Communications Limited provides telecommunications services worldwide. The company operates through Voice Solutions, Data and Managed Services, and Real Estate segments. It offers voice and data transmission services; Internet connectivity services; and other value-added services, such as unified conferencing and collaboration, managed hosting, mobile global roaming and signaling, transponder lease, and television up-linking, and other managed services, as well as sells and leases bandwidth on undersea cable systems. The company also provides network services, such as virtual private network, WAN Ethernet, Internet access, Internet with MDDoS, private line, and content delivery network services; application aware networking services; and cloud and data center services comprising managed hosting, managed storage and back-up, managed database, and co-location services. In addition, it offers managed security services, such as content security and privacy, secure application and access, network and infrastructure security, threat management, and risk and compliance; and mobility and Internet of Things services. Further, the company provides media and entertainment services, including video connect network, OTT platform as a service, live VDN, teleport, cloud master control, and workflow automation services; and leases premises. It serves service providers and enterprises. The company was formerly known as Videsh Sanchar Nigam Limited and changed its name to Tata Communications Limited in 2008. Tata Communications Limited was founded in 1986 and is based in Mumbai, India.", "companyOfficers": [{"maxAge": 1, "name": "Mr. Amur Swaminathan Lakshminarayanan", "age": 59, "title": "MD, CEO & Director", "yearBorn": 1961, "fiscalYear": 2020, "totalPay": 87776800, "exercisedValue": 0, "unexercisedValue": 0}, {"maxAge": 1, "name": "Mr. Kabir Ahmed Shakir", "title": "Chief Financial Officer", "exercisedValue": 0, "unexercisedValue": 0}, {"maxAge": 1, "name": "Mr. John  Hayduk", "age": 52, "title": "Chief Operations Officer", "yearBorn": 1968, "exercisedValue": 0, "unexercisedValue": 0}, {"maxAge": 1, "name": "Ms. Genius  Wong", "age": 58, "title": "Chief Product & Technology Officer", "yearBorn": 1962, "exercisedValue": 0, "unexercisedValue": 0}, {"maxAge": 1, "name": "Mr. Vipul  Garg", "title": "Head of Investor Relations", "exercisedValue": 0, "unexercisedValue": 0}, {"maxAge": 1, "name": "Mr. Troy  Reynolds", "title": "Chief Legal & Compliance Officer", "exercisedValue": 0, "unexercisedValue": 0}, {"maxAge": 1, "name": "Mr. Zubin  Patel", "title": "Company Sec. & Compliance Officer", "exercisedValue": 0, "unexercisedValue": 0}, {"maxAge": 1, "name": "Mr. Sumeet  Walia", "age": 46, "title": "Chief Sales & Marketing Officer", "yearBorn": 1974, "exercisedValue": 0, "unexercisedValue": 0}, {"maxAge": 1, "name": "Mr. Aadesh  Goyal", "age": 57, "title": "Chief Human Resource Officer", "yearBorn": 1963, "exercisedValue": 0, "unexercisedValue": 0}, {"maxAge": 1, "name": "Mr. Luu Pham Tri", "age": 53, "title": "Chief Strategy Officer", "yearBorn": 1967, "exercisedValue": 0, "unexercisedValue": 0}], "compensationAsOfEpochDate": "2020-12-31 05:30:00", "maxAge": 86400}, "recommendationTrend": {"trend": [{"period": "0m", "strongBuy": 0, "buy": 0, "hold": 0, "sell": 0, "strongSell": 0}, {"period": "-1m", "strongBuy": 0, "buy": 0, "hold": 0, "sell": 0, "strongSell": 0}, {"period": "-2m", "strongBuy": 0, "buy": 0, "hold": 0, "sell": 0, "strongSell": 0}, {"period": "-3m", "strongBuy": 0, "buy": 0, "hold": 0, "sell": 0, "strongSell": 0}], "maxAge": 86400}, "cashflowStatementHistory": {"cashflowStatements": [{"maxAge": 1, "endDate": "2021-03-31", "netIncome": 12506300000, "depreciation": 23138700000, "changeToNetincome": 1679400000, "changeToAccountReceivables": 5157600000, "changeToLiabilities": -5546700000, "changeToInventory": 315100000, "changeToOperatingActivities": -5452100000, "totalCashFromOperatingActivities": 31798300000, "capitalExpenditures": -13636300000, "investments": -6906400000, "otherCashflowsFromInvestingActivities": 303700000, "totalCashflowsFromInvestingActivities": -20046000000, "dividendsPaid": -1140000000, "netBorrowings": -8380600000, "otherCashflowsFromFinancingActivities": -2527100000, "totalCashFromFinancingActivities": -12047700000, "effectOfExchangeRate": -26100000, "changeInCash": -321500000}, {"maxAge": 1, "endDate": "2020-03-31", "netIncome": -859600000, "depreciation": 21131900000, "changeToNetincome": 5322200000, "changeToAccountReceivables": -2051500000, "changeToLiabilities": -255000000, "changeToInventory": -63200000, "changeToOperatingActivities": -143200000, "totalCashFromOperatingActivities": 25247600000, "capitalExpenditures": -16809800000, "investments": -489500000, "otherCashflowsFromInvestingActivities": 47200000, "totalCashflowsFromInvestingActivities": -15297800000, "dividendsPaid": -1507700000, "netBorrowings": -4044100000, "otherCashflowsFromFinancingActivities": -3871500000, "totalCashFromFinancingActivities": -9423300000, "effectOfExchangeRate": 82900000, "changeInCash": 609400000}, {"maxAge": 1, "endDate": "2019-03-31", "netIncome": -823700000, "depreciation": 18433500000, "changeToNetincome": 3338700000, "changeToAccountReceivables": 10600000, "changeToLiabilities": 699600000, "changeToInventory": -519500000, "changeToOperatingActivities": -4938400000, "totalCashFromOperatingActivities": 18443300000, "capitalExpenditures": -17488900000, "investments": -4603700000, "otherCashflowsFromInvestingActivities": 52800000, "totalCashflowsFromInvestingActivities": -22880400000, "dividendsPaid": -1534000000, "netBorrowings": 4796300000, "otherCashflowsFromFinancingActivities": -3539300000, "totalCashFromFinancingActivities": -277000000, "effectOfExchangeRate": 40900000, "changeInCash": -4673200000}, {"maxAge": 1, "endDate": "2018-03-31", "netIncome": -3286000000, "depreciation": 17141900000, "changeToNetincome": 7282900000, "changeToAccountReceivables": -3994800000, "changeToLiabilities": -923600000, "changeToInventory": -117100000, "changeToOperatingActivities": -896300000, "totalCashFromOperatingActivities": 17128100000, "capitalExpenditures": -16207100000, "investments": 6187600000, "otherCashflowsFromInvestingActivities": 546200000, "totalCashflowsFromInvestingActivities": -5036700000, "dividendsPaid": -1508400000, "netBorrowings": -3815400000, "otherCashflowsFromFinancingActivities": -3764500000, "totalCashFromFinancingActivities": -9591100000, "effectOfExchangeRate": 35900000, "changeInCash": 2536200000}], "maxAge": 86400}, "indexTrend": {"maxAge": 1, "symbol": "SP5", "peRatio": 19.7411, "pegRatio": 1.34172, "estimates": [{"period": "0q", "growth": 0.549}, {"period": "+1q", "growth": 0.431}, {"period": "0y", "growth": 0.305}, {"period": "+1y", "growth": 0.109}, {"period": "+5y", "growth": 0.120865}, {"period": "-5y"}]}, "defaultKeyStatistics": {"maxAge": 1, "priceHint": 2, "enterpriseValue": 406342598656, "profitMargins": 0.07247, "floatShares": 93509973, "sharesOutstanding": 285000000, "heldPercentInsiders": 0.86136, "heldPercentInstitutions": 0.18811001, "category": null, "bookValue": 4.052, "priceToBook": 271.52023, "fundFamily": null, "legalType": null, "lastFiscalYearEnd": "2021-03-31 05:30:00", "nextFiscalYearEnd": "2023-03-31 05:30:00", "mostRecentQuarter": "2021-03-31 05:30:00", "netIncomeToCommon": 12506300416, "trailingEps": 43.88, "forwardEps": 11.13, "lastSplitFactor": "1:1", "lastSplitDate": "2000-11-06 05:30:00", "enterpriseToRevenue": 2.355, "enterpriseToEbitda": 9.199, "52WeekChange": 1.3321674, "SandP52WeekChange": 0.48148263, "lastDividendValue": 4.0, "lastDividendDate": 1597881600}, "industryTrend": {"maxAge": 1, "symbol": null, "estimates": []}, "quoteType": {"exchange": "NSI", "quoteType": "EQUITY", "symbol": "TATACOMM.NS", "underlyingSymbol": "TATACOMM.NS", "shortName": "TATA COMMUNICATION", "longName": "Tata Communications Limited", "firstTradeDateEpochUtc": "2002-07-01 09:15:00", "timeZoneFullName": "Asia/Kolkata", "timeZoneShortName": "IST", "uuid": "171d1788-2148-3c56-b74c-4f7cc1a6c8f7", "messageBoardId": "finmb_526200", "gmtOffSetMilliseconds": 19800000, "maxAge": 1}, "incomeStatementHistory": {"incomeStatementHistory": [{"maxAge": 1, "endDate": "2021-03-31", "totalRevenue": 172568600000, "costOfRevenue": 93823600000, "grossProfit": 78745000000, "researchDevelopment": {}, "sellingGeneralAdministrative": {}, "nonRecurring": {}, "otherOperatingExpenses": 34571600000, "totalOperatingExpenses": 151533900000, "operatingIncome": 21034700000, "totalOtherIncomeExpenseNet": -4970600000, "ebit": 21034700000, "interestExpense": -4202000000, "incomeBeforeTax": 16064100000, "incomeTaxExpense": 3548900000, "minorityInterest": 281700000, "netIncomeFromContinuingOps": 12515200000, "discontinuedOperations": {}, "extraordinaryItems": {}, "effectOfAccountingCharges": {}, "otherItems": {}, "netIncome": 12506300000, "netIncomeApplicableToCommonShares": 12506300000}, {"maxAge": 1, "endDate": "2020-03-31", "totalRevenue": 170680200000, "costOfRevenue": 116076100000, "grossProfit": 54604100000, "researchDevelopment": {}, "sellingGeneralAdministrative": 21714300000, "nonRecurring": {}, "otherOperatingExpenses": 34571600000, "totalOperatingExpenses": 161088300000, "operatingIncome": 9591900000, "totalOtherIncomeExpenseNet": -8173500000, "ebit": 9591900000, "interestExpense": -4707400000, "incomeBeforeTax": 1418400000, "incomeTaxExpense": 2266700000, "minorityInterest": 47500000, "netIncomeFromContinuingOps": -848300000, "discontinuedOperations": {}, "extraordinaryItems": {}, "effectOfAccountingCharges": {}, "otherItems": {}, "netIncome": -859600000, "netIncomeApplicableToCommonShares": -859600000}, {"maxAge": 1, "endDate": "2019-03-31", "totalRevenue": 165256000000, "costOfRevenue": 113495400000, "grossProfit": 51760600000, "researchDevelopment": {}, "sellingGeneralAdministrative": 24302200000, "nonRecurring": {}, "otherOperatingExpenses": 34571600000, "totalOperatingExpenses": 158477000000, "operatingIncome": 6779000000, "totalOtherIncomeExpenseNet": -4850100000, "ebit": 6779000000, "interestExpense": -3965500000, "incomeBeforeTax": 1928900000, "incomeTaxExpense": 2733200000, "minorityInterest": 57600000, "netIncomeFromContinuingOps": -804300000, "discontinuedOperations": {}, "extraordinaryItems": {}, "effectOfAccountingCharges": {}, "otherItems": {}, "netIncome": -823700000, "netIncomeApplicableToCommonShares": -823700000}, {"maxAge": 1, "endDate": "2018-03-31", "totalRevenue": 167851500000, "costOfRevenue": 120902100000, "grossProfit": 46949400000, "researchDevelopment": {}, "sellingGeneralAdministrative": 22254700000, "nonRecurring": {}, "otherOperatingExpenses": 34571600000, "totalOperatingExpenses": 162657700000, "operatingIncome": 5193800000, "totalOtherIncomeExpenseNet": -4900700000, "ebit": 5193800000, "interestExpense": -3444500000, "incomeBeforeTax": 293100000, "incomeTaxExpense": 3549200000, "minorityInterest": 44800000, "netIncomeFromContinuingOps": -3256100000, "discontinuedOperations": {}, "extraordinaryItems": {}, "effectOfAccountingCharges": {}, "otherItems": {}, "netIncome": -3286000000, "netIncomeApplicableToCommonShares": -3286000000}], "maxAge": 86400}, "fundOwnership": {"maxAge": 1, "ownershipList": []}, "summaryDetail": {"maxAge": 1, "priceHint": 2, "previousClose": 1111.75, "open": 1110.0, "dayLow": 1081.0, "dayHigh": 1124.85, "regularMarketPreviousClose": 1111.75, "regularMarketOpen": 1110.0, "regularMarketDayLow": 1081.0, "regularMarketDayHigh": 1124.85, "dividendRate": 4.0, "dividendYield": 0.0036000002, "exDividendDate": "2020-08-20 05:30:00", "payoutRatio": 0.16860001, "trailingPE": 25.072924, "forwardPE": 98.84995, "volume": 643165, "regularMarketVolume": 643165, "averageVolume": 825468, "averageVolume10days": 630867, "averageDailyVolume10Day": 630867, "bid": 0.0, "ask": 0.0, "bidSize": 0, "askSize": 0, "marketCap": 312851759104, "fiftyTwoWeekLow": 399.95, "fiftyTwoWeekHigh": 1367.65, "priceToSalesTrailing12Months": 1.8129125, "fiftyDayAverage": 1131.2208, "twoHundredDayAverage": 1061.3541, "trailingAnnualDividendRate": 4.0, "trailingAnnualDividendYield": 0.0035979312, "currency": "INR", "fromCurrency": null, "toCurrency": null, "lastMarket": null, "algorithm": null, "tradeable": false}, "insiderHolders": {"holders": [{"maxAge": 1, "name": "Life Insurance Corporation of India", "relation": "Institution- Corporation", "url": "", "transactionDescription": "Sale", "latestTransDate": "2015-04-13", "positionDirect": 14994917, "positionDirectDate": "2015-04-13"}], "maxAge": 1}, "calendarEvents": {"maxAge": 1, "earnings": {"earningsDate": [], "revenueAverage": 41408000000, "revenueLow": 41408000000, "revenueHigh": 41408000000}, "exDividendDate": "2020-08-20 05:30:00"}, "price": {"maxAge": 1, "regularMarketChangePercent": -0.010389071, "regularMarketChange": -11.550049, "regularMarketTime": "2021-04-30 15:30:01", "priceHint": 2, "regularMarketPrice": 1100.2, "regularMarketDayHigh": 1124.85, "regularMarketDayLow": 1081.0, "regularMarketVolume": 643165, "averageDailyVolume10Day": 630867, "averageDailyVolume3Month": 825468, "regularMarketPreviousClose": 1111.75, "regularMarketSource": "FREE_REALTIME", "regularMarketOpen": 1110.0, "exchange": "NSI", "exchangeName": "NSE", "exchangeDataDelayedBy": 15, "marketState": "CLOSED", "quoteType": "EQUITY", "symbol": "TATACOMM.NS", "underlyingSymbol": null, "shortName": "TATA COMMUNICATION", "longName": "Tata Communications Limited", "currency": "INR", "quoteSourceName": "Delayed Quote", "currencySymbol": "\u20b9", "fromCurrency": null, "toCurrency": null, "lastMarket": null, "marketCap": 312851759104}, "balanceSheetHistory": {"balanceSheetStatements": [{"maxAge": 1, "endDate": "2021-03-31", "cash": 9271000000, "shortTermInvestments": 13914600000, "netReceivables": 26076800000, "inventory": 344400000, "otherCurrentAssets": 8764600000, "totalCurrentAssets": 58371400000, "longTermInvestments": 10777100000, "propertyPlantEquipment": 99379100000, "goodWill": 1103300000, "intangibleAssets": 15711400000, "otherAssets": 27991800000, "deferredLongTermAssetCharges": 3102300000, "totalAssets": 213334100000, "accountsPayable": 32394700000, "otherCurrentLiab": 33302700000, "longTermDebt": 88951800000, "otherLiab": 33749700000, "minorityInterest": 281700000, "totalCurrentLiabilities": 77665700000, "totalLiab": 211897800000, "commonStock": 2850000000, "treasuryStock": -1695400000, "otherStockholderEquity": -1695400000, "totalStockholderEquity": 1154600000, "netTangibleAssets": -15660100000}, {"maxAge": 1, "endDate": "2020-03-31", "cash": 9091300000, "netReceivables": 32294900000, "inventory": 729700000, "otherCurrentAssets": 6947400000, "totalCurrentAssets": 59421100000, "longTermInvestments": 9013200000, "propertyPlantEquipment": 109034800000, "goodWill": 918400000, "intangibleAssets": 17437200000, "otherAssets": 25790000000, "deferredLongTermAssetCharges": 2798600000, "totalAssets": 221614700000, "accountsPayable": 38449900000, "shortLongTermDebt": 16792200000, "otherCurrentLiab": 23069000000, "longTermDebt": 68312100000, "otherLiab": 38394200000, "minorityInterest": 47500000, "totalCurrentLiabilities": 113704300000, "totalLiab": 234350800000, "commonStock": 2850000000, "retainedEarnings": 1432500000, "treasuryStock": -24316200000, "capitalSurplus": 7250100000, "otherStockholderEquity": -24316200000, "totalStockholderEquity": -12783600000, "netTangibleAssets": -31139200000}, {"maxAge": 1, "endDate": "2019-03-31", "cash": 8520800000, "netReceivables": 29691800000, "inventory": 765800000, "otherCurrentAssets": 4309800000, "totalCurrentAssets": 53069500000, "longTermInvestments": 8952900000, "propertyPlantEquipment": 95398000000, "goodWill": 862800000, "intangibleAssets": 17515600000, "otherAssets": 24328800000, "deferredLongTermAssetCharges": 1502900000, "totalAssets": 200127600000, "accountsPayable": 36885200000, "shortLongTermDebt": 7699400000, "otherCurrentLiab": 19455200000, "longTermDebt": 68049400000, "otherLiab": 39252400000, "minorityInterest": 57600000, "totalCurrentLiabilities": 94525100000, "totalLiab": 201888100000, "commonStock": 2850000000, "retainedEarnings": 5364800000, "treasuryStock": -17283000000, "capitalSurplus": 7250100000, "otherStockholderEquity": -17283000000, "totalStockholderEquity": -1818100000, "netTangibleAssets": -20196500000}, {"maxAge": 1, "endDate": "2018-03-31", "cash": 12955800000, "netReceivables": 29550500000, "inventory": 269900000, "otherCurrentAssets": 2764900000, "totalCurrentAssets": 49921600000, "longTermInvestments": 10796300000, "propertyPlantEquipment": 95145100000, "intangibleAssets": 15901400000, "otherAssets": 24263200000, "deferredLongTermAssetCharges": 932300000, "totalAssets": 196027600000, "accountsPayable": 34715700000, "shortLongTermDebt": 12497700000, "otherCurrentLiab": 19642100000, "longTermDebt": 58983100000, "otherLiab": 39517800000, "minorityInterest": 44800000, "totalCurrentLiabilities": 92374300000, "totalLiab": 190989600000, "commonStock": 2850000000, "retainedEarnings": 7710000000, "treasuryStock": -12816900000, "capitalSurplus": 7250100000, "otherStockholderEquity": -12816900000, "totalStockholderEquity": 4993200000, "netTangibleAssets": -10908200000}], "maxAge": 86400}, "earningsTrend": {"trend": [{"maxAge": 1, "period": "0q", "endDate": "2018-12-31", "growth": {}, "earningsEstimate": {"avg": 0.0, "low": 0.0, "high": 0.0, "yearAgoEps": 0.36, "numberOfAnalysts": 0, "growth": {}}, "revenueEstimate": {"avg": 41408000000, "low": 41408000000, "high": 41408000000, "numberOfAnalysts": 1, "yearAgoRevenue": 41146300000, "growth": 0.006}, "epsTrend": {"current": 0.0, "7daysAgo": 3.26, "30daysAgo": 3.26, "60daysAgo": 3.26, "90daysAgo": 3.26}, "epsRevisions": {"upLast7days": 0, "upLast30days": 1, "downLast30days": 0, "downLast90days": {}}}, {"maxAge": 1, "period": "+1q", "endDate": "2019-03-31", "growth": {}, "earningsEstimate": {"avg": 0.0, "low": 0.0, "high": 0.0, "yearAgoEps": 1.44, "numberOfAnalysts": 0, "growth": {}}, "revenueEstimate": {"avg": 42175000000, "low": 42175000000, "high": 42175000000, "numberOfAnalysts": 1, "yearAgoRevenue": 40085800000, "growth": 0.051999997}, "epsTrend": {"current": 0.0, "7daysAgo": 4.2, "30daysAgo": 4.2, "60daysAgo": 4.2, "90daysAgo": 4.2}, "epsRevisions": {"upLast7days": 0, "upLast30days": 1, "downLast30days": 0, "downLast90days": {}}}, {"maxAge": 1, "period": "0y", "endDate": "2019-03-31", "growth": {}, "earningsEstimate": {"avg": 0.0, "low": 0.0, "high": 0.0, "yearAgoEps": {}, "numberOfAnalysts": 0, "growth": {}}, "revenueEstimate": {"avg": 162814000000, "low": 158917000000, "high": 169949000000, "numberOfAnalysts": 11, "yearAgoRevenue": 166508000000, "growth": -0.022}, "epsTrend": {"current": 0.0, "7daysAgo": 2.48, "30daysAgo": 2.48, "60daysAgo": 2.48, "90daysAgo": 2.48}, "epsRevisions": {"upLast7days": 0, "upLast30days": 1, "downLast30days": 0, "downLast90days": {}}}, {"maxAge": 1, "period": "+1y", "endDate": "2020-03-31", "growth": {}, "earningsEstimate": {"avg": 0.0, "low": 0.0, "high": 0.0, "yearAgoEps": {}, "numberOfAnalysts": 0, "growth": {}}, "revenueEstimate": {"avg": 171234000000, "low": 159479000000, "high": 183163000000, "numberOfAnalysts": 11, "yearAgoRevenue": 162814000000, "growth": 0.051999997}, "epsTrend": {"current": 0.0, "7daysAgo": 11.13, "30daysAgo": 11.13, "60daysAgo": 11.13, "90daysAgo": 11.13}, "epsRevisions": {"upLast7days": 0, "upLast30days": 1, "downLast30days": 0, "downLast90days": {}}}, {"maxAge": 1, "period": "+5y", "endDate": null, "growth": 0.27, "earningsEstimate": {"avg": {}, "low": {}, "high": {}, "yearAgoEps": {}, "numberOfAnalysts": {}, "growth": {}}, "revenueEstimate": {"avg": {}, "low": {}, "high": {}, "numberOfAnalysts": {}, "yearAgoRevenue": {}, "growth": {}}, "epsTrend": {"current": {}, "7daysAgo": {}, "30daysAgo": {}, "60daysAgo": {}, "90daysAgo": {}}, "epsRevisions": {"upLast7days": {}, "upLast30days": {}, "downLast30days": {}, "downLast90days": {}}}, {"maxAge": 1, "period": "-5y", "endDate": null, "growth": {}, "earningsEstimate": {"avg": {}, "low": {}, "high": {}, "yearAgoEps": {}, "numberOfAnalysts": {}, "growth": {}}, "revenueEstimate": {"avg": {}, "low": {}, "high": {}, "numberOfAnalysts": {}, "yearAgoRevenue": {}, "growth": {}}, "epsTrend": {"current": {}, "7daysAgo": {}, "30daysAgo": {}, "60daysAgo": {}, "90daysAgo": {}}, "epsRevisions": {"upLast7days": {}, "upLast30days": {}, "downLast30days": {}, "downLast90days": {}}}], "maxAge": 1}, "institutionOwnership": {"maxAge": 1, "ownershipList": []}, "majorHoldersBreakdown": {"maxAge": 1, "insidersPercentHeld": 0.86136, "institutionsPercentHeld": 0.18811001, "institutionsFloatPercentHeld": 1.3568, "institutionsCount": 55}, "balanceSheetHistoryQuarterly": {"balanceSheetStatements": [{"maxAge": 1, "endDate": "2021-03-31", "cash": 9271000000, "shortTermInvestments": 13914600000, "netReceivables": 26076800000, "inventory": 344400000, "otherCurrentAssets": 8764600000, "totalCurrentAssets": 58371400000, "longTermInvestments": 9509300000, "propertyPlantEquipment": 99379100000, "goodWill": 1103300000, "intangibleAssets": 15711400000, "otherAssets": 29259600000, "deferredLongTermAssetCharges": 3102300000, "totalAssets": 213334100000, "accountsPayable": 32394700000, "otherCurrentLiab": 33302700000, "longTermDebt": 88951800000, "otherLiab": 33749700000, "minorityInterest": 281700000, "totalCurrentLiabilities": 77665700000, "totalLiab": 211897800000, "commonStock": 2850000000, "treasuryStock": -1695400000, "otherStockholderEquity": -1695400000, "totalStockholderEquity": 1154600000, "netTangibleAssets": -15660100000}, {"maxAge": 1, "endDate": "2020-12-31", "totalStockholderEquity": -5480400000, "netTangibleAssets": -22666100000}, {"maxAge": 1, "endDate": "2020-09-30", "cash": 12197200000, "shortTermInvestments": 12521300000, "netReceivables": 32190000000, "inventory": 500700000, "otherCurrentAssets": 8312500000, "totalCurrentAssets": 65721700000, "longTermInvestments": 9788600000, "propertyPlantEquipment": 104230500000, "goodWill": 958600000, "intangibleAssets": 16227100000, "otherAssets": 28006600000, "deferredLongTermAssetCharges": 3149700000, "totalAssets": 224933100000, "accountsPayable": 35440200000, "otherCurrentLiab": 71225300000, "longTermDebt": 51572500000, "otherLiab": 35323400000, "minorityInterest": 41300000, "totalCurrentLiabilities": 130774100000, "totalLiab": 230372200000, "commonStock": 2850000000, "treasuryStock": -8330400000, "otherStockholderEquity": -8330400000, "totalStockholderEquity": -5480400000, "netTangibleAssets": -22666100000}, {"maxAge": 1, "endDate": "2020-06-30", "totalStockholderEquity": -12783600000, "netTangibleAssets": -31139200000}], "maxAge": 86400}, "earningsHistory": {"history": [{"maxAge": 1, "epsActual": 0.36, "epsEstimate": 0.94, "epsDifference": -0.58, "surprisePercent": -0.617, "quarter": "2017-12-31", "period": "-4q"}, {"maxAge": 1, "epsActual": 1.44, "epsEstimate": 0.37, "epsDifference": 1.07, "surprisePercent": 2.8920002, "quarter": "2018-03-31", "period": "-3q"}, {"maxAge": 1, "epsActual": -2.05, "epsEstimate": -0.6, "epsDifference": -1.45, "surprisePercent": -2.417, "quarter": "2018-06-30", "period": "-2q"}, {"maxAge": 1, "epsActual": 0.06, "epsEstimate": 0.1, "epsDifference": -0.04, "surprisePercent": -0.4, "quarter": "2018-09-30", "period": "-1q"}], "maxAge": 86400}, "summaryProfile": {"address1": "Plot No. C-21 and C-36", "address2": "G Block Bandra Kurla Complex Bandra (East)", "city": "Mumbai", "zip": "400098", "country": "India", "phone": "91 22 6659 1966", "fax": "91 22 6725 1962", "website": "http://www.tatacommunications.com", "industry": "Telecom Services", "sector": "Communication Services", "longBusinessSummary": "Tata Communications Limited provides telecommunications services worldwide. The company operates through Voice Solutions, Data and Managed Services, and Real Estate segments. It offers voice and data transmission services; Internet connectivity services; and other value-added services, such as unified conferencing and collaboration, managed hosting, mobile global roaming and signaling, transponder lease, and television up-linking, and other managed services, as well as sells and leases bandwidth on undersea cable systems. The company also provides network services, such as virtual private network, WAN Ethernet, Internet access, Internet with MDDoS, private line, and content delivery network services; application aware networking services; and cloud and data center services comprising managed hosting, managed storage and back-up, managed database, and co-location services. In addition, it offers managed security services, such as content security and privacy, secure application and access, network and infrastructure security, threat management, and risk and compliance; and mobility and Internet of Things services. Further, the company provides media and entertainment services, including video connect network, OTT platform as a service, live VDN, teleport, cloud master control, and workflow automation services; and leases premises. It serves service providers and enterprises. The company was formerly known as Videsh Sanchar Nigam Limited and changed its name to Tata Communications Limited in 2008. Tata Communications Limited was founded in 1986 and is based in Mumbai, India.", "companyOfficers": [], "maxAge": 86400}, "netSharePurchaseActivity": {"maxAge": 1, "period": "6m", "buyInfoCount": 0, "buyInfoShares": 0, "sellInfoCount": 0, "netInfoCount": 0, "netInfoShares": 0, "netPercentInsiderShares": 0.0, "totalInsiderShares": 245446592}, "insiderTransactions": {"transactions": [{"maxAge": 1, "shares": 5770318, "filerUrl": "", "transactionText": "", "filerName": "Life Insurance Corporation of India", "filerRelation": "Institution- Corporation", "moneyText": "", "startDate": "2015-04-13", "ownership": "D"}, {"maxAge": 1, "shares": 5751559, "filerUrl": "", "transactionText": "", "filerName": "Life Insurance Corporation of India", "filerRelation": "Institution- Corporation", "moneyText": "", "startDate": "2014-11-19", "ownership": "D"}], "maxAge": 1}, "sectorTrend": {"maxAge": 1, "symbol": null, "estimates": []}, "incomeStatementHistoryQuarterly": {"incomeStatementHistory": [{"maxAge": 1, "endDate": "2021-03-31", "totalRevenue": 40732500000, "costOfRevenue": 21588800000, "grossProfit": 19143700000, "researchDevelopment": {}, "sellingGeneralAdministrative": {}, "nonRecurring": {}, "otherOperatingExpenses": 8991800000, "totalOperatingExpenses": 36530900000, "operatingIncome": 4201600000, "totalOtherIncomeExpenseNet": -337200000, "ebit": 4201600000, "interestExpense": -930700000, "incomeBeforeTax": 3864400000, "incomeTaxExpense": 872100000, "minorityInterest": 281700000, "netIncomeFromContinuingOps": 2992300000, "discontinuedOperations": {}, "extraordinaryItems": {}, "effectOfAccountingCharges": {}, "otherItems": {}, "netIncome": 2992000000, "netIncomeApplicableToCommonShares": 2992000000}, {"maxAge": 1, "endDate": "2020-12-31", "totalRevenue": 42228300000, "costOfRevenue": 23228700000, "grossProfit": 18999600000, "researchDevelopment": {}, "sellingGeneralAdministrative": {}, "nonRecurring": {}, "otherOperatingExpenses": 8538600000, "totalOperatingExpenses": 37337100000, "operatingIncome": 4891200000, "totalOtherIncomeExpenseNet": -1085800000, "ebit": 4891200000, "interestExpense": -1044300000, "incomeBeforeTax": 3805400000, "incomeTaxExpense": 711300000, "minorityInterest": 281700000, "netIncomeFromContinuingOps": 3094100000, "discontinuedOperations": {}, "extraordinaryItems": {}, "effectOfAccountingCharges": {}, "otherItems": {}, "netIncome": 3091500000, "netIncomeApplicableToCommonShares": 3091500000}, {"maxAge": 1, "endDate": "2020-09-30", "totalRevenue": 44010800000, "costOfRevenue": 23968300000, "grossProfit": 20042500000, "researchDevelopment": {}, "sellingGeneralAdministrative": {}, "nonRecurring": {}, "otherOperatingExpenses": 8467200000, "totalOperatingExpenses": 38154800000, "operatingIncome": 5856000000, "totalOtherIncomeExpenseNet": -854500000, "ebit": 5856000000, "interestExpense": -1064100000, "incomeBeforeTax": 5001500000, "incomeTaxExpense": 1153400000, "minorityInterest": 41300000, "netIncomeFromContinuingOps": 3848100000, "discontinuedOperations": {}, "extraordinaryItems": {}, "effectOfAccountingCharges": {}, "otherItems": {}, "netIncome": 3844800000, "netIncomeApplicableToCommonShares": 3844800000}, {"maxAge": 1, "endDate": "2020-06-30", "totalRevenue": 44029400000, "costOfRevenue": 25037800000, "grossProfit": 18991600000, "researchDevelopment": {}, "sellingGeneralAdministrative": {}, "nonRecurring": {}, "otherOperatingExpenses": 8574000000, "totalOperatingExpenses": 39511100000, "operatingIncome": 4518300000, "totalOtherIncomeExpenseNet": -1125500000, "ebit": 4518300000, "interestExpense": -1162900000, "incomeBeforeTax": 3392800000, "incomeTaxExpense": 812100000, "minorityInterest": 41300000, "netIncomeFromContinuingOps": 2580700000, "discontinuedOperations": {}, "extraordinaryItems": {}, "effectOfAccountingCharges": {}, "otherItems": {}, "netIncome": 2578000000, "netIncomeApplicableToCommonShares": 2578000000}], "maxAge": 86400}, "cashflowStatementHistoryQuarterly": {"cashflowStatements": [{"maxAge": 1, "endDate": "2021-03-31", "netIncome": 2992000000, "changeToLiabilities": 0}, {"maxAge": 1, "endDate": "2020-12-31", "netIncome": 3091500000, "changeToLiabilities": 0}, {"maxAge": 1, "endDate": "2020-09-30", "netIncome": 3844800000, "changeToLiabilities": 0}, {"maxAge": 1, "endDate": "2020-06-30", "netIncome": 2578000000, "changeToLiabilities": 0}], "maxAge": 86400}, "earnings": {"maxAge": 86400, "earningsChart": {"quarterly": [{"date": "4Q2017", "actual": 0.36, "estimate": 0.94}, {"date": "1Q2018", "actual": 1.44, "estimate": 0.37}, {"date": "2Q2018", "actual": -2.05, "estimate": -0.6}, {"date": "3Q2018", "actual": 0.06, "estimate": 0.1}], "currentQuarterEstimateDate": "4Q", "currentQuarterEstimateYear": 2018, "earningsDate": []}, "financialsChart": {"yearly": [{"date": 2018, "revenue": 167851500000, "earnings": -3286000000}, {"date": 2019, "revenue": 165256000000, "earnings": -823700000}, {"date": 2020, "revenue": 170680200000, "earnings": -859600000}, {"date": 2021, "revenue": 172568600000, "earnings": 12506300000}], "quarterly": [{"date": "2Q2020", "revenue": 44029400000, "earnings": 2578000000}, {"date": "3Q2020", "revenue": 44010800000, "earnings": 3844800000}, {"date": "4Q2020", "revenue": 42228300000, "earnings": 3091500000}, {"date": "1Q2021", "revenue": 40732500000, "earnings": 2992000000}]}, "financialCurrency": "INR"}, "financialData": {"maxAge": 86400, "currentPrice": 1100.2, "targetHighPrice": 670.0, "targetLowPrice": 497.0, "targetMeanPrice": 593.45, "targetMedianPrice": 590.0, "recommendationKey": "none", "numberOfAnalystOpinions": 11, "totalCash": 23185600512, "totalCashPerShare": 81.367, "ebitda": 44173398016, "totalDebt": 112450699264, "quickRatio": 0.634, "currentRatio": 0.752, "totalRevenue": 172568592384, "debtToEquity": 7829.193, "revenuePerShare": 605.48, "returnOnAssets": 0.060450003, "grossProfits": 78745000000, "freeCashflow": 23319537664, "operatingCashflow": 31798300672, "revenueGrowth": -0.074, "grossMargins": 0.45631, "ebitdaMargins": 0.25597998, "operatingMargins": 0.12189, "profitMargins": 0.07247, "financialCurrency": "INR"}}}