{"TATACONSUM.NS": {"assetProfile": {"address1": "11/13, Botawala Building", "address2": "1st Floor Office Nos. 2-6 Horniman Circle, Fort", "city": "Mumbai", "zip": "400001", "country": "India", "phone": "91 22 6121 8400", "fax": "91 22 6121 8499", "website": "http://www.tataconsumer.com", "industry": "Packaged Foods", "sector": "Consumer Defensive", "longBusinessSummary": "Tata Consumer Products Limited, together with its subsidiaries, produces and sells tea, coffee, and water in India, the United States, the United Kingdom, and internationally. The company operates through Branded Business and Non Branded Business segments. It engages in processing and blending of tea, including the manufacture of instant tea. The company's products include salt, pulses, spices, ready-to-eat products, snacks, besan, and other packaged foods. Tata Consumer Products Limited offers its products primarily under the Tata Tea, Tata Coffee Grand, Tata Water Plus, Tata Gluco Plus, Tetley, Teapigs, Vitax, Laager, Good Earth, Eight O'Clock Coffee, Himalayan, Grand Coffee, Map Coffee, and Joekels brands, as well as Tata Salt, Tata Sampann, and Tata Nx brand names. The company was formerly known as Tata Global Beverages Limited and changed its name to Tata Consumer Products Limited in February 2020. Tata Consumer Products Limited was incorporated in 1962 and is headquartered in Mumbai, India.", "fullTimeEmployees": 2689, "companyOfficers": [{"maxAge": 1, "name": "Mr. L. Krishna Kumar A.C.A., A.C.S., B.Com.", "age": 62, "title": "Group CFO & Exec. Director", "yearBorn": 1958, "fiscalYear": 2020, "totalPay": 38712000, "exercisedValue": 0, "unexercisedValue": 0}, {"maxAge": 1, "name": "Mr. Neelabja  Chakrabarty", "title": "VP, Company Sec. & Compliance Officer", "fiscalYear": 2020, "totalPay": 9230000, "exercisedValue": 0, "unexercisedValue": 0}, {"maxAge": 1, "name": "Mr. Sunil A. D'souza", "age": 53, "title": "MD, CEO & Director", "yearBorn": 1967, "exercisedValue": 0, "unexercisedValue": 0}, {"maxAge": 1, "name": "Mr. John  Burdett", "title": "Global Operations Director", "exercisedValue": 0, "unexercisedValue": 0}, {"maxAge": 1, "name": "Mr. Ajit Krishna Kumar", "title": "Chief Operating Officer", "exercisedValue": 0, "unexercisedValue": 0}, {"maxAge": 1, "name": "Mr. S. K. Roychaudhuri", "age": 63, "title": "Chief Information Officer and Director of Application Support & Devel. - Asia Regions", "yearBorn": 1957, "fiscalYear": 2009, "exercisedValue": 0, "unexercisedValue": 0}, {"maxAge": 1, "name": "Ms. Nidhi  Verma", "title": "Head of Investor Relations & Corp. Communication", "exercisedValue": 0, "unexercisedValue": 0}, {"maxAge": 1, "name": "Ms. Gauri  Rao", "title": "Global Gen. Counsel", "exercisedValue": 0, "unexercisedValue": 0}, {"maxAge": 1, "name": "Mr. Navaneel  Kar", "title": "Head of Sales - India", "exercisedValue": 0, "unexercisedValue": 0}, {"maxAge": 1, "name": "Mr. Amit  Chincholikar", "title": "Global Chief HR Officer", "exercisedValue": 0, "unexercisedValue": 0}], "compensationAsOfEpochDate": "2020-12-31 05:30:00", "maxAge": 86400}, "cashflowStatementHistory": {"cashflowStatements": [{"maxAge": 1, "endDate": "2020-03-31", "netIncome": 4597600000, "depreciation": 2256800000, "changeToNetincome": 4627800000, "changeToAccountReceivables": -1773000000, "changeToLiabilities": 138200000, "changeToInventory": 814600000, "totalCashFromOperatingActivities": 10822300000, "capitalExpenditures": -1595800000, "investments": -6434200000, "otherCashflowsFromInvestingActivities": 1920400000, "totalCashflowsFromInvestingActivities": -6727700000, "dividendsPaid": -1902800000, "netBorrowings": -164500000, "otherCashflowsFromFinancingActivities": -1016000000, "totalCashFromFinancingActivities": -3083300000, "effectOfExchangeRate": 507300000, "changeInCash": 1518600000}, {"maxAge": 1, "endDate": "2019-03-31", "netIncome": 4081900000, "depreciation": 1041800000, "changeToNetincome": 1006500000, "changeToAccountReceivables": -1326900000, "changeToLiabilities": -1333100000, "changeToInventory": -1555400000, "totalCashFromOperatingActivities": 2098700000, "capitalExpenditures": -2822800000, "investments": 2300400000, "otherCashflowsFromInvestingActivities": 998200000, "totalCashflowsFromInvestingActivities": 732800000, "dividendsPaid": -2158200000, "netBorrowings": 358300000, "otherCashflowsFromFinancingActivities": -437400000, "totalCashFromFinancingActivities": -2237300000, "effectOfExchangeRate": -201100000, "changeInCash": 393100000}, {"maxAge": 1, "endDate": "2018-03-31", "netIncome": 4955600000, "depreciation": 973700000, "changeToNetincome": -1171400000, "changeToAccountReceivables": -1143400000, "changeToLiabilities": -117600000, "changeToInventory": -127800000, "totalCashFromOperatingActivities": 3555800000, "capitalExpenditures": -3588200000, "investments": 1115600000, "otherCashflowsFromInvestingActivities": 948900000, "totalCashflowsFromInvestingActivities": -741000000, "dividendsPaid": -1732500000, "netBorrowings": 2095600000, "otherCashflowsFromFinancingActivities": -667000000, "totalCashFromFinancingActivities": -303900000, "effectOfExchangeRate": 430000000, "changeInCash": 2940900000}, {"maxAge": 1, "endDate": "2017-03-31", "netIncome": 3894400000, "depreciation": 1069500000, "changeToNetincome": 772300000, "changeToAccountReceivables": -604700000, "changeToLiabilities": 511800000, "changeToInventory": 1577800000, "totalCashFromOperatingActivities": 7412000000, "capitalExpenditures": -1381900000, "investments": -137900000, "otherCashflowsFromInvestingActivities": 3711000000, "totalCashflowsFromInvestingActivities": 2249000000, "dividendsPaid": -1889900000, "netBorrowings": -5653700000, "otherCashflowsFromFinancingActivities": -614800000, "totalCashFromFinancingActivities": -8158400000, "effectOfExchangeRate": -915600000, "changeInCash": 704100000}], "maxAge": 86400}, "institutionOwnership": {"maxAge": 1, "ownershipList": []}, "majorHoldersBreakdown": {"maxAge": 1, "insidersPercentHeld": 0.35074002, "institutionsPercentHeld": 0.26201, "institutionsFloatPercentHeld": 0.40355, "institutionsCount": 155}, "balanceSheetHistoryQuarterly": {"balanceSheetStatements": [{"maxAge": 1, "endDate": "2020-12-31", "totalStockholderEquity": 141120500000, "netTangibleAssets": 39311000000}, {"maxAge": 1, "endDate": "2020-09-30", "cash": 22811900000, "shortTermInvestments": 3510400000, "netReceivables": 8996300000, "inventory": 25747300000, "otherCurrentAssets": 3710500000, "totalCurrentAssets": 64776400000, "longTermInvestments": 6095700000, "propertyPlantEquipment": 15391000000, "goodWill": 74268000000, "intangibleAssets": 27541500000, "otherAssets": 5969500000, "deferredLongTermAssetCharges": 288700000, "totalAssets": 194042100000, "accountsPayable": 14312300000, "otherCurrentLiab": 6065900000, "longTermDebt": 7281600000, "otherLiab": 6844600000, "minorityInterest": 11088200000, "totalCurrentLiabilities": 24841000000, "totalLiab": 41833400000, "commonStock": 921600000, "treasuryStock": 140198900000, "otherStockholderEquity": 140198900000, "totalStockholderEquity": 141120500000, "netTangibleAssets": 39311000000}, {"maxAge": 1, "endDate": "2020-06-30", "totalStockholderEquity": 138148600000, "netTangibleAssets": 37020300000}, {"maxAge": 1, "endDate": "2020-03-31", "cash": 11216700000, "shortTermInvestments": 5030400000, "netReceivables": 13246700000, "inventory": 17120300000, "otherCurrentAssets": 1287000000, "totalCurrentAssets": 56820600000, "longTermInvestments": 4893000000, "propertyPlantEquipment": 15885200000, "goodWill": 73338300000, "intangibleAssets": 27790000000, "otherAssets": 6298900000, "deferredLongTermAssetCharges": 295600000, "totalAssets": 185026000000, "accountsPayable": 9439900000, "shortLongTermDebt": 962600000, "otherCurrentLiab": 4392200000, "longTermDebt": 8045000000, "otherLiab": 5202100000, "minorityInterest": 10924700000, "totalCurrentLiabilities": 19786000000, "totalLiab": 35952700000, "commonStock": 921600000, "retainedEarnings": 70736800000, "treasuryStock": 2181500000, "capitalSurplus": 64308700000, "otherStockholderEquity": 2181500000, "totalStockholderEquity": 138148600000, "netTangibleAssets": 37020300000}], "maxAge": 86400}, "indexTrend": {"maxAge": 1, "symbol": "SP5", "peRatio": 19.7411, "pegRatio": 1.34172, "estimates": [{"period": "0q", "growth": 0.549}, {"period": "+1q", "growth": 0.431}, {"period": "0y", "growth": 0.305}, {"period": "+1y", "growth": 0.109}, {"period": "+5y", "growth": 0.120865}, {"period": "-5y"}]}, "defaultKeyStatistics": {"maxAge": 1, "priceHint": 2, "enterpriseValue": 618553475072, "profitMargins": 0.06621, "floatShares": 598035456, "sharesOutstanding": 921552000, "heldPercentInsiders": 0.35074002, "heldPercentInstitutions": 0.26201, "beta": 0.648698, "category": null, "bookValue": 153.165, "priceToBook": 4.3711033, "fundFamily": null, "legalType": null, "lastFiscalYearEnd": "2020-03-31 05:30:00", "nextFiscalYearEnd": "2022-03-31 05:30:00", "mostRecentQuarter": "2020-12-31 05:30:00", "earningsQuarterlyGrowth": 0.288, "netIncomeToCommon": 7263000064, "trailingEps": 7.879, "lastSplitFactor": null, "enterpriseToRevenue": 5.639, "enterpriseToEbitda": 40.838, "52WeekChange": 0.99880576, "SandP52WeekChange": 0.48148263, "lastDividendValue": 2.7, "lastDividendDate": 1592438400}, "summaryProfile": {"address1": "11/13, Botawala Building", "address2": "1st Floor Office Nos. 2-6 Horniman Circle, Fort", "city": "Mumbai", "zip": "400001", "country": "India", "phone": "91 22 6121 8400", "fax": "91 22 6121 8499", "website": "http://www.tataconsumer.com", "industry": "Packaged Foods", "sector": "Consumer Defensive", "longBusinessSummary": "Tata Consumer Products Limited, together with its subsidiaries, produces and sells tea, coffee, and water in India, the United States, the United Kingdom, and internationally. The company operates through Branded Business and Non Branded Business segments. It engages in processing and blending of tea, including the manufacture of instant tea. The company's products include salt, pulses, spices, ready-to-eat products, snacks, besan, and other packaged foods. Tata Consumer Products Limited offers its products primarily under the Tata Tea, Tata Coffee Grand, Tata Water Plus, Tata Gluco Plus, Tetley, Teapigs, Vitax, Laager, Good Earth, Eight O'Clock Coffee, Himalayan, Grand Coffee, Map Coffee, and Joekels brands, as well as Tata Salt, Tata Sampann, and Tata Nx brand names. The company was formerly known as Tata Global Beverages Limited and changed its name to Tata Consumer Products Limited in February 2020. Tata Consumer Products Limited was incorporated in 1962 and is headquartered in Mumbai, India.", "fullTimeEmployees": 2689, "companyOfficers": [], "maxAge": 86400}, "netSharePurchaseActivity": {"maxAge": 1, "period": "6m", "buyInfoCount": 0, "buyInfoShares": 0, "sellInfoCount": 0, "netInfoCount": 0, "netInfoShares": 0, "netPercentInsiderShares": 0.0, "totalInsiderShares": 323241984}, "insiderTransactions": {"transactions": [{"maxAge": 1, "shares": 2000, "value": 13516, "filerUrl": "", "transactionText": "Acquisition at price 6.76 per share.", "filerName": "Rao (Ruma)", "filerRelation": "UNREPORTED", "moneyText": "", "startDate": "2020-11-11", "ownership": "D"}, {"maxAge": 1, "shares": 1000, "value": 7441, "filerUrl": "", "transactionText": "Acquisition at price 7.44 per share.", "filerName": "S (Santhanakrishnan)", "filerRelation": "Director", "moneyText": "", "startDate": "2020-09-18", "ownership": "D"}, {"maxAge": 1, "shares": 500, "value": 3686, "filerUrl": "", "transactionText": "Acquisition at price 7.37 per share.", "filerName": "S (Santhanakrishnan)", "filerRelation": "Director", "moneyText": "", "startDate": "2020-09-16", "ownership": "D"}, {"maxAge": 1, "shares": 100000, "filerUrl": "", "transactionText": "", "filerName": "Chandrasekaran (Natarajan)", "filerRelation": "UNREPORTED", "moneyText": "", "startDate": "2020-03-16", "ownership": "D"}, {"maxAge": 1, "shares": 33000, "filerUrl": "", "transactionText": "", "filerName": "Mistry (CyrusP)", "filerRelation": "Non Executive Chairman", "moneyText": "", "startDate": "2013-09-20", "ownership": "D"}, {"maxAge": 1, "shares": 12840655, "filerUrl": "", "transactionText": "", "filerName": "Life Insurance Corporation of India", "filerRelation": "Institution- Corporation", "moneyText": "", "startDate": "2012-12-26", "ownership": "D"}, {"maxAge": 1, "shares": 12876321, "filerUrl": "", "transactionText": "", "filerName": "Life Insurance Corporation of India", "filerRelation": "Institution- Corporation", "moneyText": "", "startDate": "2012-08-23", "ownership": "D"}, {"maxAge": 1, "shares": 12605866, "filerUrl": "", "transactionText": "", "filerName": "Life Insurance Corporation of India", "filerRelation": "Institution- Corporation", "moneyText": "", "startDate": "2012-06-27", "ownership": "D"}, {"maxAge": 1, "shares": 163833, "filerUrl": "", "transactionText": "", "filerName": "TATA AIG General Insurance Co Ltd", "filerRelation": "Institution- Corporation", "moneyText": "", "startDate": "2012-02-27", "ownership": "D"}, {"maxAge": 1, "shares": 75617173, "filerUrl": "", "transactionText": "", "filerName": "Life Insurance Corporation of India", "filerRelation": "Institution- Corporation", "moneyText": "", "startDate": "2012-02-21", "ownership": "D"}, {"maxAge": 1, "shares": 1295212, "filerUrl": "", "transactionText": "", "filerName": "Life Insurance Corporation of India", "filerRelation": "Institution- Corporation", "moneyText": "", "startDate": "2009-10-23", "ownership": "D"}, {"maxAge": 1, "shares": 1473649, "filerUrl": "", "transactionText": "", "filerName": "Life Insurance Corporation of India", "filerRelation": "Institution- Corporation", "moneyText": "", "startDate": "2009-10-05", "ownership": "D"}], "maxAge": 1}, "quoteType": {"exchange": "NSI", "quoteType": "EQUITY", "symbol": "TATACONSUM.NS", "underlyingSymbol": "TATACONSUM.NS", "shortName": "TATA CONSUMER PRODUCT LTD", "longName": "Tata Consumer Products Limited", "firstTradeDateEpochUtc": "1996-01-01 09:15:00", "timeZoneFullName": "Asia/Kolkata", "timeZoneShortName": "IST", "uuid": "95870c70-07ec-33af-a4e3-6c8e057f1afd", "messageBoardId": "finmb_121597", "gmtOffSetMilliseconds": 19800000, "maxAge": 1}, "incomeStatementHistory": {"incomeStatementHistory": [{"maxAge": 1, "endDate": "2020-03-31", "totalRevenue": 96374200000, "costOfRevenue": 54822400000, "grossProfit": 41551800000, "researchDevelopment": {}, "sellingGeneralAdministrative": 16171400000, "nonRecurring": {}, "otherOperatingExpenses": 12636000000, "totalOperatingExpenses": 86046900000, "operatingIncome": 10327300000, "totalOtherIncomeExpenseNet": -2984300000, "ebit": 10327300000, "interestExpense": -698100000, "incomeBeforeTax": 7343000000, "incomeTaxExpense": 2741900000, "minorityInterest": 10924700000, "netIncomeFromContinuingOps": 4601100000, "discontinuedOperations": {}, "extraordinaryItems": {}, "effectOfAccountingCharges": {}, "otherItems": {}, "netIncome": 4597600000, "netIncomeApplicableToCommonShares": 4597600000}, {"maxAge": 1, "endDate": "2019-03-31", "totalRevenue": 72515000000, "costOfRevenue": 40708300000, "grossProfit": 31806700000, "researchDevelopment": {}, "sellingGeneralAdministrative": 14402900000, "nonRecurring": {}, "otherOperatingExpenses": 9474200000, "totalOperatingExpenses": 65811100000, "operatingIncome": 6703900000, "totalOtherIncomeExpenseNet": 474700000, "ebit": 6703900000, "interestExpense": -402600000, "incomeBeforeTax": 7178600000, "incomeTaxExpense": 2608800000, "minorityInterest": 10276800000, "netIncomeFromContinuingOps": 4569800000, "discontinuedOperations": {}, "extraordinaryItems": {}, "effectOfAccountingCharges": {}, "otherItems": {}, "netIncome": 4081900000, "netIncomeApplicableToCommonShares": 4081900000}, {"maxAge": 1, "endDate": "2018-03-31", "totalRevenue": 68132300000, "costOfRevenue": 37543600000, "grossProfit": 30588700000, "researchDevelopment": {}, "sellingGeneralAdministrative": 14193100000, "nonRecurring": {}, "otherOperatingExpenses": 8188000000, "totalOperatingExpenses": 61085100000, "operatingIncome": 7047200000, "totalOtherIncomeExpenseNet": 376500000, "ebit": 7047200000, "interestExpense": -293100000, "incomeBeforeTax": 7423700000, "incomeTaxExpense": 1858700000, "minorityInterest": 10090400000, "netIncomeFromContinuingOps": 5565000000, "discontinuedOperations": {}, "extraordinaryItems": {}, "effectOfAccountingCharges": {}, "otherItems": {}, "netIncome": 4955600000, "netIncomeApplicableToCommonShares": 4955600000}, {"maxAge": 1, "endDate": "2017-03-31", "totalRevenue": 67712100000, "costOfRevenue": 36148800000, "grossProfit": 31563300000, "researchDevelopment": {}, "sellingGeneralAdministrative": 15188400000, "nonRecurring": {}, "otherOperatingExpenses": 8495500000, "totalOperatingExpenses": 61093100000, "operatingIncome": 6619000000, "totalOtherIncomeExpenseNet": -87900000, "ebit": 6619000000, "interestExpense": -689500000, "incomeBeforeTax": 6531100000, "incomeTaxExpense": 1983100000, "minorityInterest": 9195000000, "netIncomeFromContinuingOps": 4548000000, "discontinuedOperations": {}, "extraordinaryItems": {}, "effectOfAccountingCharges": {}, "otherItems": {}, "netIncome": 3894400000, "netIncomeApplicableToCommonShares": 3894400000}], "maxAge": 86400}, "fundOwnership": {"maxAge": 1, "ownershipList": [{"maxAge": 1, "reportDate": "2020-12-31", "organization": "Baron Emerging Markets Fund", "pctHeld": 0.0076, "position": 7037581, "value": 4151469031}, {"maxAge": 1, "reportDate": "2021-01-31", "organization": "Vanguard International Stock Index-Total Intl Stock Indx", "pctHeld": 0.0069, "position": 6326005, "value": 3541297599}, {"maxAge": 1, "reportDate": "2021-01-31", "organization": "Vanguard International Stock Index-Emerging Markets Stk", "pctHeld": 0.0066000004, "position": 6060025, "value": 3392401995}, {"maxAge": 1, "reportDate": "2021-03-31", "organization": "iShares Core MSCI Emerging Markets ETF", "pctHeld": 0.0058, "position": 5354245, "value": 3420827130}, {"maxAge": 1, "reportDate": "2021-03-31", "organization": "iShares MSCI India ETF", "pctHeld": 0.0046, "position": 4195642, "value": 2680595673}, {"maxAge": 1, "reportDate": "2021-01-31", "organization": "DFA Emerging Markets Core Equity Portfolio", "pctHeld": 0.0026, "position": 2409492, "value": 1348833621}, {"maxAge": 1, "reportDate": "2021-03-31", "organization": "iShares MSCI Emerging Markets ETF", "pctHeld": 0.0025, "position": 2278602, "value": 1455798817}, {"maxAge": 1, "reportDate": "2021-02-28", "organization": "Delaware Group Global & International Funds-Emerging Markets Fd", "pctHeld": 0.0023, "position": 2128276, "value": 1296439325}, {"maxAge": 1, "reportDate": "2021-01-31", "organization": "DFA Investment Dimensions-DFA Emerging Mkts Value", "pctHeld": 0.0023, "position": 2097242, "value": 1174036071}, {"maxAge": 1, "reportDate": "2020-12-31", "organization": "MFS International New Discovery Fund", "pctHeld": 0.0023, "position": 2084588, "value": 1229698461}]}, "summaryDetail": {"maxAge": 1, "priceHint": 2, "previousClose": 671.85, "open": 671.0, "dayLow": 665.05, "dayHigh": 678.0, "regularMarketPreviousClose": 671.85, "regularMarketOpen": 671.0, "regularMarketDayLow": 665.05, "regularMarketDayHigh": 678.0, "dividendRate": 2.7, "dividendYield": 0.004, "exDividendDate": "2020-06-18 05:30:00", "payoutRatio": 0.3426, "fiveYearAvgDividendYield": 1.06, "beta": 0.648698, "trailingPE": 84.97271, "volume": 2205653, "regularMarketVolume": 2205653, "averageVolume": 4226758, "averageVolume10days": 2685841, "averageDailyVolume10Day": 2685841, "bid": 0.0, "ask": 0.0, "marketCap": 616703197184, "fiftyTwoWeekLow": 325.65, "fiftyTwoWeekHigh": 698.0, "priceToSalesTrailing12Months": 5.6218066, "fiftyDayAverage": 647.8333, "twoHundredDayAverage": 585.2807, "trailingAnnualDividendRate": 2.7, "trailingAnnualDividendYield": 0.004018754, "currency": "INR", "fromCurrency": null, "toCurrency": null, "lastMarket": null, "algorithm": null, "tradeable": false}, "incomeStatementHistoryQuarterly": {"incomeStatementHistory": [{"maxAge": 1, "endDate": "2020-12-31", "totalRevenue": 30695600000, "costOfRevenue": 19095600000, "grossProfit": 11600000000, "researchDevelopment": {}, "sellingGeneralAdministrative": 4509400000, "nonRecurring": {}, "otherOperatingExpenses": 3477300000, "totalOperatingExpenses": 27726300000, "operatingIncome": 2969300000, "totalOtherIncomeExpenseNet": -43800000, "ebit": 2969300000, "interestExpense": -180900000, "incomeBeforeTax": 2925500000, "incomeTaxExpense": 551700000, "minorityInterest": {}, "netIncomeFromContinuingOps": 2373800000, "discontinuedOperations": {}, "extraordinaryItems": {}, "effectOfAccountingCharges": {}, "otherItems": {}, "netIncome": 2181700000, "netIncomeApplicableToCommonShares": 2181700000}, {"maxAge": 1, "endDate": "2020-09-30", "totalRevenue": 27813400000, "costOfRevenue": 16461500000, "grossProfit": 11351900000, "researchDevelopment": {}, "sellingGeneralAdministrative": 3961100000, "nonRecurring": {}, "otherOperatingExpenses": 3395000000, "totalOperatingExpenses": 24443300000, "operatingIncome": 3370100000, "totalOtherIncomeExpenseNet": 233000000, "ebit": 3370100000, "interestExpense": -178700000, "incomeBeforeTax": 3603100000, "incomeTaxExpense": 871300000, "minorityInterest": 11088200000, "netIncomeFromContinuingOps": 2731800000, "discontinuedOperations": {}, "extraordinaryItems": {}, "effectOfAccountingCharges": {}, "otherItems": {}, "netIncome": 2570600000, "netIncomeApplicableToCommonShares": 2570600000}, {"maxAge": 1, "endDate": "2020-06-30", "totalRevenue": 27139100000, "costOfRevenue": 15006200000, "grossProfit": 12132900000, "researchDevelopment": {}, "sellingGeneralAdministrative": 3628100000, "nonRecurring": {}, "otherOperatingExpenses": 3678300000, "totalOperatingExpenses": 22931600000, "operatingIncome": 4207500000, "totalOtherIncomeExpenseNet": 352000000, "ebit": 4207500000, "interestExpense": -172800000, "incomeBeforeTax": 4559500000, "incomeTaxExpense": 1104000000, "minorityInterest": 11088200000, "netIncomeFromContinuingOps": 3455500000, "discontinuedOperations": {}, "extraordinaryItems": {}, "effectOfAccountingCharges": {}, "otherItems": {}, "netIncome": 3275600000, "netIncomeApplicableToCommonShares": 3275600000}, {"maxAge": 1, "endDate": "2020-03-31", "totalRevenue": 39443300000, "costOfRevenue": 23584100000, "grossProfit": 15859200000, "researchDevelopment": {}, "sellingGeneralAdministrative": 5901200000, "nonRecurring": {}, "otherOperatingExpenses": 4604300000, "totalOperatingExpenses": 35087000000, "operatingIncome": 4356300000, "totalOtherIncomeExpenseNet": -3094600000, "ebit": 4356300000, "interestExpense": -122800000, "incomeBeforeTax": 1261700000, "incomeTaxExpense": 960600000, "minorityInterest": 10924700000, "netIncomeFromContinuingOps": 301100000, "discontinuedOperations": {}, "extraordinaryItems": {}, "effectOfAccountingCharges": {}, "otherItems": {}, "netIncome": 761000000, "netIncomeApplicableToCommonShares": 761000000}], "maxAge": 86400}, "cashflowStatementHistoryQuarterly": {"cashflowStatements": [{"maxAge": 1, "endDate": "2020-12-31", "netIncome": 2181700000, "changeToLiabilities": 0}, {"maxAge": 1, "endDate": "2020-09-30", "netIncome": 2570600000, "changeToLiabilities": 0}, {"maxAge": 1, "endDate": "2020-06-30", "netIncome": 3275600000, "changeToLiabilities": 0}, {"maxAge": 1, "endDate": "2020-03-31", "netIncome": 761000000, "changeToLiabilities": 0}], "maxAge": 86400}, "insiderHolders": {"holders": [{"maxAge": 1, "name": "Chandrasekaran (Natarajan)", "relation": "UNREPORTED", "url": "", "transactionDescription": "Acquisition", "latestTransDate": "2020-03-16", "positionDirect": 100000, "positionDirectDate": "2020-03-16"}, {"maxAge": 1, "name": "Life Insurance Corporation of India", "relation": "Institution- Corporation", "url": "", "transactionDescription": "Sale", "latestTransDate": "2012-12-26", "positionDirect": 47208805, "positionDirectDate": "2012-12-26"}, {"maxAge": 1, "name": "Mistry (CyrusP)", "relation": "Non Executive Chairman", "url": "", "transactionDescription": "Acquisition", "latestTransDate": "2013-09-20", "positionDirect": 33000, "positionDirectDate": "2013-09-20"}, {"maxAge": 1, "name": "Rao (Ruma)", "relation": "UNREPORTED", "url": "", "transactionDescription": "Acquisition", "latestTransDate": "2020-11-11", "positionDirect": 2000, "positionDirectDate": "2020-11-11"}, {"maxAge": 1, "name": "S (Santhanakrishnan)", "relation": "Director", "url": "", "transactionDescription": "Acquisition", "latestTransDate": "2020-09-18", "positionDirect": 1500, "positionDirectDate": "2020-09-18"}, {"maxAge": 1, "name": "TATA AIG General Insurance Co Ltd", "relation": "Institution- Corporation", "url": "", "transactionDescription": "Sale", "latestTransDate": "2012-02-27", "positionDirect": 0, "positionDirectDate": "2012-02-27"}], "maxAge": 1}, "calendarEvents": {"maxAge": 1, "earnings": {"earningsDate": []}, "exDividendDate": "2020-06-18 05:30:00"}, "price": {"maxAge": 1, "regularMarketChangePercent": -0.0034977684, "regularMarketChange": -2.3499756, "regularMarketTime": "2021-04-30 15:29:59", "priceHint": 2, "regularMarketPrice": 669.5, "regularMarketDayHigh": 678.0, "regularMarketDayLow": 665.05, "regularMarketVolume": 2205653, "averageDailyVolume10Day": 2685841, "averageDailyVolume3Month": 4226758, "regularMarketPreviousClose": 671.85, "regularMarketSource": "FREE_REALTIME", "regularMarketOpen": 671.0, "exchange": "NSI", "exchangeName": "NSE", "exchangeDataDelayedBy": 15, "marketState": "CLOSED", "quoteType": "EQUITY", "symbol": "TATACONSUM.NS", "underlyingSymbol": null, "shortName": "TATA CONSUMER PRODUCT LTD", "longName": "Tata Consumer Products Limited", "currency": "INR", "quoteSourceName": "Delayed Quote", "currencySymbol": "\u20b9", "fromCurrency": null, "toCurrency": null, "lastMarket": null, "marketCap": 616703197184}, "balanceSheetHistory": {"balanceSheetStatements": [{"maxAge": 1, "endDate": "2020-03-31", "cash": 11216700000, "shortTermInvestments": 5030400000, "netReceivables": 13246700000, "inventory": 17120300000, "otherCurrentAssets": 1287000000, "totalCurrentAssets": 56820600000, "longTermInvestments": 4893000000, "propertyPlantEquipment": 15885200000, "goodWill": 73338300000, "intangibleAssets": 27790000000, "otherAssets": 6298900000, "deferredLongTermAssetCharges": 295600000, "totalAssets": 185026000000, "accountsPayable": 9439900000, "shortLongTermDebt": 962600000, "otherCurrentLiab": 4392200000, "longTermDebt": 8045000000, "otherLiab": 5202100000, "minorityInterest": 10924700000, "totalCurrentLiabilities": 19786000000, "totalLiab": 35952700000, "commonStock": 921600000, "retainedEarnings": 70736800000, "treasuryStock": 2181500000, "capitalSurplus": 64308700000, "otherStockholderEquity": 2181500000, "totalStockholderEquity": 138148600000, "netTangibleAssets": 37020300000}, {"maxAge": 1, "endDate": "2019-03-31", "cash": 9670200000, "shortTermInvestments": 772400000, "netReceivables": 9863400000, "inventory": 16098600000, "otherCurrentAssets": 3243500000, "totalCurrentAssets": 45479700000, "longTermInvestments": 6045000000, "propertyPlantEquipment": 12221000000, "goodWill": 37850700000, "intangibleAssets": 2789500000, "otherAssets": 5001300000, "deferredLongTermAssetCharges": 580400000, "totalAssets": 109387200000, "accountsPayable": 6649000000, "shortLongTermDebt": 313800000, "otherCurrentLiab": 3906900000, "longTermDebt": 7890600000, "otherLiab": 3203500000, "minorityInterest": 10276800000, "totalCurrentLiabilities": 14699400000, "totalLiab": 25793500000, "commonStock": 631100000, "retainedEarnings": 68352800000, "treasuryStock": 722500000, "capitalSurplus": 3610500000, "otherStockholderEquity": 722500000, "totalStockholderEquity": 73316900000, "netTangibleAssets": 32676700000}, {"maxAge": 1, "endDate": "2018-03-31", "cash": 9334900000, "shortTermInvestments": 3099400000, "netReceivables": 10207700000, "inventory": 14483100000, "otherCurrentAssets": 2539700000, "totalCurrentAssets": 45350100000, "longTermInvestments": 5937200000, "propertyPlantEquipment": 8692300000, "goodWill": 37235000000, "intangibleAssets": 2902800000, "otherAssets": 5804700000, "deferredLongTermAssetCharges": 1317700000, "totalAssets": 105922100000, "accountsPayable": 7057300000, "shortLongTermDebt": 121200000, "otherCurrentLiab": 4235600000, "longTermDebt": 6559900000, "otherLiab": 2990100000, "minorityInterest": 10090400000, "totalCurrentLiabilities": 15965700000, "totalLiab": 25515700000, "commonStock": 631100000, "retainedEarnings": 65387400000, "treasuryStock": 687000000, "capitalSurplus": 3610500000, "otherStockholderEquity": 687000000, "totalStockholderEquity": 70316000000, "netTangibleAssets": 30178200000}, {"maxAge": 1, "endDate": "2017-03-31", "cash": 5657200000, "shortTermInvestments": 1849000000, "netReceivables": 9259600000, "inventory": 14529600000, "otherCurrentAssets": 2235200000, "totalCurrentAssets": 33539400000, "longTermInvestments": 12846900000, "propertyPlantEquipment": 7544100000, "goodWill": 34979100000, "intangibleAssets": 3148000000, "otherAssets": 4076400000, "deferredLongTermAssetCharges": 619800000, "totalAssets": 96133900000, "accountsPayable": 7377600000, "otherCurrentLiab": 3969600000, "longTermDebt": 4501000000, "otherLiab": 4129900000, "minorityInterest": 9195000000, "totalCurrentLiabilities": 15653000000, "totalLiab": 24283900000, "commonStock": 631100000, "retainedEarnings": 55282000000, "treasuryStock": 3131400000, "capitalSurplus": 3610500000, "otherStockholderEquity": 3131400000, "totalStockholderEquity": 62655000000, "netTangibleAssets": 24527900000}], "maxAge": 86400}, "financialData": {"maxAge": 86400, "currentPrice": 669.5, "recommendationKey": "none", "totalCash": 26322300928, "totalCashPerShare": 28.562, "ebitda": 15146649600, "totalDebt": 14610599936, "totalRevenue": 109698400256, "debtToEquity": 9.599, "revenuePerShare": 119.008, "grossProfits": 41551800000, "earningsGrowth": 0.288, "revenueGrowth": 0.231, "grossMargins": 0.41294998, "ebitdaMargins": 0.13807, "operatingMargins": 0.1168, "profitMargins": 0.06621, "financialCurrency": "INR"}}}