{"TATAINVEST.NS": {"assetProfile": {"address1": "Elphinstone Building", "address2": "2nd Floor 10, Veer Nariman Road", "city": "Mumbai", "zip": "400001", "country": "India", "phone": "91 22 6665 8282", "fax": "91 22 6665 7917", "website": "http://www.tatainvestment.com", "industry": "Capital Markets", "sector": "Financial Services", "longBusinessSummary": "Tata Investment Corporation Limited is a publicly owned investment manager. The firm operates as an investment company in India. Its activities primarily include investing in long-term investments in equity shares, equity-related securities and other securities of companies in a range of industries. The company also distributes mutual funds and other investment related securities. Tata Investment Corporation was founded in 1937. Tata Investment Corporation Limited was formerly known as The Investment Corporation of India Limited. Tata Investment Corporation Limited is based in Mumbai, India.", "companyOfficers": [{"maxAge": 1, "name": "Mr. Manoj Kumar CV", "title": "CFO, Compliance Officer & Company Sec.", "fiscalYear": 2020, "totalPay": 11109104, "exercisedValue": 0, "unexercisedValue": 0}, {"maxAge": 1, "name": "Mr. Amit N. Dalal", "age": 57, "title": "Exec. Director", "yearBorn": 1963, "fiscalYear": 2020, "totalPay": 49137000, "exercisedValue": 0, "unexercisedValue": 0}], "compensationAsOfEpochDate": "2020-12-31 05:30:00", "maxAge": 86400}, "cashflowStatementHistory": {"cashflowStatements": [{"maxAge": 1, "endDate": "2021-03-31", "netIncome": 1539900000, "depreciation": 8300000, "changeToNetincome": -668000000, "changeToLiabilities": 3900000, "changeToOperatingActivities": -25400000, "totalCashFromOperatingActivities": 858700000, "capitalExpenditures": -1900000, "investments": 30100000, "totalCashflowsFromInvestingActivities": 28200000, "dividendsPaid": -910300000, "netBorrowings": -6700000, "otherCashflowsFromFinancingActivities": -900000, "totalCashFromFinancingActivities": -917900000, "changeInCash": -31000000}, {"maxAge": 1, "endDate": "2020-03-31", "netIncome": 905310000, "depreciation": 7459000, "changeToNetincome": 229266000, "changeToAccountReceivables": 40911000, "changeToLiabilities": -10325000, "changeToOperatingActivities": 54000, "totalCashFromOperatingActivities": 1172712000, "capitalExpenditures": -3199000, "investments": 127602000, "otherCashflowsFromInvestingActivities": -1000, "totalCashflowsFromInvestingActivities": 124551000, "dividendsPaid": -1216812000, "netBorrowings": -5883000, "otherCashflowsFromFinancingActivities": -2629000, "totalCashFromFinancingActivities": -1225324000, "changeInCash": 71940000}, {"maxAge": 1, "endDate": "2019-03-31", "netIncome": 1337788000, "depreciation": 891000, "changeToNetincome": -403432000, "changeToAccountReceivables": -39446000, "changeToLiabilities": 1729000, "changeToOperatingActivities": 20257000, "totalCashFromOperatingActivities": 917824000, "capitalExpenditures": -516000, "investments": 4963502000, "otherCashflowsFromInvestingActivities": -1000, "totalCashflowsFromInvestingActivities": 4962986000, "dividendsPaid": -1307745000, "netBorrowings": -5883000, "otherCashflowsFromFinancingActivities": -34661000, "totalCashFromFinancingActivities": -5842406000, "changeInCash": 38404000, "repurchaseOfStock": -4500000000}, {"maxAge": 1, "endDate": "2018-03-31", "netIncome": 1310701000, "depreciation": 1061000, "changeToNetincome": -603032000, "changeToAccountReceivables": -1413000, "changeToLiabilities": -10558000, "changeToOperatingActivities": -27271000, "totalCashFromOperatingActivities": 669555000, "capitalExpenditures": -1104000, "investments": 407633000, "otherCashflowsFromInvestingActivities": -1000, "totalCashflowsFromInvestingActivities": 406482000, "dividendsPaid": -1194234000, "netBorrowings": -5883000, "otherCashflowsFromFinancingActivities": -34661000, "totalCashFromFinancingActivities": -1194234000, "changeInCash": -118197000, "repurchaseOfStock": -4500000000}], "maxAge": 86400}, "institutionOwnership": {"maxAge": 1, "ownershipList": []}, "majorHoldersBreakdown": {"maxAge": 1, "insidersPercentHeld": 0.73773, "institutionsPercentHeld": 0.01658, "institutionsFloatPercentHeld": 0.06322, "institutionsCount": 12}, "balanceSheetHistoryQuarterly": {"balanceSheetStatements": [{"maxAge": 1, "endDate": "2021-03-31", "cash": 219300000, "shortTermInvestments": 148378600000, "netReceivables": 300000, "totalCurrentAssets": 148598200000, "propertyPlantEquipment": 5500000, "goodWill": 134400000, "intangibleAssets": 900000, "otherAssets": 123500000, "totalAssets": 148862500000, "accountsPayable": 53500000, "otherCurrentLiab": 64600000, "otherLiab": 6333000000, "minorityInterest": 18800000, "totalCurrentLiabilities": 121000000, "totalLiab": 6454000000, "commonStock": 506000000, "treasuryStock": 141883700000, "otherStockholderEquity": 141883700000, "totalStockholderEquity": 142389700000, "netTangibleAssets": 142254400000}, {"maxAge": 1, "endDate": "2020-12-31", "totalStockholderEquity": 106383700000, "netTangibleAssets": 106249300000}, {"maxAge": 1, "endDate": "2020-09-30", "cash": 224300000, "shortTermInvestments": 109073100000, "netReceivables": 5100000, "otherCurrentAssets": 52000000, "totalCurrentAssets": 109354500000, "propertyPlantEquipment": 9200000, "goodWill": 134400000, "otherAssets": 131200000, "totalAssets": 109629300000, "accountsPayable": 38000000, "otherCurrentLiab": 55200000, "otherLiab": 3137700000, "minorityInterest": 14500000, "totalCurrentLiabilities": 93400000, "totalLiab": 3231100000, "commonStock": 506000000, "treasuryStock": 105877700000, "otherStockholderEquity": 105877700000, "totalStockholderEquity": 106383700000, "netTangibleAssets": 106249300000}, {"maxAge": 1, "endDate": "2020-06-30", "totalStockholderEquity": 80571220000, "netTangibleAssets": 80436766000}], "maxAge": 86400}, "indexTrend": {"maxAge": 1, "symbol": "SP5", "peRatio": 19.7411, "pegRatio": 1.34172, "estimates": [{"period": "0q", "growth": 0.549}, {"period": "+1q", "growth": 0.431}, {"period": "0y", "growth": 0.305}, {"period": "+1y", "growth": 0.109}, {"period": "+5y", "growth": 0.120865}, {"period": "-5y"}]}, "defaultKeyStatistics": {"maxAge": 1, "priceHint": 2, "enterpriseValue": -96123674624, "profitMargins": 0.94316, "floatShares": 10306200, "sharesOutstanding": 50595300, "heldPercentInsiders": 0.73773, "heldPercentInstitutions": 0.01658, "category": null, "bookValue": 2826.462, "priceToBook": 0.3629449, "fundFamily": null, "legalType": null, "lastFiscalYearEnd": "2021-03-31 05:30:00", "nextFiscalYearEnd": "2023-03-31 05:30:00", "mostRecentQuarter": "2021-03-31 05:30:00", "netIncomeToCommon": 1539900032, "trailingEps": 30.44, "lastSplitFactor": "3:2", "lastSplitDate": "2005-08-22 05:30:00", "enterpriseToRevenue": -58.874, "enterpriseToEbitda": -64.979, "52WeekChange": 0.44303, "SandP52WeekChange": 0.48148263, "lastDividendValue": 18.0, "lastDividendDate": 1593561600}, "summaryProfile": {"address1": "Elphinstone Building", "address2": "2nd Floor 10, Veer Nariman Road", "city": "Mumbai", "zip": "400001", "country": "India", "phone": "91 22 6665 8282", "fax": "91 22 6665 7917", "website": "http://www.tatainvestment.com", "industry": "Capital Markets", "sector": "Financial Services", "longBusinessSummary": "Tata Investment Corporation Limited is a publicly owned investment manager. The firm operates as an investment company in India. Its activities primarily include investing in long-term investments in equity shares, equity-related securities and other securities of companies in a range of industries. The company also distributes mutual funds and other investment related securities. Tata Investment Corporation was founded in 1937. Tata Investment Corporation Limited was formerly known as The Investment Corporation of India Limited. Tata Investment Corporation Limited is based in Mumbai, India.", "companyOfficers": [], "maxAge": 86400}, "netSharePurchaseActivity": {"maxAge": 1, "period": "6m", "buyInfoCount": 0, "buyInfoShares": 0, "sellInfoCount": 0, "netInfoCount": 0, "netInfoShares": 0, "netPercentInsiderShares": 0.0, "totalInsiderShares": 37164892}, "quoteType": {"exchange": "NSI", "quoteType": "EQUITY", "symbol": "TATAINVEST.NS", "underlyingSymbol": "TATAINVEST.NS", "shortName": "TATA INVESTMENT", "longName": "Tata Investment Corporation Limited", "firstTradeDateEpochUtc": "1996-01-01 09:15:00", "timeZoneFullName": "Asia/Kolkata", "timeZoneShortName": "IST", "uuid": "717cb467-b365-38d1-a33f-1ec5b2a598cb", "messageBoardId": "finmb_878791", "gmtOffSetMilliseconds": 19800000, "maxAge": 1}, "incomeStatementHistory": {"incomeStatementHistory": [{"maxAge": 1, "endDate": "2021-03-31", "totalRevenue": 1632700000, "costOfRevenue": 0, "grossProfit": 1632700000, "researchDevelopment": {}, "sellingGeneralAdministrative": 105400000, "nonRecurring": {}, "otherOperatingExpenses": 48000000, "totalOperatingExpenses": 161700000, "operatingIncome": 1471000000, "totalOtherIncomeExpenseNet": 203200000, "ebit": 1471000000, "interestExpense": -900000, "incomeBeforeTax": 1674200000, "incomeTaxExpense": 127900000, "minorityInterest": 18800000, "netIncomeFromContinuingOps": 1546300000, "discontinuedOperations": {}, "extraordinaryItems": {}, "effectOfAccountingCharges": {}, "otherItems": {}, "netIncome": 1539900000, "netIncomeApplicableToCommonShares": 1539900000}, {"maxAge": 1, "endDate": "2020-03-31", "totalRevenue": 1439709000, "costOfRevenue": 238000, "grossProfit": 1439471000, "researchDevelopment": {}, "sellingGeneralAdministrative": 109189000, "nonRecurring": {}, "otherOperatingExpenses": 85388000, "totalOperatingExpenses": 202287000, "operatingIncome": 1237422000, "totalOtherIncomeExpenseNet": -229841000, "ebit": 1237422000, "interestExpense": -2629000, "incomeBeforeTax": 1007581000, "incomeTaxExpense": 106686000, "minorityInterest": 11952000, "netIncomeFromContinuingOps": 900895000, "discontinuedOperations": {}, "extraordinaryItems": {}, "effectOfAccountingCharges": {}, "otherItems": {}, "netIncome": 905310000, "netIncomeApplicableToCommonShares": 905310000}, {"maxAge": 1, "endDate": "2019-03-31", "totalRevenue": 1771483000, "costOfRevenue": 332000, "grossProfit": 1771151000, "researchDevelopment": {}, "sellingGeneralAdministrative": 127684000, "nonRecurring": {}, "otherOperatingExpenses": 84112000, "totalOperatingExpenses": 213072000, "operatingIncome": 1558411000, "totalOtherIncomeExpenseNet": -89018000, "ebit": 1558411000, "interestExpense": -2629000, "incomeBeforeTax": 1469393000, "incomeTaxExpense": 131190000, "minorityInterest": 13195000, "netIncomeFromContinuingOps": 1338203000, "discontinuedOperations": {}, "extraordinaryItems": {}, "effectOfAccountingCharges": {}, "otherItems": {}, "netIncome": 1337788000, "netIncomeApplicableToCommonShares": 1337788000}, {"maxAge": 1, "endDate": "2018-03-31", "totalRevenue": 1577811000, "costOfRevenue": 283000, "grossProfit": 1577528000, "researchDevelopment": {}, "sellingGeneralAdministrative": 115004000, "nonRecurring": {}, "otherOperatingExpenses": 76031000, "totalOperatingExpenses": 192446000, "operatingIncome": 1385365000, "totalOtherIncomeExpenseNet": 83986000, "ebit": 1385365000, "interestExpense": -62000, "incomeBeforeTax": 1469351000, "incomeTaxExpense": 158104000, "minorityInterest": 14005000, "netIncomeFromContinuingOps": 1311247000, "discontinuedOperations": {}, "extraordinaryItems": {}, "effectOfAccountingCharges": {}, "otherItems": {}, "netIncome": 1310701000, "netIncomeApplicableToCommonShares": 1310701000}], "maxAge": 86400}, "fundOwnership": {"maxAge": 1, "ownershipList": [{"maxAge": 1, "reportDate": "2021-02-28", "organization": "Templeton Emerging Markets Fund", "pctHeld": 0.0023999999, "position": 122221, "value": 135634754}, {"maxAge": 1, "reportDate": "2021-03-31", "organization": "iShares MSCI India Small Cap ETF", "pctHeld": 0.0005, "position": 23562, "value": 24398451}, {"maxAge": 1, "reportDate": "2020-12-31", "organization": "College Retirement Equities Fund-Stock Account", "pctHeld": 0.0002, "position": 10236, "value": 10238559}, {"maxAge": 1, "reportDate": "2020-12-31", "organization": "Segall Bryant & Hamill Emerging Markets Fd", "pctHeld": 0.0001, "position": 4663, "value": 4664165}]}, "summaryDetail": {"maxAge": 1, "priceHint": 2, "previousClose": 1041.25, "open": 1041.25, "dayLow": 1020.35, "dayHigh": 1062.75, "regularMarketPreviousClose": 1041.25, "regularMarketOpen": 1041.25, "regularMarketDayLow": 1020.35, "regularMarketDayHigh": 1062.75, "dividendRate": 18.0, "dividendYield": 0.0173, "exDividendDate": "2020-07-01 05:30:00", "payoutRatio": 0.79160005, "trailingPE": 33.70072, "volume": 106811, "regularMarketVolume": 106811, "averageVolume": 34319, "averageVolume10days": 34763, "averageDailyVolume10Day": 34763, "bid": 0.0, "ask": 0.0, "bidSize": 0, "askSize": 0, "marketCap": 51903188992, "fiftyTwoWeekLow": 658.45, "fiftyTwoWeekHigh": 1163.85, "priceToSalesTrailing12Months": 31.78979, "fiftyDayAverage": 1031.9897, "twoHundredDayAverage": 1002.2398, "trailingAnnualDividendRate": 18.0, "trailingAnnualDividendYield": 0.017286915, "currency": "INR", "fromCurrency": null, "toCurrency": null, "lastMarket": null, "algorithm": null, "tradeable": false}, "incomeStatementHistoryQuarterly": {"incomeStatementHistory": [{"maxAge": 1, "endDate": "2021-03-31", "totalRevenue": 309400000, "costOfRevenue": 0, "grossProfit": 309400000, "researchDevelopment": {}, "sellingGeneralAdministrative": 26500000, "nonRecurring": {}, "otherOperatingExpenses": 11300000, "totalOperatingExpenses": 39900000, "operatingIncome": 269500000, "totalOtherIncomeExpenseNet": -201300000, "ebit": 269500000, "interestExpense": -200000, "incomeBeforeTax": 68200000, "incomeTaxExpense": 40200000, "minorityInterest": 18800000, "netIncomeFromContinuingOps": 28000000, "discontinuedOperations": {}, "extraordinaryItems": {}, "effectOfAccountingCharges": {}, "otherItems": {}, "netIncome": 26700000, "netIncomeApplicableToCommonShares": 26700000}, {"maxAge": 1, "endDate": "2020-12-31", "totalRevenue": 270000000, "costOfRevenue": 0, "grossProfit": 270000000, "researchDevelopment": {}, "sellingGeneralAdministrative": 26300000, "nonRecurring": {}, "otherOperatingExpenses": 11300000, "totalOperatingExpenses": 39800000, "operatingIncome": 230200000, "totalOtherIncomeExpenseNet": 76800000, "ebit": 230200000, "interestExpense": -300000, "incomeBeforeTax": 307000000, "incomeTaxExpense": 28900000, "minorityInterest": 18800000, "netIncomeFromContinuingOps": 278100000, "discontinuedOperations": {}, "extraordinaryItems": {}, "effectOfAccountingCharges": {}, "otherItems": {}, "netIncome": 275300000, "netIncomeApplicableToCommonShares": 275300000}, {"maxAge": 1, "endDate": "2020-09-30", "totalRevenue": 749400000, "costOfRevenue": 0, "grossProfit": 749400000, "researchDevelopment": {}, "sellingGeneralAdministrative": 26400000, "nonRecurring": {}, "otherOperatingExpenses": 14800000, "totalOperatingExpenses": 43200000, "operatingIncome": 706200000, "totalOtherIncomeExpenseNet": 376500000, "ebit": 706200000, "interestExpense": -6300000, "incomeBeforeTax": 1082700000, "incomeTaxExpense": 26500000, "minorityInterest": 14500000, "netIncomeFromContinuingOps": 1056200000, "discontinuedOperations": {}, "extraordinaryItems": {}, "effectOfAccountingCharges": {}, "otherItems": {}, "netIncome": 1056100000, "netIncomeApplicableToCommonShares": 1056100000}, {"maxAge": 1, "endDate": "2020-06-30", "totalRevenue": 310000000, "costOfRevenue": 0, "grossProfit": 310000000, "researchDevelopment": {}, "sellingGeneralAdministrative": 26200000, "nonRecurring": {}, "otherOperatingExpenses": 10600000, "totalOperatingExpenses": 38800000, "operatingIncome": 271200000, "totalOtherIncomeExpenseNet": -54900000, "ebit": 271200000, "interestExpense": -200000, "incomeBeforeTax": 216300000, "incomeTaxExpense": 32300000, "minorityInterest": 14500000, "netIncomeFromContinuingOps": 184000000, "discontinuedOperations": {}, "extraordinaryItems": {}, "effectOfAccountingCharges": {}, "otherItems": {}, "netIncome": 181800000, "netIncomeApplicableToCommonShares": 181800000}], "maxAge": 86400}, "cashflowStatementHistoryQuarterly": {"cashflowStatements": [{"maxAge": 1, "endDate": "2021-03-31", "netIncome": 26700000, "changeToLiabilities": 0}, {"maxAge": 1, "endDate": "2020-12-31", "netIncome": 275300000, "changeToLiabilities": 0}, {"maxAge": 1, "endDate": "2020-09-30", "netIncome": 1056100000, "changeToLiabilities": 0}, {"maxAge": 1, "endDate": "2020-06-30", "netIncome": 181800000, "changeToLiabilities": 0}], "maxAge": 86400}, "insiderHolders": {"holders": [], "maxAge": 1}, "calendarEvents": {"maxAge": 1, "earnings": {"earningsDate": []}, "exDividendDate": "2020-07-01 05:30:00"}, "price": {"maxAge": 1, "regularMarketChangePercent": -0.01478994, "regularMarketChange": -15.400024, "regularMarketTime": "2021-04-30 15:30:00", "priceHint": 2, "regularMarketPrice": 1025.85, "regularMarketDayHigh": 1062.75, "regularMarketDayLow": 1020.35, "regularMarketVolume": 106811, "averageDailyVolume10Day": 34763, "averageDailyVolume3Month": 34319, "regularMarketPreviousClose": 1041.25, "regularMarketSource": "FREE_REALTIME", "regularMarketOpen": 1041.25, "exchange": "NSI", "exchangeName": "NSE", "exchangeDataDelayedBy": 15, "marketState": "CLOSED", "quoteType": "EQUITY", "symbol": "TATAINVEST.NS", "underlyingSymbol": null, "shortName": "TATA INVESTMENT", "longName": "Tata Investment Corporation Limited", "currency": "INR", "quoteSourceName": "Delayed Quote", "currencySymbol": "\u20b9", "fromCurrency": null, "toCurrency": null, "lastMarket": null, "marketCap": 51903188992}, "balanceSheetHistory": {"balanceSheetStatements": [{"maxAge": 1, "endDate": "2021-03-31", "cash": 219300000, "shortTermInvestments": 148378600000, "netReceivables": 300000, "totalCurrentAssets": 148598200000, "propertyPlantEquipment": 5500000, "goodWill": 134400000, "intangibleAssets": 900000, "otherAssets": 123500000, "totalAssets": 148862500000, "accountsPayable": 53500000, "otherCurrentLiab": 64600000, "otherLiab": 6333000000, "minorityInterest": 18800000, "totalCurrentLiabilities": 121000000, "totalLiab": 6454000000, "commonStock": 506000000, "treasuryStock": 141883700000, "otherStockholderEquity": 141883700000, "totalStockholderEquity": 142389700000, "netTangibleAssets": 142254400000}, {"maxAge": 1, "endDate": "2020-03-31", "cash": 97254000, "shortTermInvestments": 1088350000, "netReceivables": 10519000, "otherCurrentAssets": 166780000, "totalCurrentAssets": 81550753000, "propertyPlantEquipment": 12926000, "goodWill": 134416000, "intangibleAssets": 38000, "otherAssets": 96630000, "totalAssets": 81794763000, "otherCurrentLiab": 59927000, "otherLiab": 1090201000, "minorityInterest": 11952000, "totalCurrentLiabilities": 118669000, "totalLiab": 1211591000, "commonStock": 505953000, "retainedEarnings": 20682492000, "treasuryStock": 56332569000, "capitalSurplus": 3050206000, "otherStockholderEquity": 56332569000, "totalStockholderEquity": 80571220000, "netTangibleAssets": 80436766000}, {"maxAge": 1, "endDate": "2019-03-31", "cash": 28408000, "shortTermInvestments": 1246536000, "netReceivables": 45465000, "otherCurrentAssets": 168707000, "totalCurrentAssets": 94562747000, "propertyPlantEquipment": 1426000, "goodWill": 134416000, "intangibleAssets": 20000, "otherAssets": 83152000, "totalAssets": 94781761000, "otherCurrentLiab": 46623000, "otherLiab": 15418460000, "minorityInterest": 13195000, "totalCurrentLiabilities": 108204000, "totalLiab": 15526664000, "commonStock": 505953000, "retainedEarnings": 19368575000, "treasuryStock": 56317168000, "capitalSurplus": 3050206000, "otherStockholderEquity": 56317168000, "totalStockholderEquity": 79241902000, "netTangibleAssets": 79107466000}, {"maxAge": 1, "endDate": "2018-03-31", "cash": 10665000, "shortTermInvestments": 1375260000, "netReceivables": 142041000, "otherCurrentAssets": 132181000, "totalCurrentAssets": 98442222000, "propertyPlantEquipment": 1815000, "goodWill": 134416000, "intangibleAssets": 73000, "otherAssets": 82182000, "totalAssets": 98660708000, "otherCurrentLiab": 26806000, "otherLiab": 15540882000, "minorityInterest": 14005000, "totalCurrentLiabilities": 86319000, "totalLiab": 15627201000, "commonStock": 550953000, "retainedEarnings": 18185006000, "treasuryStock": 56733337000, "capitalSurplus": 7550206000, "otherStockholderEquity": 56733337000, "totalStockholderEquity": 83019502000, "netTangibleAssets": 82885013000}], "maxAge": 86400}, "financialData": {"maxAge": 86400, "currentPrice": 1025.85, "recommendationKey": "none", "totalCash": 148597899264, "totalCashPerShare": 2949.696, "ebitda": 1479299968, "totalDebt": 0, "quickRatio": 1228.082, "currentRatio": 1228.084, "totalRevenue": 1632700032, "revenuePerShare": 32.274, "returnOnAssets": 0.00797, "returnOnEquity": 0.01387, "grossProfits": 1632700000, "freeCashflow": 1112168448, "operatingCashflow": 858700032, "revenueGrowth": 1.451, "grossMargins": 1.0, "ebitdaMargins": 0.90605, "operatingMargins": 0.90096, "profitMargins": 0.94316, "financialCurrency": "INR"}}}