{"TATASTEEL.NS": {"assetProfile": {"address1": "Bombay House", "address2": "24, Homi Mody Street Fort", "city": "Mumbai", "zip": "400001", "country": "India", "phone": "91 22 6665 8282", "fax": "91 22 6665 7724", "website": "http://www.tatasteel.com", "industry": "Steel", "sector": "Basic Materials", "longBusinessSummary": "Tata Steel Limited manufactures and distributes steel products in India and internationally. It operates in Tata Steel India, Bamnipal Steel (including Tata Steel BSL), Other Indian Operations, Tata Steel Europe, Other Trade Related Operations, and Rest of the World segments. The company offers hot-rolled (HR) and cold-rolled (CR) coated steel coils and sheets, precision tubes, tire bead wires, spring wires, and bearings, as well as auto ancillaries for the automotive market; and bearings, galvanized iron wires, agriculture and garden tools, and conveyance tubes, as well as fencing, farming, and irrigation equipment for the agriculture market. It also provides rebars, steel doors and windows, roofing sheets, plumbing pipes, tubes, prefabricated houses, water kiosks, modular toilets, office cabins, rooftop houses, EV charging stations, higher Dia rebars and corrosion-resistance steels, cut and bend bars, PC strands, and ground granulated blast furnace slags for individual house builders, corporate and government bodies, infrastructure companies, and housing and commercial customers in the construction market. In addition, the company offers CR, coated, HR, tube, wire rod, ferro chrome and manganese, boiler tube, pipes, ferroshot, blast furnace slag, and metallic products for use in panels and appliances, fabrication and capital goods, furniture, LPG, and welding applications, as well as the process industries, such as cement, power, and steel in the industrial and general engineering markets. Tata Steel Limited was founded in 1907 and is based in Mumbai, India.", "fullTimeEmployees": 65000, "companyOfficers": [{"maxAge": 1, "name": "Mr. Thachat Viswanath Narendran", "age": 55, "title": "CEO, MD & Director", "yearBorn": 1965, "fiscalYear": 2020, "totalPay": 112201000, "exercisedValue": 0, "unexercisedValue": 0}, {"maxAge": 1, "name": "Mr. Koushik  Chatterjee", "age": 52, "title": "CFO & Exec. Director", "yearBorn": 1968, "fiscalYear": 2020, "totalPay": 102495000, "exercisedValue": 0, "unexercisedValue": 0}, {"maxAge": 1, "name": "Dr. Sudhakar Ramamoorthy Marur", "age": 57, "title": "Chief Technology Officer", "yearBorn": 1963, "exercisedValue": 0, "unexercisedValue": 0}, {"maxAge": 1, "name": "Jayanta  Banerjee", "age": 53, "title": "Chief Information Officer", "yearBorn": 1967, "exercisedValue": 0, "unexercisedValue": 0}, {"maxAge": 1, "name": "Mr. Parvatheesam  Kanchinadham", "age": 44, "title": "Company Sec. & Chief Legal Officer (Corp. & Compliance)", "yearBorn": 1976, "fiscalYear": 2020, "totalPay": 25662000, "exercisedValue": 0, "unexercisedValue": 0}, {"maxAge": 1, "name": "Mr. Sudhansu  Pathak", "age": 59, "title": "VP of Steel Manufacturing", "yearBorn": 1961, "exercisedValue": 0, "unexercisedValue": 0}, {"maxAge": 1, "name": "Mr. Rajesh Ranjan Jha", "age": 51, "title": "VP of Engineering & Projects", "yearBorn": 1969, "exercisedValue": 0, "unexercisedValue": 0}, {"maxAge": 1, "name": "Sanjiv  Paul", "age": 56, "title": "VP of Safety, Health & Sustainability", "yearBorn": 1964, "exercisedValue": 0, "unexercisedValue": 0}, {"maxAge": 1, "name": "Ms. Samita  Shah", "age": 49, "title": "Group Head of Corp. Fin. & Risk Management", "yearBorn": 1971, "exercisedValue": 0, "unexercisedValue": 0}, {"maxAge": 1, "name": "Mr. Ritu Raj Sinha", "age": 51, "title": "Chief of Corp. Admin.", "yearBorn": 1969, "exercisedValue": 0, "unexercisedValue": 0}], "auditRisk": 2, "boardRisk": 4, "compensationRisk": 1, "shareHolderRightsRisk": 5, "overallRisk": 3, "governanceEpochDate": "2021-04-01 05:30:00", "compensationAsOfEpochDate": "2020-12-31 05:30:00", "maxAge": 86400}, "cashflowStatementHistory": {"cashflowStatements": [{"maxAge": 1, "endDate": "2020-03-31", "netIncome": 15565400000, "depreciation": 84407300000, "changeToNetincome": 59752500000, "changeToLiabilities": 0, "changeToInventory": 15619400000, "changeToOperatingActivities": 26342600000, "totalCashFromOperatingActivities": 201687200000, "capitalExpenditures": -103980000000, "investments": -8449500000, "otherCashflowsFromInvestingActivities": 3729500000, "totalCashflowsFromInvestingActivities": -145303500000, "dividendsPaid": -17538900000, "netBorrowings": 76073100000, "otherCashflowsFromFinancingActivities": -75480400000, "totalCashFromFinancingActivities": -16946200000, "effectOfExchangeRate": 5182900000, "changeInCash": 44620400000}, {"maxAge": 1, "endDate": "2019-03-31", "netIncome": 102183300000, "depreciation": 73418300000, "changeToNetincome": 51852800000, "changeToLiabilities": 0, "changeToInventory": -10687100000, "changeToOperatingActivities": 36592200000, "totalCashFromOperatingActivities": 253359500000, "capitalExpenditures": -90910000000, "investments": 134839300000, "otherCashflowsFromInvestingActivities": 3237700000, "totalCashflowsFromInvestingActivities": -292109300000, "dividendsPaid": -14101500000, "netBorrowings": 79906400000, "otherCashflowsFromFinancingActivities": -72531900000, "totalCashFromFinancingActivities": -6727000000, "effectOfExchangeRate": 344800000, "changeInCash": -45132000000}, {"maxAge": 1, "endDate": "2018-03-31", "netIncome": 134343300000, "depreciation": 57417000000, "changeToNetincome": -96109800000, "changeToLiabilities": 0, "changeToInventory": -15954300000, "changeToOperatingActivities": -76801000000, "totalCashFromOperatingActivities": 80233900000, "capitalExpenditures": -74785000000, "investments": -48273400000, "otherCashflowsFromInvestingActivities": 3656000000, "totalCashflowsFromInvestingActivities": -120256300000, "dividendsPaid": -12494500000, "netBorrowings": 42252300000, "otherCashflowsFromFinancingActivities": -54230700000, "totalCashFromFinancingActivities": 66399400000, "effectOfExchangeRate": 2953200000, "changeInCash": 29330200000, "issuanceOfStock": 90872300000}, {"maxAge": 1, "endDate": "2017-03-31", "netIncome": -42408000000, "depreciation": 56728800000, "changeToNetincome": 143067000000, "changeToLiabilities": 0, "changeToInventory": -82431700000, "changeToOperatingActivities": 33287500000, "totalCashFromOperatingActivities": 108243600000, "capitalExpenditures": -77156400000, "investments": -7973400000, "otherCashflowsFromInvestingActivities": 2255500000, "totalCashflowsFromInvestingActivities": -90755900000, "dividendsPaid": -10570800000, "netBorrowings": 28822500000, "otherCashflowsFromFinancingActivities": -44045400000, "totalCashFromFinancingActivities": -25793600000, "effectOfExchangeRate": -4140600000, "changeInCash": -12446500000, "issuanceOfStock": 100000}], "maxAge": 86400}, "institutionOwnership": {"maxAge": 1, "ownershipList": []}, "majorHoldersBreakdown": {"maxAge": 1, "insidersPercentHeld": 0.32874, "institutionsPercentHeld": 0.30656, "institutionsFloatPercentHeld": 0.45668998, "institutionsCount": 167}, "balanceSheetHistoryQuarterly": {"balanceSheetStatements": [{"maxAge": 1, "endDate": "2020-12-31", "totalStockholderEquity": 650658100000, "netTangibleAssets": 576972500000}, {"maxAge": 1, "endDate": "2020-09-30", "cash": 97805200000, "shortTermInvestments": 89144500000, "netReceivables": 71949300000, "inventory": 267001800000, "otherCurrentAssets": 63672500000, "totalCurrentAssets": 589573300000, "longTermInvestments": 37123900000, "propertyPlantEquipment": 1461658300000, "goodWill": 41041700000, "intangibleAssets": 32643900000, "otherAssets": 282145900000, "deferredLongTermAssetCharges": 12879500000, "totalAssets": 2444187000000, "accountsPayable": 220105800000, "otherCurrentLiab": 237389300000, "longTermDebt": 1003783800000, "otherLiab": 196110800000, "minorityInterest": 24841200000, "totalCurrentLiabilities": 568793100000, "totalLiab": 1768687700000, "commonStock": 11449500000, "treasuryStock": 639208600000, "otherStockholderEquity": 639208600000, "totalStockholderEquity": 650658100000, "netTangibleAssets": 576972500000}, {"maxAge": 1, "endDate": "2020-06-30", "totalStockholderEquity": 735763000000, "netTangibleAssets": 664525800000}, {"maxAge": 1, "endDate": "2020-03-31", "cash": 75419600000, "shortTermInvestments": 3552300000, "netReceivables": 82777200000, "inventory": 310687200000, "otherCurrentAssets": 80572200000, "totalCurrentAssets": 587327200000, "longTermInvestments": 33785800000, "propertyPlantEquipment": 1469158200000, "goodWill": 40545300000, "intangibleAssets": 30691900000, "otherAssets": 342686100000, "deferredLongTermAssetCharges": 12703300000, "totalAssets": 2504194500000, "accountsPayable": 178172100000, "shortLongTermDebt": 19132100000, "otherCurrentLiab": 104829000000, "longTermDebt": 882084500000, "otherLiab": 184906700000, "deferredLongTermLiab": 79500000, "minorityInterest": 25866000000, "totalCurrentLiabilities": 616609100000, "totalLiab": 1742565500000, "commonStock": 11447500000, "retainedEarnings": 303190400000, "treasuryStock": 143343900000, "capitalSurplus": 277781200000, "otherStockholderEquity": 143343900000, "totalStockholderEquity": 735763000000, "netTangibleAssets": 664525800000}], "maxAge": 86400}, "indexTrend": {"maxAge": 1, "symbol": "SP5", "peRatio": 19.7411, "pegRatio": 1.34172, "estimates": [{"period": "0q", "growth": 0.549}, {"period": "+1q", "growth": 0.431}, {"period": "0y", "growth": 0.305}, {"period": "+1y", "growth": 0.109}, {"period": "+5y", "growth": 0.120865}, {"period": "-5y"}]}, "esgScores": {"maxAge": 86400, "totalEsg": 39.53, "environmentScore": 16.32, "socialScore": 14.37, "governanceScore": 8.84, "ratingYear": 2021, "ratingMonth": 3, "highestControversy": 3.0, "peerCount": 24, "esgPerformance": "OUT_PERF", "peerGroup": "Steel", "relatedControversy": ["Operations Incidents", "Employee Incidents", "Society & Community Incidents"], "peerEsgScorePerformance": {"min": 22.11, "avg": 38.0525, "max": 51.5}, "peerGovernancePerformance": {"min": 5.69, "avg": 9.115, "max": 12.62}, "peerSocialPerformance": {"min": 5.78, "avg": 13.006666666666668, "max": 17.68}, "peerEnvironmentPerformance": {"min": 10.26, "avg": 15.931666666666665, "max": 23.47}, "peerHighestControversyPerformance": {"min": 0.0, "avg": 1.875, "max": 4.0}, "percentile": 84.13, "environmentPercentile": null, "socialPercentile": null, "governancePercentile": null, "adult": false, "alcoholic": false, "animalTesting": false, "catholic": false, "controversialWeapons": false, "smallArms": false, "furLeather": false, "gambling": false, "gmo": false, "militaryContract": false, "nuclear": false, "pesticides": false, "palmOil": false, "coal": true, "tobacco": false}, "defaultKeyStatistics": {"maxAge": 1, "priceHint": 2, "enterpriseValue": 2148332994560, "profitMargins": -0.00471, "floatShares": 751593997, "sharesOutstanding": 1125309952, "heldPercentInsiders": 0.32874, "heldPercentInstitutions": 0.30656, "beta": 1.406121, "impliedSharesOutstanding": 1144749952, "category": null, "bookValue": 549.901, "priceToBook": 1.8803384, "fundFamily": null, "legalType": null, "lastFiscalYearEnd": "2020-03-31 05:30:00", "nextFiscalYearEnd": "2022-03-31 05:30:00", "mostRecentQuarter": "2020-12-31 05:30:00", "netIncomeToCommon": -4440999936, "trailingEps": -6.492, "lastSplitFactor": "3:2", "lastSplitDate": "2004-08-11 05:30:00", "enterpriseToRevenue": 1.594, "enterpriseToEbitda": 10.527, "52WeekChange": 2.7792397, "SandP52WeekChange": 0.48148263, "lastDividendValue": 10.0, "lastDividendDate": 1596672000}, "summaryProfile": {"address1": "Bombay House", "address2": "24, Homi Mody Street Fort", "city": "Mumbai", "zip": "400001", "country": "India", "phone": "91 22 6665 8282", "fax": "91 22 6665 7724", "website": "http://www.tatasteel.com", "industry": "Steel", "sector": "Basic Materials", "longBusinessSummary": "Tata Steel Limited manufactures and distributes steel products in India and internationally. It operates in Tata Steel India, Bamnipal Steel (including Tata Steel BSL), Other Indian Operations, Tata Steel Europe, Other Trade Related Operations, and Rest of the World segments. The company offers hot-rolled (HR) and cold-rolled (CR) coated steel coils and sheets, precision tubes, tire bead wires, spring wires, and bearings, as well as auto ancillaries for the automotive market; and bearings, galvanized iron wires, agriculture and garden tools, and conveyance tubes, as well as fencing, farming, and irrigation equipment for the agriculture market. It also provides rebars, steel doors and windows, roofing sheets, plumbing pipes, tubes, prefabricated houses, water kiosks, modular toilets, office cabins, rooftop houses, EV charging stations, higher Dia rebars and corrosion-resistance steels, cut and bend bars, PC strands, and ground granulated blast furnace slags for individual house builders, corporate and government bodies, infrastructure companies, and housing and commercial customers in the construction market. In addition, the company offers CR, coated, HR, tube, wire rod, ferro chrome and manganese, boiler tube, pipes, ferroshot, blast furnace slag, and metallic products for use in panels and appliances, fabrication and capital goods, furniture, LPG, and welding applications, as well as the process industries, such as cement, power, and steel in the industrial and general engineering markets. Tata Steel Limited was founded in 1907 and is based in Mumbai, India.", "fullTimeEmployees": 65000, "companyOfficers": [], "maxAge": 86400}, "netSharePurchaseActivity": {"maxAge": 1, "period": "6m", "buyInfoCount": 0, "buyInfoShares": 0, "sellInfoCount": 0, "netInfoCount": 0, "netInfoShares": 0, "netPercentInsiderShares": 0.0, "totalInsiderShares": 381489056}, "insiderTransactions": {"transactions": [{"maxAge": 1, "shares": 200000, "value": 828340, "filerUrl": "", "transactionText": "Acquisition at price 4.14 per share.", "filerName": "Chandrasekaran (Natarajan)", "filerRelation": "Director", "moneyText": "", "startDate": "2020-03-16", "ownership": "D"}, {"maxAge": 1, "shares": 1750, "filerUrl": "", "transactionText": "", "filerName": "Malegam (Yezdi)", "filerRelation": "UNREPORTED", "moneyText": "", "startDate": "2013-03-14", "ownership": "D"}, {"maxAge": 1, "shares": 75, "filerUrl": "", "transactionText": "", "filerName": "Tata AIA Life Insurance Company Ltd", "filerRelation": "Promoter", "moneyText": "", "startDate": "2012-03-27", "ownership": "D"}, {"maxAge": 1, "shares": 10900, "filerUrl": "", "transactionText": "", "filerName": "Tata AIA Life Insurance Company Ltd", "filerRelation": "Promoter", "moneyText": "", "startDate": "2012-03-14", "ownership": "D"}, {"maxAge": 1, "shares": 27000, "filerUrl": "", "transactionText": "", "filerName": "Tata AIA Life Insurance Company Ltd", "filerRelation": "Promoter", "moneyText": "", "startDate": "2012-02-14", "ownership": "D"}, {"maxAge": 1, "shares": 18200, "filerUrl": "", "transactionText": "", "filerName": "Tata AIA Life Insurance Company Ltd", "filerRelation": "Promoter", "moneyText": "", "startDate": "2011-12-14", "ownership": "D"}, {"maxAge": 1, "shares": 53500, "filerUrl": "", "transactionText": "", "filerName": "Tata AIA Life Insurance Company Ltd", "filerRelation": "Promoter", "moneyText": "", "startDate": "2011-11-29", "ownership": "D"}, {"maxAge": 1, "shares": 12500, "filerUrl": "", "transactionText": "", "filerName": "Tata AIA Life Insurance Company Ltd", "filerRelation": "Promoter", "moneyText": "", "startDate": "2011-11-28", "ownership": "D"}, {"maxAge": 1, "shares": 24000, "filerUrl": "", "transactionText": "", "filerName": "Tata AIA Life Insurance Company Ltd", "filerRelation": "Promoter", "moneyText": "", "startDate": "2011-11-23", "ownership": "D"}, {"maxAge": 1, "shares": 28225, "filerUrl": "", "transactionText": "", "filerName": "Tata AIA Life Insurance Company Ltd", "filerRelation": "Promoter", "moneyText": "", "startDate": "2011-11-14", "ownership": "D"}, {"maxAge": 1, "shares": 7420, "filerUrl": "", "transactionText": "", "filerName": "Tata AIA Life Insurance Company Ltd", "filerRelation": "Promoter", "moneyText": "", "startDate": "2011-10-12", "ownership": "D"}, {"maxAge": 1, "shares": 200, "filerUrl": "", "transactionText": "", "filerName": "Tata AIA Life Insurance Company Ltd", "filerRelation": "Promoter", "moneyText": "", "startDate": "2011-10-11", "ownership": "D"}, {"maxAge": 1, "shares": 50, "filerUrl": "", "transactionText": "", "filerName": "Tata AIA Life Insurance Company Ltd", "filerRelation": "Promoter", "moneyText": "", "startDate": "2011-09-23", "ownership": "D"}, {"maxAge": 1, "shares": 950, "filerUrl": "", "transactionText": "", "filerName": "Tata AIA Life Insurance Company Ltd", "filerRelation": "Promoter", "moneyText": "", "startDate": "2011-09-14", "ownership": "D"}, {"maxAge": 1, "shares": 500, "filerUrl": "", "transactionText": "", "filerName": "Tata AIA Life Insurance Company Ltd", "filerRelation": "Promoter", "moneyText": "", "startDate": "2011-09-13", "ownership": "D"}, {"maxAge": 1, "shares": 510000, "filerUrl": "", "transactionText": "", "filerName": "Tata Sons Ltd", "filerRelation": "Promoter", "moneyText": "", "startDate": "2011-09-05", "ownership": "D"}, {"maxAge": 1, "shares": 1044000, "filerUrl": "", "transactionText": "", "filerName": "Tata Sons Ltd", "filerRelation": "Promoter", "moneyText": "", "startDate": "2011-08-19", "ownership": "D"}, {"maxAge": 1, "shares": 48600495, "filerUrl": "", "transactionText": "", "filerName": "Tata Sons Ltd", "filerRelation": "Promoter", "moneyText": "", "startDate": "2010-07-23", "ownership": "D"}], "maxAge": 1}, "quoteType": {"exchange": "NSI", "quoteType": "EQUITY", "symbol": "TATASTEEL.NS", "underlyingSymbol": "TATASTEEL.NS", "shortName": "TATA STEEL LTD", "longName": "Tata Steel Limited", "firstTradeDateEpochUtc": "1996-01-01 09:15:00", "timeZoneFullName": "Asia/Kolkata", "timeZoneShortName": "IST", "uuid": "fadf0ed1-ada5-3bab-993c-4f6b06474dd3", "messageBoardId": "finmb_874170", "gmtOffSetMilliseconds": 19800000, "maxAge": 1}, "incomeStatementHistory": {"incomeStatementHistory": [{"maxAge": 1, "endDate": "2020-03-31", "totalRevenue": 1398166500000, "costOfRevenue": 620180800000, "grossProfit": 777985700000, "researchDevelopment": {}, "sellingGeneralAdministrative": 208583700000, "nonRecurring": {}, "otherOperatingExpenses": 401906500000, "totalOperatingExpenses": 1315078300000, "operatingIncome": 83088200000, "totalOtherIncomeExpenseNet": -85405400000, "ebit": 83088200000, "interestExpense": -75334600000, "incomeBeforeTax": -2317200000, "incomeTaxExpense": -25684100000, "minorityInterest": 25866000000, "netIncomeFromContinuingOps": 23366900000, "discontinuedOperations": -11630400000, "extraordinaryItems": {}, "effectOfAccountingCharges": {}, "otherItems": {}, "netIncome": 15565400000, "netIncomeApplicableToCommonShares": 13573600000}, {"maxAge": 1, "endDate": "2019-03-31", "totalRevenue": 1576689900000, "costOfRevenue": 659214400000, "grossProfit": 917475500000, "researchDevelopment": {}, "sellingGeneralAdministrative": 222137800000, "nonRecurring": {}, "otherOperatingExpenses": 393645400000, "totalOperatingExpenses": 1348415900000, "operatingIncome": 228274000000, "totalOtherIncomeExpenseNet": -69216800000, "ebit": 228274000000, "interestExpense": -76601000000, "incomeBeforeTax": 159057200000, "incomeTaxExpense": 67184300000, "minorityInterest": 23644600000, "netIncomeFromContinuingOps": 91872900000, "discontinuedOperations": -651200000, "extraordinaryItems": {}, "effectOfAccountingCharges": {}, "otherItems": {}, "netIncome": 102183300000, "netIncomeApplicableToCommonShares": 100452000000}, {"maxAge": 1, "endDate": "2018-03-31", "totalRevenue": 1241096900000, "costOfRevenue": 510422000000, "grossProfit": 730674900000, "researchDevelopment": {}, "sellingGeneralAdministrative": 193484500000, "nonRecurring": {}, "otherOperatingExpenses": 341252600000, "totalOperatingExpenses": 1102576100000, "operatingIncome": 138520800000, "totalOtherIncomeExpenseNet": 71040100000, "ebit": 138520800000, "interestExpense": -54547400000, "incomeBeforeTax": 209560900000, "incomeTaxExpense": 33923300000, "minorityInterest": 9365200000, "netIncomeFromContinuingOps": 175637600000, "discontinuedOperations": 1790700000, "extraordinaryItems": {}, "effectOfAccountingCharges": {}, "otherItems": {}, "netIncome": 134343300000, "netIncomeApplicableToCommonShares": 132609000000}, {"maxAge": 1, "endDate": "2017-03-31", "totalRevenue": 1174199400000, "costOfRevenue": 439741200000, "grossProfit": 734458200000, "researchDevelopment": {}, "sellingGeneralAdministrative": 196163200000, "nonRecurring": {}, "otherOperatingExpenses": 373982500000, "totalOperatingExpenses": 1066615700000, "operatingIncome": 107583700000, "totalOtherIncomeExpenseNet": -82847400000, "ebit": 107583700000, "interestExpense": -50722000000, "incomeBeforeTax": 24736300000, "incomeTaxExpense": 27780100000, "minorityInterest": 16017000000, "netIncomeFromContinuingOps": -3043800000, "discontinuedOperations": -38641900000, "extraordinaryItems": {}, "effectOfAccountingCharges": {}, "otherItems": {}, "netIncome": -42408000000, "netIncomeApplicableToCommonShares": -44148100000}], "maxAge": 86400}, "fundOwnership": {"maxAge": 1, "ownershipList": [{"maxAge": 1, "reportDate": "2021-01-31", "organization": "Vanguard International Stock Index-Total Intl Stock Indx", "pctHeld": 0.0058, "position": 7004383, "value": 4209634183}, {"maxAge": 1, "reportDate": "2021-01-31", "organization": "Vanguard International Stock Index-Emerging Markets Stk", "pctHeld": 0.0056, "position": 6716062, "value": 4036353262}, {"maxAge": 1, "reportDate": "2021-03-31", "organization": "iShares Core MSCI Emerging Markets ETF", "pctHeld": 0.0049, "position": 5866570, "value": 4762774854}, {"maxAge": 1, "reportDate": "2021-03-31", "organization": "iShares MSCI India ETF", "pctHeld": 0.0039, "position": 4734175, "value": 3843439973}, {"maxAge": 1, "reportDate": "2021-03-31", "organization": "iShares MSCI Emerging Markets ETF", "pctHeld": 0.0022, "position": 2596581, "value": 2108034284}, {"maxAge": 1, "reportDate": "2020-12-31", "organization": "PIMCO Equity Series-PIMCO RAE Emerging Markets Fd", "pctHeld": 0.0017, "position": 2056286, "value": 1323528483}, {"maxAge": 1, "reportDate": "2021-01-31", "organization": "DFA Investment Dimensions-DFA Emerging Mkts Value", "pctHeld": 0.0016, "position": 1930245, "value": 1160077245}, {"maxAge": 1, "reportDate": "2021-01-31", "organization": "DFA Emerging Markets Core Equity Portfolio", "pctHeld": 0.0014, "position": 1704007, "value": 1024108207}, {"maxAge": 1, "reportDate": "2021-01-31", "organization": "Goldman Sachs Emerging Markets Equity Insights Fund", "pctHeld": 0.0011999999, "position": 1422984, "value": 855213384}, {"maxAge": 1, "reportDate": "2021-01-31", "organization": "Vanguard Intl Equity Index Fds-FTSE All World ex U.S. Index Fund", "pctHeld": 0.0007, "position": 897996, "value": 539695596}]}, "summaryDetail": {"maxAge": 1, "priceHint": 2, "previousClose": 1031.35, "open": 1024.0, "dayLow": 1011.1, "dayHigh": 1052.6, "regularMarketPreviousClose": 1031.35, "regularMarketOpen": 1024.0, "regularMarketDayLow": 1011.1, "regularMarketDayHigh": 1052.6, "dividendRate": 10.0, "dividendYield": 0.0097, "exDividendDate": "2020-08-06 05:30:00", "fiveYearAvgDividendYield": 2.22, "beta": 1.406121, "volume": 28117759, "regularMarketVolume": 28117759, "averageVolume": 23267067, "averageVolume10days": 28012989, "averageDailyVolume10Day": 28012989, "bid": 0.0, "ask": 0.0, "bidSize": 0, "askSize": 0, "marketCap": 1183671386112, "fiftyTwoWeekLow": 262.45, "fiftyTwoWeekHigh": 1052.6, "priceToSalesTrailing12Months": 0.8780519, "fiftyDayAverage": 844.57086, "twoHundredDayAverage": 659.5172, "trailingAnnualDividendRate": 10.0, "trailingAnnualDividendYield": 0.00969603, "currency": "INR", "fromCurrency": null, "toCurrency": null, "lastMarket": null, "algorithm": null, "tradeable": false}, "incomeStatementHistoryQuarterly": {"incomeStatementHistory": [{"maxAge": 1, "endDate": "2020-12-31", "totalRevenue": 395940900000, "costOfRevenue": 129122700000, "grossProfit": 266818200000, "researchDevelopment": {}, "sellingGeneralAdministrative": 53147200000, "nonRecurring": {}, "otherOperatingExpenses": 119035500000, "totalOperatingExpenses": 324053000000, "operatingIncome": 71887900000, "totalOtherIncomeExpenseNet": -16280900000, "ebit": 71887900000, "interestExpense": -17778800000, "incomeBeforeTax": 55607000000, "incomeTaxExpense": 15716600000, "minorityInterest": {}, "netIncomeFromContinuingOps": 39890400000, "discontinuedOperations": 191400000, "extraordinaryItems": {}, "effectOfAccountingCharges": {}, "otherItems": {}, "netIncome": 36972200000, "netIncomeApplicableToCommonShares": 36972200000}, {"maxAge": 1, "endDate": "2020-09-30", "totalRevenue": 371539900000, "costOfRevenue": 153244200000, "grossProfit": 218295700000, "researchDevelopment": {}, "sellingGeneralAdministrative": 42482700000, "nonRecurring": {}, "otherOperatingExpenses": 114705200000, "totalOperatingExpenses": 333043400000, "operatingIncome": 38496500000, "totalOtherIncomeExpenseNet": -16013900000, "ebit": 38496500000, "interestExpense": -19402400000, "incomeBeforeTax": 22482600000, "incomeTaxExpense": 6128500000, "minorityInterest": 24841200000, "netIncomeFromContinuingOps": 16354100000, "discontinuedOperations": 191300000, "extraordinaryItems": {}, "effectOfAccountingCharges": {}, "otherItems": {}, "netIncome": 15654100000, "netIncomeApplicableToCommonShares": 15654100000}, {"maxAge": 1, "endDate": "2020-06-30", "totalRevenue": 242885100000, "costOfRevenue": 104005200000, "grossProfit": 138879900000, "researchDevelopment": {}, "sellingGeneralAdministrative": 45455600000, "nonRecurring": {}, "otherOperatingExpenses": 88369200000, "totalOperatingExpenses": 258938200000, "operatingIncome": -16053100000, "totalOtherIncomeExpenseNet": -17323300000, "ebit": -16053100000, "interestExpense": -19982700000, "incomeBeforeTax": -33376400000, "incomeTaxExpense": 12715300000, "minorityInterest": 24841200000, "netIncomeFromContinuingOps": -46091700000, "discontinuedOperations": -429600000, "extraordinaryItems": {}, "effectOfAccountingCharges": {}, "otherItems": {}, "netIncome": -44165600000, "netIncomeApplicableToCommonShares": -44165600000}, {"maxAge": 1, "endDate": "2020-03-31", "totalRevenue": 337699500000, "costOfRevenue": 162985200000, "grossProfit": 174714300000, "researchDevelopment": {}, "sellingGeneralAdministrative": 70597900000, "nonRecurring": {}, "otherOperatingExpenses": 64782900000, "totalOperatingExpenses": 320607200000, "operatingIncome": 17092300000, "totalOtherIncomeExpenseNet": -32086800000, "ebit": 17092300000, "interestExpense": -19250800000, "incomeBeforeTax": -14994500000, "incomeTaxExpense": -2632800000, "minorityInterest": 25866000000, "netIncomeFromContinuingOps": -12361700000, "discontinuedOperations": -3856600000, "extraordinaryItems": {}, "effectOfAccountingCharges": {}, "otherItems": {}, "netIncome": -14813400000, "netIncomeApplicableToCommonShares": -16805200000}], "maxAge": 86400}, "cashflowStatementHistoryQuarterly": {"cashflowStatements": [{"maxAge": 1, "endDate": "2020-12-31", "netIncome": 36972200000, "changeToLiabilities": 0}, {"maxAge": 1, "endDate": "2020-09-30", "netIncome": 15654100000, "changeToLiabilities": 0}, {"maxAge": 1, "endDate": "2020-06-30", "netIncome": -44165600000, "changeToLiabilities": 0}, {"maxAge": 1, "endDate": "2020-03-31", "netIncome": -14813400000, "changeToLiabilities": 0}], "maxAge": 86400}, "insiderHolders": {"holders": [{"maxAge": 1, "name": "Chandrasekaran (Natarajan)", "relation": "Director", "url": "", "transactionDescription": "Acquisition", "latestTransDate": "2020-03-16", "positionDirect": 200000, "positionDirectDate": "2020-03-16"}, {"maxAge": 1, "name": "Malegam (Yezdi)", "relation": "UNREPORTED", "url": "", "transactionDescription": "Acquisition", "latestTransDate": "2013-03-14", "positionDirect": 8000, "positionDirectDate": "2013-03-14"}, {"maxAge": 1, "name": "Tata AIA Life Insurance Company Ltd", "relation": "Promoter", "url": "", "transactionDescription": "Acquisition", "latestTransDate": "2012-03-27", "positionDirect": 2225377, "positionDirectDate": "2012-03-27"}, {"maxAge": 1, "name": "Tata Sons Ltd", "relation": "Promoter", "url": "", "transactionDescription": "Acquisition", "latestTransDate": "2011-09-05", "positionDirect": 274976191, "positionDirectDate": "2011-09-05"}], "maxAge": 1}, "calendarEvents": {"maxAge": 1, "earnings": {"earningsDate": []}, "exDividendDate": "2020-08-06 05:30:00"}, "price": {"maxAge": 1, "regularMarketChangePercent": 0.0025694715, "regularMarketChange": 2.6500244, "regularMarketTime": "2021-04-30 15:30:00", "priceHint": 2, "regularMarketPrice": 1034.0, "regularMarketDayHigh": 1052.6, "regularMarketDayLow": 1011.1, "regularMarketVolume": 28117759, "averageDailyVolume10Day": 28012989, "averageDailyVolume3Month": 23267067, "regularMarketPreviousClose": 1031.35, "regularMarketSource": "FREE_REALTIME", "regularMarketOpen": 1024.0, "exchange": "NSI", "exchangeName": "NSE", "exchangeDataDelayedBy": 15, "marketState": "CLOSED", "quoteType": "EQUITY", "symbol": "TATASTEEL.NS", "underlyingSymbol": null, "shortName": "TATA STEEL LTD", "longName": "Tata Steel Limited", "currency": "INR", "quoteSourceName": "Delayed Quote", "currencySymbol": "\u20b9", "fromCurrency": null, "toCurrency": null, "lastMarket": null, "marketCap": 1183671386112}, "balanceSheetHistory": {"balanceSheetStatements": [{"maxAge": 1, "endDate": "2020-03-31", "cash": 75419600000, "shortTermInvestments": 3552300000, "netReceivables": 82777200000, "inventory": 310687200000, "otherCurrentAssets": 80572200000, "totalCurrentAssets": 587327200000, "longTermInvestments": 33785800000, "propertyPlantEquipment": 1469158200000, "goodWill": 40545300000, "intangibleAssets": 30691900000, "otherAssets": 342686100000, "deferredLongTermAssetCharges": 12703300000, "totalAssets": 2504194500000, "accountsPayable": 178172100000, "shortLongTermDebt": 19132100000, "otherCurrentLiab": 104829000000, "longTermDebt": 882084500000, "otherLiab": 184906700000, "deferredLongTermLiab": 79500000, "minorityInterest": 25866000000, "totalCurrentLiabilities": 616609100000, "totalLiab": 1742565500000, "commonStock": 11447500000, "retainedEarnings": 303190400000, "treasuryStock": 143343900000, "capitalSurplus": 277781200000, "otherStockholderEquity": 143343900000, "totalStockholderEquity": 735763000000, "netTangibleAssets": 664525800000}, {"maxAge": 1, "endDate": "2019-03-31", "cash": 29755300000, "shortTermInvestments": 4372600000, "netReceivables": 122267400000, "inventory": 316561000000, "otherCurrentAssets": 91704900000, "totalCurrentAssets": 589909800000, "longTermInvestments": 36281600000, "propertyPlantEquipment": 1364074800000, "goodWill": 39966200000, "intangibleAssets": 26549200000, "otherAssets": 279042300000, "deferredLongTermAssetCharges": 8089500000, "totalAssets": 2335823900000, "accountsPayable": 172701600000, "shortLongTermDebt": 92769500000, "otherCurrentLiab": 103852300000, "longTermDebt": 768838900000, "otherLiab": 209159900000, "deferredLongTermLiab": 241000000, "minorityInterest": 23644600000, "totalCurrentLiabilities": 610341300000, "totalLiab": 1622928500000, "commonStock": 11447400000, "retainedEarnings": 262457300000, "treasuryStock": 137565200000, "capitalSurplus": 277780900000, "otherStockholderEquity": 137565200000, "totalStockholderEquity": 689250800000, "netTangibleAssets": 622735400000}, {"maxAge": 1, "endDate": "2018-03-31", "cash": 77835000000, "shortTermInvestments": 2651800000, "netReceivables": 127775600000, "inventory": 283310400000, "otherCurrentAssets": 37084400000, "totalCurrentAssets": 677746900000, "longTermInvestments": 30549100000, "propertyPlantEquipment": 1064825800000, "goodWill": 40994500000, "intangibleAssets": 20828000000, "otherAssets": 262635100000, "deferredLongTermAssetCharges": 10358000000, "totalAssets": 2097579400000, "accountsPayable": 160006100000, "shortLongTermDebt": 32206600000, "otherCurrentLiab": 82036700000, "longTermDebt": 699203000000, "otherLiab": 195002900000, "deferredLongTermLiab": 544700000, "minorityInterest": 9365200000, "totalCurrentLiabilities": 556614100000, "totalLiab": 1479508000000, "commonStock": 11447500000, "retainedEarnings": 199915400000, "treasuryStock": 119569300000, "capitalSurplus": 277774000000, "otherStockholderEquity": 119569300000, "totalStockholderEquity": 608706200000, "netTangibleAssets": 546883700000}, {"maxAge": 1, "endDate": "2017-03-31", "cash": 48322900000, "shortTermInvestments": 680900000, "netReceivables": 119069700000, "inventory": 248038200000, "otherCurrentAssets": 36507300000, "totalCurrentAssets": 509350300000, "longTermInvestments": 68262700000, "propertyPlantEquipment": 1023949600000, "goodWill": 34947300000, "intangibleAssets": 18210600000, "otherAssets": 78611900000, "deferredLongTermAssetCharges": 8858700000, "totalAssets": 1733332400000, "accountsPayable": 145432600000, "shortLongTermDebt": 4454900000, "otherCurrentLiab": 77789100000, "longTermDebt": 611954400000, "otherLiab": 195489000000, "deferredLongTermLiab": 799300000, "minorityInterest": 16017000000, "totalCurrentLiabilities": 503410500000, "totalLiab": 1339122200000, "commonStock": 9700400000, "retainedEarnings": 7416200000, "treasuryStock": 172360000000, "capitalSurplus": 188716600000, "otherStockholderEquity": 172360000000, "totalStockholderEquity": 378193200000, "netTangibleAssets": 325035300000}], "maxAge": 86400}, "financialData": {"maxAge": 86400, "currentPrice": 1034.0, "recommendationKey": "none", "totalCash": 186949697536, "totalCashPerShare": 161.1, "ebitda": 204072648704, "totalDebt": 1113602916352, "totalRevenue": 1348065427456, "debtToEquity": 164.856, "revenuePerShare": 1048.781, "grossProfits": 777985700000, "revenueGrowth": 0.115, "grossMargins": 0.59248, "ebitdaMargins": 0.15138, "operatingMargins": 0.082650006, "profitMargins": -0.00471, "financialCurrency": "INR"}}}