{"TATACHEM.NS": {"assetProfile": {"address1": "Bombay House", "address2": "24 Homi Mody Street Fort", "city": "Mumbai", "zip": "400001", "country": "India", "phone": "91 22 6665 8282", "fax": "91 22 6665 8144", "website": "http://www.tatachemicals.com", "industry": "Chemicals", "sector": "Basic Materials", "longBusinessSummary": "Tata Chemicals Limited manufactures, sells, and distributes basic chemistry and specialty products in India, Europe, Africa, the United States, rest of Asia, and internationally. It offers dense and light soda ash; crushed refined soda; Portland and masonry cement under the Tata Shudh brand name; salt; pharmaceutical grade, food grade, and animal feed grade sodium bicarbonate, as well as technical and refined grade sodium bicarbonate; and allied chemicals, such as caustic soda, bromine-based products, and gypsum, as well as marine chemicals and nutrition solutions. In addition, it offers specialty products, including nano zinc oxides for various industrial and cosmetic applications; and silica. Further, the company provides fungicides, insecticides, pesticides, herbicides, plant growth nutrients, crop protection solutions, and seeds, as well as agri-input solutions; and runs farmer connect initiative under the Rallis Kisan Kutumb name. Its products are used in various industrial applications, such as agriculture; animal nutrition; chemicals; construction; food and nutrition; glass; high performance rubber; metals; oral care and cosmetics; paints, inks, and adhesives; pharmaceuticals; safety and environmen; soaps and detergents; textiles and leather; lithium-ion, dry cell, and other batteries; and others. The company was founded in 1927 and is based in Mumbai, India.", "fullTimeEmployees": 4678, "companyOfficers": [{"maxAge": 1, "name": "Mr. Ramakrishnan  Mukundan", "age": 54, "title": "MD, CEO & Exec. Director", "yearBorn": 1966, "fiscalYear": 2020, "totalPay": 66975964, "exercisedValue": 0, "unexercisedValue": 0}, {"maxAge": 1, "name": "Mr. Rajiv M. Chandan M.Com., L.L.B., FCS, P. G.", "age": 55, "title": "Compliance Officer, Gen. Counsel & Company Sec.", "yearBorn": 1965, "fiscalYear": 2020, "totalPay": 16765787, "exercisedValue": 0, "unexercisedValue": 0}, {"maxAge": 1, "name": "Mr. Zarir N. Langrana", "age": 61, "title": "Exec. Director", "yearBorn": 1959, "fiscalYear": 2020, "totalPay": 32266383, "exercisedValue": 0, "unexercisedValue": 0}, {"maxAge": 1, "name": "Mr. Nandakumar S. Tirumalai", "title": "Chief Financial Officer", "exercisedValue": 0, "unexercisedValue": 0}, {"maxAge": 1, "name": "Mr. Rackanchath  Nanda", "age": 57, "title": "Chief HR Officer", "yearBorn": 1963, "exercisedValue": 0, "unexercisedValue": 0}, {"maxAge": 1, "name": "Mr. K. R. Venkatadri", "age": 54, "title": "Chief Innovation & Digital Officer", "yearBorn": 1966, "fiscalYear": 2007, "exercisedValue": 0, "unexercisedValue": 0}, {"maxAge": 1, "name": "Mr. D. K. Sundar", "age": 62, "title": "Chief of Corp. Assurance & Initiatives", "yearBorn": 1958, "fiscalYear": 2007, "exercisedValue": 0, "unexercisedValue": 0}, {"maxAge": 1, "name": "Dr. Avalakki  Uday", "age": 65, "title": "Head of Nutraceuticals", "yearBorn": 1955, "exercisedValue": 0, "unexercisedValue": 0}, {"maxAge": 1, "name": "Ms. Alka  Talwar", "title": "Chief Sustainability & CSR", "exercisedValue": 0, "unexercisedValue": 0}, {"maxAge": 1, "name": "Mr. Richard A. Lobo", "title": "Head of Strategy & Bus. Excellence", "exercisedValue": 0, "unexercisedValue": 0}], "compensationAsOfEpochDate": "2020-12-31 05:30:00", "maxAge": 86400}, "recommendationTrend": {"trend": [{"period": "0m", "strongBuy": 0, "buy": 0, "hold": 0, "sell": 0, "strongSell": 0}, {"period": "-1m", "strongBuy": 0, "buy": 0, "hold": 0, "sell": 0, "strongSell": 0}, {"period": "-2m", "strongBuy": 0, "buy": 0, "hold": 0, "sell": 0, "strongSell": 0}, {"period": "-3m", "strongBuy": 0, "buy": 0, "hold": 0, "sell": 0, "strongSell": 0}], "maxAge": 86400}, "cashflowStatementHistory": {"cashflowStatements": [{"maxAge": 1, "endDate": "2020-03-31", "netIncome": 70063300000, "depreciation": 6643900000, "changeToNetincome": -55787000000, "changeToAccountReceivables": -1909600000, "changeToLiabilities": 1519600000, "changeToInventory": -2750100000, "totalCashFromOperatingActivities": 17800900000, "capitalExpenditures": -11994200000, "investments": 304200000, "otherCashflowsFromInvestingActivities": 1529600000, "totalCashflowsFromInvestingActivities": -23682300000, "dividendsPaid": -3823700000, "netBorrowings": 7351100000, "otherCashflowsFromFinancingActivities": -4820000000, "totalCashFromFinancingActivities": -1292600000, "effectOfExchangeRate": 832800000, "changeInCash": -6341200000}, {"maxAge": 1, "endDate": "2019-03-31", "netIncome": 11559100000, "depreciation": 5685000000, "changeToNetincome": 722900000, "changeToAccountReceivables": 3225700000, "changeToLiabilities": -1253300000, "changeToInventory": -4116100000, "totalCashFromOperatingActivities": 15823300000, "capitalExpenditures": -10823000000, "investments": -14950000000, "otherCashflowsFromInvestingActivities": 7331500000, "totalCashflowsFromInvestingActivities": -19581900000, "dividendsPaid": -6725100000, "netBorrowings": -5761500000, "otherCashflowsFromFinancingActivities": -4631700000, "totalCashFromFinancingActivities": -17118300000, "effectOfExchangeRate": 301400000, "changeInCash": -20575500000}, {"maxAge": 1, "endDate": "2018-03-31", "netIncome": 24330800000, "depreciation": 5180100000, "changeToNetincome": -5128000000, "changeToAccountReceivables": -2513300000, "changeToLiabilities": -1991800000, "changeToInventory": -1186000000, "totalCashFromOperatingActivities": 18691800000, "capitalExpenditures": -7503200000, "investments": 7509800000, "otherCashflowsFromInvestingActivities": 26866000000, "totalCashflowsFromInvestingActivities": 27070100000, "dividendsPaid": -3361800000, "netBorrowings": -12406000000, "otherCashflowsFromFinancingActivities": -5126800000, "totalCashFromFinancingActivities": -20894600000, "effectOfExchangeRate": 77500000, "changeInCash": 24944800000}, {"maxAge": 1, "endDate": "2017-03-31", "netIncome": 9931100000, "depreciation": 5121600000, "changeToNetincome": 8126300000, "changeToAccountReceivables": 11155500000, "changeToLiabilities": -3298900000, "changeToInventory": 4272400000, "totalCashFromOperatingActivities": 35308000000, "capitalExpenditures": -6453000000, "investments": -4137600000, "otherCashflowsFromInvestingActivities": 940100000, "totalCashflowsFromInvestingActivities": -9821400000, "dividendsPaid": -3055600000, "netBorrowings": -14116600000, "otherCashflowsFromFinancingActivities": -6242200000, "totalCashFromFinancingActivities": -23414400000, "effectOfExchangeRate": -24600000, "changeInCash": 2047600000}], "maxAge": 86400}, "indexTrend": {"maxAge": 1, "symbol": "SP5", "peRatio": 19.7411, "pegRatio": 1.34172, "estimates": [{"period": "0q", "growth": 0.549}, {"period": "+1q", "growth": 0.431}, {"period": "0y", "growth": 0.305}, {"period": "+1y", "growth": 0.109}, {"period": "+5y", "growth": 0.120865}, {"period": "-5y"}]}, "defaultKeyStatistics": {"maxAge": 1, "priceHint": 2, "enterpriseValue": 243716423680, "forwardPE": 16.061005, "profitMargins": 0.67052, "floatShares": 156748452, "sharesOutstanding": 254756000, "heldPercentInsiders": 0.38479, "heldPercentInstitutions": 0.28621998, "beta": 1.317496, "category": null, "bookValue": 514.75, "priceToBook": 1.5394852, "fundFamily": null, "legalType": null, "lastFiscalYearEnd": "2020-03-31 05:30:00", "nextFiscalYearEnd": "2022-03-31 05:30:00", "mostRecentQuarter": "2020-12-31 05:30:00", "earningsQuarterlyGrowth": -0.312, "netIncomeToCommon": 4293299968, "trailingEps": 261.623, "forwardEps": 49.34, "pegRatio": 2.27, "lastSplitFactor": "8:5", "lastSplitDate": "1995-10-04 05:30:00", "enterpriseToRevenue": 2.451, "enterpriseToEbitda": 16.266, "52WeekChange": 1.8191035, "SandP52WeekChange": 0.48148263, "lastDividendValue": 11.0, "lastDividendDate": 1592784000}, "industryTrend": {"maxAge": 1, "symbol": null, "estimates": []}, "quoteType": {"exchange": "NSI", "quoteType": "EQUITY", "symbol": "TATACHEM.NS", "underlyingSymbol": "TATACHEM.NS", "shortName": "TATA CHEMICALS", "longName": "Tata Chemicals Limited", "firstTradeDateEpochUtc": "1996-01-01 09:15:00", "timeZoneFullName": "Asia/Kolkata", "timeZoneShortName": "IST", "uuid": "d784a5e3-ed39-3bb4-8cc2-3c18b9f8e7cb", "messageBoardId": "finmb_878472", "gmtOffSetMilliseconds": 19800000, "maxAge": 1}, "incomeStatementHistory": {"incomeStatementHistory": [{"maxAge": 1, "endDate": "2020-03-31", "totalRevenue": 103567500000, "costOfRevenue": 24133800000, "grossProfit": 79433700000, "researchDevelopment": {}, "sellingGeneralAdministrative": 15189800000, "nonRecurring": {}, "otherOperatingExpenses": 44299800000, "totalOperatingExpenses": 90357300000, "operatingIncome": 13210200000, "totalOtherIncomeExpenseNet": -729600000, "ebit": 13210200000, "interestExpense": -2759700000, "incomeBeforeTax": 12480600000, "incomeTaxExpense": 2196500000, "minorityInterest": 7637700000, "netIncomeFromContinuingOps": 10284100000, "discontinuedOperations": 61997400000, "extraordinaryItems": {}, "effectOfAccountingCharges": {}, "otherItems": {}, "netIncome": 70063300000, "netIncomeApplicableToCommonShares": 70063300000}, {"maxAge": 1, "endDate": "2019-03-31", "totalRevenue": 103367200000, "costOfRevenue": 24031500000, "grossProfit": 79335700000, "researchDevelopment": {}, "sellingGeneralAdministrative": 15555700000, "nonRecurring": {}, "otherOperatingExpenses": 45568300000, "totalOperatingExpenses": 90853500000, "operatingIncome": 12513700000, "totalOtherIncomeExpenseNet": 1858900000, "ebit": 12513700000, "interestExpense": -3016400000, "incomeBeforeTax": 14372600000, "incomeTaxExpense": 2744400000, "minorityInterest": 29146700000, "netIncomeFromContinuingOps": 11628200000, "discontinuedOperations": 2240300000, "extraordinaryItems": {}, "effectOfAccountingCharges": {}, "otherItems": {}, "netIncome": 11559100000, "netIncomeApplicableToCommonShares": 11559100000}, {"maxAge": 1, "endDate": "2018-03-31", "totalRevenue": 102696900000, "costOfRevenue": 21111500000, "grossProfit": 81585400000, "researchDevelopment": {}, "sellingGeneralAdministrative": 15842900000, "nonRecurring": {}, "otherOperatingExpenses": 43567800000, "totalOperatingExpenses": 85735000000, "operatingIncome": 16961900000, "totalOtherIncomeExpenseNet": -760600000, "ebit": 16961900000, "interestExpense": -2577400000, "incomeBeforeTax": 16201300000, "incomeTaxExpense": 601300000, "minorityInterest": 27171600000, "netIncomeFromContinuingOps": 15600000000, "discontinuedOperations": -715000000, "extraordinaryItems": {}, "effectOfAccountingCharges": {}, "otherItems": {}, "netIncome": 24330800000, "netIncomeApplicableToCommonShares": 24330800000}, {"maxAge": 1, "endDate": "2017-03-31", "totalRevenue": 103460700000, "costOfRevenue": 24690100000, "grossProfit": 78770600000, "researchDevelopment": {}, "sellingGeneralAdministrative": 16181300000, "nonRecurring": {}, "otherOperatingExpenses": 41377600000, "totalOperatingExpenses": 87395100000, "operatingIncome": 16065600000, "totalOtherIncomeExpenseNet": -1399800000, "ebit": 16065600000, "interestExpense": -3340800000, "incomeBeforeTax": 14665800000, "incomeTaxExpense": 3459500000, "minorityInterest": 26238900000, "netIncomeFromContinuingOps": 11206300000, "discontinuedOperations": 1134700000, "extraordinaryItems": {}, "effectOfAccountingCharges": {}, "otherItems": {}, "netIncome": 9931100000, "netIncomeApplicableToCommonShares": 9931100000}], "maxAge": 86400}, "fundOwnership": {"maxAge": 1, "ownershipList": [{"maxAge": 1, "reportDate": "2021-02-28", "organization": "Delaware Group Global & International Funds-Emerging Markets Fd", "pctHeld": 0.0073, "position": 1866909, "value": 1380579205}, {"maxAge": 1, "reportDate": "2021-03-31", "organization": "iShares Core MSCI Emerging Markets ETF", "pctHeld": 0.0057, "position": 1440560, "value": 1083013008}, {"maxAge": 1, "reportDate": "2021-01-31", "organization": "DFA Emerging Markets Core Equity Portfolio", "pctHeld": 0.0031, "position": 789602, "value": 375297830}, {"maxAge": 1, "reportDate": "2021-01-31", "organization": "DFA Investment Dimensions-DFA Emerging Mkts Value", "pctHeld": 0.003, "position": 761327, "value": 361858723}, {"maxAge": 1, "reportDate": "2021-02-28", "organization": "WisdomTree Tr-WisdomTree Emerging Markets Small Cap Dividend Fund", "pctHeld": 0.0028, "position": 721276, "value": 533383602}, {"maxAge": 1, "reportDate": "2021-02-28", "organization": "GMO Emerging Domestic Opportunities Fund", "pctHeld": 0.0016, "position": 404138, "value": 298860051}, {"maxAge": 1, "reportDate": "2021-01-31", "organization": "DFA Emerging Markets Small Cap Series", "pctHeld": 0.0013, "position": 332551, "value": 158061490}, {"maxAge": 1, "reportDate": "2021-03-31", "organization": "iShares MSCI India Small Cap ETF", "pctHeld": 0.0011999999, "position": 309182, "value": 232443027}, {"maxAge": 1, "reportDate": "2021-03-31", "organization": "iShares Core MSCI Total International Stock ETF", "pctHeld": 0.0011999999, "position": 305488, "value": 229665878}, {"maxAge": 1, "reportDate": "2020-12-31", "organization": "Allianz Fds-AllianzGI Emerging Markets Opportunities Fd", "pctHeld": 0.00059999997, "position": 162766, "value": 77704488}]}, "summaryDetail": {"maxAge": 1, "priceHint": 2, "previousClose": 763.25, "open": 758.25, "dayLow": 750.35, "dayHigh": 797.0, "regularMarketPreviousClose": 763.25, "regularMarketOpen": 758.25, "regularMarketDayLow": 750.35, "regularMarketDayHigh": 797.0, "dividendRate": 11.0, "dividendYield": 0.014400001, "exDividendDate": "2020-06-22 05:30:00", "payoutRatio": 0.65279996, "fiveYearAvgDividendYield": 2.1, "beta": 1.317496, "trailingPE": 3.028977, "forwardPE": 16.061005, "volume": 9207545, "regularMarketVolume": 9207545, "averageVolume": 7578744, "averageVolume10days": 4982855, "averageDailyVolume10Day": 4982855, "bid": 0.0, "ask": 0.0, "bidSize": 0, "askSize": 0, "marketCap": 201829089280, "fiftyTwoWeekLow": 272.2, "fiftyTwoWeekHigh": 833.95, "priceToSalesTrailing12Months": 2.0301306, "fiftyDayAverage": 759.0722, "twoHundredDayAverage": 549.08344, "trailingAnnualDividendRate": 11.0, "trailingAnnualDividendYield": 0.014412054, "currency": "INR", "fromCurrency": null, "toCurrency": null, "lastMarket": null, "algorithm": null, "tradeable": false}, "insiderHolders": {"holders": [{"maxAge": 1, "name": "ICICI Prudential Mutual Fund", "relation": "Promoter", "url": "", "transactionDescription": "Sale", "latestTransDate": "2021-03-04", "positionDirect": 7771360, "positionDirectDate": "2021-03-04"}, {"maxAge": 1, "name": "JRD Tata Trust", "relation": "Institution- Corporation", "url": "", "transactionDescription": "Sale", "latestTransDate": "2012-02-27", "positionDirect": 32050, "positionDirectDate": "2012-02-27"}, {"maxAge": 1, "name": "Life Insurance Corporation of India", "relation": "Institution- Corporation", "url": "", "transactionDescription": "Sale", "latestTransDate": "2014-10-31", "positionDirect": 10500905, "positionDirectDate": "2014-10-31"}, {"maxAge": 1, "name": "Mistry (CyrusP)", "relation": "Chairman of the Board", "url": "", "transactionDescription": "Acquisition", "latestTransDate": "2014-06-03", "positionDirect": 16000, "positionDirectDate": "2014-06-03"}, {"maxAge": 1, "name": "TATA AIG General Insurance Co Ltd", "relation": "Promoter", "url": "", "transactionDescription": "Sale", "latestTransDate": "2012-02-28", "positionDirect": 0, "positionDirectDate": "2012-02-28"}], "maxAge": 1}, "calendarEvents": {"maxAge": 1, "earnings": {"earningsDate": [], "earningsAverage": 11.0, "earningsLow": 11.0, "earningsHigh": 11.0, "revenueAverage": 26573000000, "revenueLow": 26573000000, "revenueHigh": 26573000000}, "exDividendDate": "2020-06-22 05:30:00"}, "price": {"maxAge": 1, "regularMarketChangePercent": 0.03825747, "regularMarketChange": 29.200012, "regularMarketTime": "2021-04-30 15:30:00", "priceHint": 2, "regularMarketPrice": 792.45, "regularMarketDayHigh": 797.0, "regularMarketDayLow": 750.35, "regularMarketVolume": 9207545, "averageDailyVolume10Day": 4982855, "averageDailyVolume3Month": 7578744, "regularMarketPreviousClose": 763.25, "regularMarketSource": "FREE_REALTIME", "regularMarketOpen": 758.25, "exchange": "NSI", "exchangeName": "NSE", "exchangeDataDelayedBy": 15, "marketState": "CLOSED", "quoteType": "EQUITY", "symbol": "TATACHEM.NS", "underlyingSymbol": null, "shortName": "TATA CHEMICALS", "longName": "Tata Chemicals Limited", "currency": "INR", "quoteSourceName": "Delayed Quote", "currencySymbol": "\u20b9", "fromCurrency": null, "toCurrency": null, "lastMarket": null, "marketCap": 201829089280}, "balanceSheetHistory": {"balanceSheetStatements": [{"maxAge": 1, "endDate": "2020-03-31", "cash": 12542600000, "shortTermInvestments": 8095700000, "netReceivables": 21211500000, "inventory": 18691600000, "otherCurrentAssets": 1638800000, "totalCurrentAssets": 78623200000, "longTermInvestments": 26848100000, "propertyPlantEquipment": 61699300000, "goodWill": 19997600000, "intangibleAssets": 79997000000, "otherAssets": 10356800000, "deferredLongTermAssetCharges": 153100000, "totalAssets": 277522000000, "accountsPayable": 16309200000, "shortLongTermDebt": 20776700000, "otherCurrentLiab": 10490100000, "longTermDebt": 35331800000, "otherLiab": 32812400000, "minorityInterest": 7637700000, "totalCurrentLiabilities": 70883500000, "totalLiab": 140907700000, "commonStock": 2547600000, "retainedEarnings": 77082700000, "treasuryStock": 36757400000, "capitalSurplus": 12588900000, "otherStockholderEquity": 36757400000, "totalStockholderEquity": 128976600000, "netTangibleAssets": 28982000000}, {"maxAge": 1, "endDate": "2019-03-31", "cash": 18883800000, "shortTermInvestments": 498200000, "netReceivables": 19383500000, "inventory": 17255800000, "otherCurrentAssets": 1404500000, "totalCurrentAssets": 80983100000, "longTermInvestments": 33636700000, "propertyPlantEquipment": 50292500000, "goodWill": 18590300000, "intangibleAssets": 74093300000, "otherAssets": 11453300000, "deferredLongTermAssetCharges": 362400000, "totalAssets": 269049200000, "accountsPayable": 14753300000, "shortLongTermDebt": 10075300000, "otherCurrentLiab": 8190500000, "longTermDebt": 47874700000, "otherLiab": 28992900000, "minorityInterest": 29146700000, "totalCurrentLiabilities": 39486400000, "totalLiab": 116489800000, "commonStock": 2547600000, "retainedEarnings": 64753300000, "treasuryStock": 43522900000, "capitalSurplus": 12588900000, "otherStockholderEquity": 43522900000, "totalStockholderEquity": 123412700000, "netTangibleAssets": 30729100000}, {"maxAge": 1, "endDate": "2018-03-31", "cash": 39459300000, "shortTermInvestments": 5249800000, "netReceivables": 16543500000, "inventory": 14622700000, "otherCurrentAssets": 12665800000, "totalCurrentAssets": 90395500000, "longTermInvestments": 27621100000, "propertyPlantEquipment": 43610400000, "goodWill": 17318500000, "intangibleAssets": 70747500000, "otherAssets": 9093400000, "deferredLongTermAssetCharges": 208100000, "totalAssets": 258786400000, "accountsPayable": 14785800000, "shortLongTermDebt": 5735800000, "otherCurrentLiab": 12280600000, "longTermDebt": 53755900000, "otherLiab": 29624200000, "minorityInterest": 27171600000, "totalCurrentLiabilities": 37033300000, "totalLiab": 120597700000, "commonStock": 2547600000, "retainedEarnings": 59085500000, "treasuryStock": 36795100000, "capitalSurplus": 12588900000, "otherStockholderEquity": 36795100000, "totalStockholderEquity": 111017100000, "netTangibleAssets": 22951100000}, {"maxAge": 1, "endDate": "2017-03-31", "cash": 14514500000, "shortTermInvestments": 2038700000, "netReceivables": 22713700000, "inventory": 13861100000, "otherCurrentAssets": 17116200000, "totalCurrentAssets": 73744700000, "longTermInvestments": 25700500000, "propertyPlantEquipment": 41896200000, "goodWill": 16984100000, "intangibleAssets": 70834300000, "otherAssets": 6944800000, "deferredLongTermAssetCharges": 236700000, "totalAssets": 236104600000, "accountsPayable": 13182300000, "shortLongTermDebt": 19748900000, "otherCurrentLiab": 12709500000, "longTermDebt": 43460400000, "otherLiab": 31072900000, "minorityInterest": 26238900000, "totalCurrentLiabilities": 56055000000, "totalLiab": 130783300000, "commonStock": 2547600000, "retainedEarnings": 27918600000, "treasuryStock": 36027300000, "capitalSurplus": 12588900000, "otherStockholderEquity": 36027300000, "totalStockholderEquity": 79082400000, "netTangibleAssets": -8736000000}], "maxAge": 86400}, "earningsTrend": {"trend": [{"maxAge": 1, "period": "0q", "endDate": "2018-06-30", "growth": 0.576, "earningsEstimate": {"avg": 11.0, "low": 11.0, "high": 11.0, "yearAgoEps": 6.98, "numberOfAnalysts": 1, "growth": 0.576}, "revenueEstimate": {"avg": 26573000000, "low": 26573000000, "high": 26573000000, "numberOfAnalysts": 1, "yearAgoRevenue": 25723700000, "growth": 0.033}, "epsTrend": {"current": 11.0, "7daysAgo": 0.0, "30daysAgo": 0.0, "60daysAgo": 0.0, "90daysAgo": 0.0}, "epsRevisions": {"upLast7days": 0, "upLast30days": 0, "downLast30days": 0, "downLast90days": {}}}, {"maxAge": 1, "period": "+1q", "endDate": "2018-09-30", "growth": {}, "earningsEstimate": {"avg": 0.0, "low": 0.0, "high": 0.0, "yearAgoEps": 14.93, "numberOfAnalysts": 0, "growth": {}}, "revenueEstimate": {"avg": 0, "low": 0, "high": 0, "numberOfAnalysts": 0, "yearAgoRevenue": {}, "growth": {}}, "epsTrend": {"current": 0.0, "7daysAgo": 0.0, "30daysAgo": 0.0, "60daysAgo": 0.0, "90daysAgo": 0.0}, "epsRevisions": {"upLast7days": 0, "upLast30days": 0, "downLast30days": 0, "downLast90days": {}}}, {"maxAge": 1, "period": "0y", "endDate": "2019-03-31", "growth": 0.093, "earningsEstimate": {"avg": 49.53, "low": 40.9, "high": 79.03, "yearAgoEps": 45.33, "numberOfAnalysts": 7, "growth": 0.093}, "revenueEstimate": {"avg": 118111000000, "low": 111340000000, "high": 129504000000, "numberOfAnalysts": 7, "yearAgoRevenue": 102697000000, "growth": 0.15}, "epsTrend": {"current": 49.53, "7daysAgo": 49.27, "30daysAgo": 49.27, "60daysAgo": 48.03, "90daysAgo": 47.3}, "epsRevisions": {"upLast7days": 1, "upLast30days": 1, "downLast30days": 0, "downLast90days": {}}}, {"maxAge": 1, "period": "+1y", "endDate": "2020-03-31", "growth": -0.004, "earningsEstimate": {"avg": 49.34, "low": 45.6, "high": 56.9, "yearAgoEps": 49.53, "numberOfAnalysts": 6, "growth": -0.004}, "revenueEstimate": {"avg": 124316000000, "low": 116944000000, "high": 131313000000, "numberOfAnalysts": 6, "yearAgoRevenue": 118111000000, "growth": 0.053000003}, "epsTrend": {"current": 49.34, "7daysAgo": 48.99, "30daysAgo": 48.99, "60daysAgo": 46.88, "90daysAgo": 46.41}, "epsRevisions": {"upLast7days": 1, "upLast30days": 1, "downLast30days": 0, "downLast90days": {}}}, {"maxAge": 1, "period": "+5y", "endDate": null, "growth": 0.0629, "earningsEstimate": {"avg": {}, "low": {}, "high": {}, "yearAgoEps": {}, "numberOfAnalysts": {}, "growth": {}}, "revenueEstimate": {"avg": {}, "low": {}, "high": {}, "numberOfAnalysts": {}, "yearAgoRevenue": {}, "growth": {}}, "epsTrend": {"current": {}, "7daysAgo": {}, "30daysAgo": {}, "60daysAgo": {}, "90daysAgo": {}}, "epsRevisions": {"upLast7days": {}, "upLast30days": {}, "downLast30days": {}, "downLast90days": {}}}, {"maxAge": 1, "period": "-5y", "endDate": null, "growth": 0.22309999, "earningsEstimate": {"avg": {}, "low": {}, "high": {}, "yearAgoEps": {}, "numberOfAnalysts": {}, "growth": {}}, "revenueEstimate": {"avg": {}, "low": {}, "high": {}, "numberOfAnalysts": {}, "yearAgoRevenue": {}, "growth": {}}, "epsTrend": {"current": {}, "7daysAgo": {}, "30daysAgo": {}, "60daysAgo": {}, "90daysAgo": {}}, "epsRevisions": {"upLast7days": {}, "upLast30days": {}, "downLast30days": {}, "downLast90days": {}}}], "maxAge": 1}, "institutionOwnership": {"maxAge": 1, "ownershipList": []}, "majorHoldersBreakdown": {"maxAge": 1, "insidersPercentHeld": 0.38479, "institutionsPercentHeld": 0.28621998, "institutionsFloatPercentHeld": 0.46523997, "institutionsCount": 64}, "balanceSheetHistoryQuarterly": {"balanceSheetStatements": [{"maxAge": 1, "endDate": "2020-12-31", "totalStockholderEquity": 130954600000, "netTangibleAssets": 33707900000}, {"maxAge": 1, "endDate": "2020-09-30", "cash": 15105100000, "shortTermInvestments": 16636900000, "netReceivables": 13230700000, "inventory": 16306400000, "otherCurrentAssets": 3819300000, "totalCurrentAssets": 65098400000, "longTermInvestments": 33255500000, "propertyPlantEquipment": 62883300000, "goodWill": 19627900000, "intangibleAssets": 77618800000, "otherAssets": 10533100000, "deferredLongTermAssetCharges": 154900000, "totalAssets": 269017000000, "accountsPayable": 16262600000, "shortLongTermDebt": 6026600000, "otherCurrentLiab": 7202000000, "longTermDebt": 62636400000, "otherLiab": 33701600000, "minorityInterest": 8278300000, "totalCurrentLiabilities": 31451300000, "totalLiab": 129784100000, "commonStock": 2548200000, "treasuryStock": 128406400000, "otherStockholderEquity": 128406400000, "totalStockholderEquity": 130954600000, "netTangibleAssets": 33707900000}, {"maxAge": 1, "endDate": "2020-06-30", "totalStockholderEquity": 128976600000, "netTangibleAssets": 28982000000}, {"maxAge": 1, "endDate": "2020-03-31", "cash": 12542600000, "shortTermInvestments": 8095700000, "netReceivables": 21211500000, "inventory": 18691600000, "otherCurrentAssets": 1638800000, "totalCurrentAssets": 78623200000, "longTermInvestments": 26848100000, "propertyPlantEquipment": 61699300000, "goodWill": 19997600000, "intangibleAssets": 79997000000, "otherAssets": 10356800000, "deferredLongTermAssetCharges": 153100000, "totalAssets": 277522000000, "accountsPayable": 16309200000, "shortLongTermDebt": 20776700000, "otherCurrentLiab": 10490100000, "longTermDebt": 35331800000, "otherLiab": 32812400000, "minorityInterest": 7637700000, "totalCurrentLiabilities": 70883500000, "totalLiab": 140907700000, "commonStock": 2547600000, "retainedEarnings": 77082700000, "treasuryStock": 36757400000, "capitalSurplus": 12588900000, "otherStockholderEquity": 36757400000, "totalStockholderEquity": 128976600000, "netTangibleAssets": 28982000000}], "maxAge": 86400}, "earningsHistory": {"history": [{"maxAge": 1, "epsActual": 6.98, "epsEstimate": 9.15, "epsDifference": -2.17, "surprisePercent": -0.237, "quarter": "2017-06-30", "period": "-4q"}, {"maxAge": 1, "epsActual": 14.93, "epsEstimate": 8.7, "epsDifference": 6.23, "surprisePercent": 0.71599996, "quarter": "2017-09-30", "period": "-3q"}, {"maxAge": 1, "epsActual": 19.07, "epsEstimate": 12.95, "epsDifference": 6.12, "surprisePercent": 0.473, "quarter": "2017-12-31", "period": "-2q"}, {"maxAge": 1, "epsActual": -4.04, "epsEstimate": 9.7, "epsDifference": -13.74, "surprisePercent": -1.416, "quarter": "2018-03-31", "period": "-1q"}], "maxAge": 86400}, "summaryProfile": {"address1": "Bombay House", "address2": "24 Homi Mody Street Fort", "city": "Mumbai", "zip": "400001", "country": "India", "phone": "91 22 6665 8282", "fax": "91 22 6665 8144", "website": "http://www.tatachemicals.com", "industry": "Chemicals", "sector": "Basic Materials", "longBusinessSummary": "Tata Chemicals Limited manufactures, sells, and distributes basic chemistry and specialty products in India, Europe, Africa, the United States, rest of Asia, and internationally. It offers dense and light soda ash; crushed refined soda; Portland and masonry cement under the Tata Shudh brand name; salt; pharmaceutical grade, food grade, and animal feed grade sodium bicarbonate, as well as technical and refined grade sodium bicarbonate; and allied chemicals, such as caustic soda, bromine-based products, and gypsum, as well as marine chemicals and nutrition solutions. In addition, it offers specialty products, including nano zinc oxides for various industrial and cosmetic applications; and silica. Further, the company provides fungicides, insecticides, pesticides, herbicides, plant growth nutrients, crop protection solutions, and seeds, as well as agri-input solutions; and runs farmer connect initiative under the Rallis Kisan Kutumb name. Its products are used in various industrial applications, such as agriculture; animal nutrition; chemicals; construction; food and nutrition; glass; high performance rubber; metals; oral care and cosmetics; paints, inks, and adhesives; pharmaceuticals; safety and environmen; soaps and detergents; textiles and leather; lithium-ion, dry cell, and other batteries; and others. The company was founded in 1927 and is based in Mumbai, India.", "fullTimeEmployees": 4678, "companyOfficers": [], "maxAge": 86400}, "netSharePurchaseActivity": {"maxAge": 1, "period": "6m", "buyInfoCount": 0, "buyInfoShares": 0, "sellInfoCount": 0, "netInfoCount": 0, "netInfoShares": 0, "netPercentInsiderShares": 0.0, "totalInsiderShares": 98087912}, "insiderTransactions": {"transactions": [{"maxAge": 1, "shares": 5294908, "filerUrl": "", "transactionText": "", "filerName": "ICICI Prudential Mutual Fund", "filerRelation": "Promoter", "moneyText": "", "startDate": "2021-03-04", "ownership": "D"}, {"maxAge": 1, "shares": 383149, "filerUrl": "", "transactionText": "", "filerName": "ICICI Prudential Mutual Fund", "filerRelation": "Institution- Corporation", "moneyText": "", "startDate": "2021-01-07", "ownership": "D"}, {"maxAge": 1, "shares": 5287101, "filerUrl": "", "transactionText": "", "filerName": "Life Insurance Corporation of India", "filerRelation": "Institution- Corporation", "moneyText": "", "startDate": "2014-10-31", "ownership": "D"}, {"maxAge": 1, "shares": 16000, "filerUrl": "", "transactionText": "", "filerName": "Mistry (CyrusP)", "filerRelation": "Chairman of the Board", "moneyText": "", "startDate": "2014-06-03", "ownership": "D"}, {"maxAge": 1, "shares": 9707316, "filerUrl": "", "transactionText": "", "filerName": "Life Insurance Corporation of India", "filerRelation": "Institution- Corporation", "moneyText": "", "startDate": "2013-03-18", "ownership": "D"}, {"maxAge": 1, "shares": 32050, "filerUrl": "", "transactionText": "", "filerName": "TATA AIG General Insurance Co Ltd", "filerRelation": "Promoter", "moneyText": "", "startDate": "2012-02-28", "ownership": "D"}, {"maxAge": 1, "shares": 5499, "filerUrl": "", "transactionText": "", "filerName": "JRD Tata Trust", "filerRelation": "Institution- Corporation", "moneyText": "", "startDate": "2012-02-27", "ownership": "D"}, {"maxAge": 1, "shares": 5499, "filerUrl": "", "transactionText": "", "filerName": "TATA AIG General Insurance Co Ltd", "filerRelation": "Promoter", "moneyText": "", "startDate": "2012-02-27", "ownership": "D"}], "maxAge": 1}, "sectorTrend": {"maxAge": 1, "symbol": null, "estimates": []}, "incomeStatementHistoryQuarterly": {"incomeStatementHistory": [{"maxAge": 1, "endDate": "2020-12-31", "totalRevenue": 26060800000, "costOfRevenue": 9175300000, "grossProfit": 16885500000, "researchDevelopment": {}, "sellingGeneralAdministrative": 7291000000, "nonRecurring": {}, "otherOperatingExpenses": 4875400000, "totalOperatingExpenses": 23196000000, "operatingIncome": 2864800000, "totalOtherIncomeExpenseNet": -319600000, "ebit": 2864800000, "interestExpense": -808500000, "incomeBeforeTax": 2545200000, "incomeTaxExpense": 538000000, "minorityInterest": {}, "netIncomeFromContinuingOps": 2007200000, "discontinuedOperations": {}, "extraordinaryItems": {}, "effectOfAccountingCharges": {}, "otherItems": {}, "netIncome": 1608500000, "netIncomeApplicableToCommonShares": 1608500000}, {"maxAge": 1, "endDate": "2020-09-30", "totalRevenue": 26093500000, "costOfRevenue": 10480300000, "grossProfit": 15613200000, "researchDevelopment": {}, "sellingGeneralAdministrative": 7068000000, "nonRecurring": {}, "otherOperatingExpenses": 4682700000, "totalOperatingExpenses": 24155300000, "operatingIncome": 1938200000, "totalOtherIncomeExpenseNet": -46600000, "ebit": 1938200000, "interestExpense": -836300000, "incomeBeforeTax": 1891600000, "incomeTaxExpense": 570700000, "minorityInterest": 8278300000, "netIncomeFromContinuingOps": 1320900000, "discontinuedOperations": {}, "extraordinaryItems": {}, "effectOfAccountingCharges": {}, "otherItems": {}, "netIncome": 704700000, "netIncomeApplicableToCommonShares": 704700000}, {"maxAge": 1, "endDate": "2020-06-30", "totalRevenue": 23481600000, "costOfRevenue": 8757300000, "grossProfit": 14724300000, "researchDevelopment": {}, "sellingGeneralAdministrative": 6501600000, "nonRecurring": {}, "otherOperatingExpenses": 4625100000, "totalOperatingExpenses": 21783100000, "operatingIncome": 1698500000, "totalOtherIncomeExpenseNet": -599100000, "ebit": 1698500000, "interestExpense": -1178600000, "incomeBeforeTax": 1099400000, "incomeTaxExpense": 357900000, "minorityInterest": 8278300000, "netIncomeFromContinuingOps": 741500000, "discontinuedOperations": {}, "extraordinaryItems": {}, "effectOfAccountingCharges": {}, "otherItems": {}, "netIncome": 132800000, "netIncomeApplicableToCommonShares": 132800000}, {"maxAge": 1, "endDate": "2020-03-31", "totalRevenue": 23890900000, "costOfRevenue": -2643300000, "grossProfit": 26534200000, "researchDevelopment": {}, "sellingGeneralAdministrative": -6875600000, "nonRecurring": {}, "otherOperatingExpenses": 28919400000, "totalOperatingExpenses": 21208400000, "operatingIncome": 2682500000, "totalOtherIncomeExpenseNet": -489400000, "ebit": 2682500000, "interestExpense": -223700000, "incomeBeforeTax": 2193100000, "incomeTaxExpense": 253400000, "minorityInterest": 7637700000, "netIncomeFromContinuingOps": 1939700000, "discontinuedOperations": 59966400000, "extraordinaryItems": {}, "effectOfAccountingCharges": {}, "otherItems": {}, "netIncome": 61777800000, "netIncomeApplicableToCommonShares": 61777800000}], "maxAge": 86400}, "cashflowStatementHistoryQuarterly": {"cashflowStatements": [{"maxAge": 1, "endDate": "2020-12-31", "netIncome": 1608500000, "changeToLiabilities": 0}, {"maxAge": 1, "endDate": "2020-09-30", "netIncome": 704700000, "changeToLiabilities": 0}, {"maxAge": 1, "endDate": "2020-06-30", "netIncome": 132800000, "changeToLiabilities": 0}, {"maxAge": 1, "endDate": "2020-03-31", "netIncome": 61777800000, "changeToLiabilities": 0}], "maxAge": 86400}, "earnings": {"maxAge": 86400, "earningsChart": {"quarterly": [{"date": "2Q2017", "actual": 6.98, "estimate": 9.15}, {"date": "3Q2017", "actual": 14.93, "estimate": 8.7}, {"date": "4Q2017", "actual": 19.07, "estimate": 12.95}, {"date": "1Q2018", "actual": -4.04, "estimate": 9.7}], "currentQuarterEstimate": 11.0, "currentQuarterEstimateDate": "2Q", "currentQuarterEstimateYear": 2018, "earningsDate": []}, "financialsChart": {"yearly": [{"date": 2017, "revenue": 103460700000, "earnings": 9931100000}, {"date": 2018, "revenue": 102696900000, "earnings": 24330800000}, {"date": 2019, "revenue": 103367200000, "earnings": 11559100000}, {"date": 2020, "revenue": 103567500000, "earnings": 70063300000}], "quarterly": [{"date": "1Q2020", "revenue": 23890900000, "earnings": 61777800000}, {"date": "2Q2020", "revenue": 23481600000, "earnings": 132800000}, {"date": "3Q2020", "revenue": 26093500000, "earnings": 704700000}, {"date": "4Q2020", "revenue": 26060800000, "earnings": 1608500000}]}, "financialCurrency": "INR"}, "financialData": {"maxAge": 86400, "currentPrice": 792.45, "targetHighPrice": 959.0, "targetLowPrice": 705.0, "targetMeanPrice": 808.71, "targetMedianPrice": 785.0, "recommendationMean": 2.0, "recommendationKey": "buy", "numberOfAnalystOpinions": 7, "totalCash": 31741999104, "totalCashPerShare": 124.521, "ebitda": 14982925312, "totalDebt": 72617902080, "totalRevenue": 99416801280, "debtToEquity": 52.156, "revenuePerShare": 390.182, "grossProfits": 79433700000, "earningsGrowth": -0.313, "revenueGrowth": -0.005, "grossMargins": 0.74079, "ebitdaMargins": 0.15071, "operatingMargins": 0.09201, "profitMargins": 0.67052, "financialCurrency": "INR"}}}