{"TATACOMM.BO": {"recommendationTrend": {"trend": [{"period": "0m", "strongBuy": 0, "buy": 0, "hold": 0, "sell": 0, "strongSell": 0}, {"period": "-1m", "strongBuy": 0, "buy": 0, "hold": 0, "sell": 0, "strongSell": 0}, {"period": "-2m", "strongBuy": 0, "buy": 0, "hold": 0, "sell": 0, "strongSell": 0}, {"period": "-3m", "strongBuy": 0, "buy": 0, "hold": 0, "sell": 0, "strongSell": 0}], "maxAge": 86400}, "cashflowStatementHistory": {"cashflowStatements": [{"maxAge": 1, "endDate": "2020-03-31", "netIncome": -859600000, "depreciation": 21131900000, "changeToNetincome": 5322200000, "changeToAccountReceivables": -2051500000, "changeToLiabilities": -255000000, "changeToInventory": -63200000, "changeToOperatingActivities": -143200000, "totalCashFromOperatingActivities": 25247600000, "capitalExpenditures": -16809800000, "investments": -489500000, "otherCashflowsFromInvestingActivities": 47200000, "totalCashflowsFromInvestingActivities": -15297800000, "dividendsPaid": -1507700000, "netBorrowings": -4044100000, "otherCashflowsFromFinancingActivities": -3871500000, "totalCashFromFinancingActivities": -9423300000, "effectOfExchangeRate": 82900000, "changeInCash": 609400000}, {"maxAge": 1, "endDate": "2019-03-31", "netIncome": -823700000, "depreciation": 18433500000, "changeToNetincome": 3338700000, "changeToAccountReceivables": 10600000, "changeToLiabilities": 699600000, "changeToInventory": -519500000, "changeToOperatingActivities": -4938400000, "totalCashFromOperatingActivities": 18443300000, "capitalExpenditures": -17488900000, "investments": -4603700000, "otherCashflowsFromInvestingActivities": 52800000, "totalCashflowsFromInvestingActivities": -22880400000, "dividendsPaid": -1534000000, "netBorrowings": 4796300000, "otherCashflowsFromFinancingActivities": -3539300000, "totalCashFromFinancingActivities": -277000000, "effectOfExchangeRate": 40900000, "changeInCash": -4673200000}, {"maxAge": 1, "endDate": "2018-03-31", "netIncome": -3286000000, "depreciation": 17141900000, "changeToNetincome": 7282900000, "changeToAccountReceivables": -3994800000, "changeToLiabilities": -923600000, "changeToInventory": -117100000, "changeToOperatingActivities": -896300000, "totalCashFromOperatingActivities": 17128100000, "capitalExpenditures": -16207100000, "investments": 6187600000, "otherCashflowsFromInvestingActivities": 546200000, "totalCashflowsFromInvestingActivities": -5036700000, "dividendsPaid": -1508400000, "netBorrowings": -3815400000, "otherCashflowsFromFinancingActivities": -3764500000, "totalCashFromFinancingActivities": -9591100000, "effectOfExchangeRate": 35900000, "changeInCash": 2536200000}, {"maxAge": 1, "endDate": "2017-03-31", "netIncome": 12328700000, "depreciation": 18657700000, "changeToNetincome": -6824100000, "changeToAccountReceivables": 569900000, "changeToLiabilities": 2903300000, "changeToInventory": -99600000, "changeToOperatingActivities": -3600900000, "totalCashFromOperatingActivities": 23935000000, "capitalExpenditures": -18139500000, "investments": 6763600000, "otherCashflowsFromInvestingActivities": -1785100000, "totalCashflowsFromInvestingActivities": 9432300000, "dividendsPaid": -1423500000, "netBorrowings": -28219400000, "otherCashflowsFromFinancingActivities": -3114300000, "totalCashFromFinancingActivities": -32757200000, "effectOfExchangeRate": -33600000, "changeInCash": 576500000}], "maxAge": 86400}, "institutionOwnership": {"ownershipList": [], "maxAge": 1}, "balanceSheetHistoryQuarterly": {"balanceSheetStatements": [{"maxAge": 1, "endDate": "2020-09-30", "cash": 12197200000, "shortTermInvestments": 12521300000, "netReceivables": 32190000000, "inventory": 500700000, "otherCurrentAssets": 8312500000, "totalCurrentAssets": 65721700000, "longTermInvestments": 9788600000, "propertyPlantEquipment": 104230500000, "goodWill": 958600000, "intangibleAssets": 16227100000, "otherAssets": 28006600000, "deferredLongTermAssetCharges": 3149700000, "totalAssets": 224933100000, "accountsPayable": 35440200000, "otherCurrentLiab": 71225300000, "longTermDebt": 51572500000, "otherLiab": 35323400000, "minorityInterest": 41300000, "totalCurrentLiabilities": 130774100000, "totalLiab": 230372200000, "commonStock": 2850000000, "treasuryStock": -8330400000, "otherStockholderEquity": -8330400000, "totalStockholderEquity": -5480400000, "netTangibleAssets": -22666100000}, {"maxAge": 1, "endDate": "2020-06-30", "totalStockholderEquity": -12783600000, "netTangibleAssets": -31139200000}, {"maxAge": 1, "endDate": "2020-03-31", "cash": 9091300000, "netReceivables": 32294900000, "inventory": 729700000, "otherCurrentAssets": 6947400000, "totalCurrentAssets": 59421100000, "longTermInvestments": 9013200000, "propertyPlantEquipment": 109034800000, "goodWill": 918400000, "intangibleAssets": 17437200000, "otherAssets": 25790000000, "deferredLongTermAssetCharges": 2798600000, "totalAssets": 221614700000, "accountsPayable": 38449900000, "shortLongTermDebt": 16792200000, "otherCurrentLiab": 23069000000, "longTermDebt": 68312100000, "otherLiab": 38394200000, "minorityInterest": 47500000, "totalCurrentLiabilities": 113704300000, "totalLiab": 234350800000, "commonStock": 2850000000, "retainedEarnings": 1432500000, "treasuryStock": -24316200000, "capitalSurplus": 7250100000, "otherStockholderEquity": -24316200000, "totalStockholderEquity": -12783600000, "netTangibleAssets": -31139200000}, {"maxAge": 1, "endDate": "2019-12-31", "totalStockholderEquity": -5794100000, "netTangibleAssets": -23755200000}], "maxAge": 86400}, "earningsHistory": {"history": [{"maxAge": 1, "epsActual": 1.13, "epsEstimate": 1.59, "epsDifference": -0.46, "surprisePercent": -0.289, "quarter": "2017-06-30", "period": "-4q"}, {"maxAge": 1, "epsActual": -1.28, "epsEstimate": 2.67, "epsDifference": -3.95, "surprisePercent": -1.479, "quarter": "2017-09-30", "period": "-3q"}, {"maxAge": 1, "epsActual": 0.36, "epsEstimate": 0.94, "epsDifference": -0.58, "surprisePercent": -0.617, "quarter": "2017-12-31", "period": "-2q"}, {"maxAge": 1, "epsActual": 1.44, "epsEstimate": 0.37, "epsDifference": 1.07, "surprisePercent": 2.8920002, "quarter": "2018-03-31", "period": "-1q"}], "maxAge": 86400}, "indexTrend": {"maxAge": 1, "symbol": "SP5", "peRatio": 19.7411, "pegRatio": 1.34172, "estimates": [{"period": "0q", "growth": 0.549}, {"period": "+1q", "growth": 0.431}, {"period": "0y", "growth": 0.305}, {"period": "+1y", "growth": 0.109}, {"period": "+5y", "growth": 0.120865}, {"period": "-5y"}]}, "industryTrend": {"maxAge": 1, "symbol": null, "estimates": []}, "insiderTransactions": {"transactions": [{"maxAge": 1, "shares": 5770318, "filerUrl": "", "transactionText": "", "filerName": "Life Insurance Corporation of India", "filerRelation": "Institution- Corporation", "moneyText": "", "startDate": "2015-04-13", "ownership": "D"}, {"maxAge": 1, "shares": 5751559, "filerUrl": "", "transactionText": "", "filerName": "Life Insurance Corporation of India", "filerRelation": "Institution- Corporation", "moneyText": "", "startDate": "2014-11-19", "ownership": "D"}], "maxAge": 1}, "quoteType": {"exchange": "BSE", "quoteType": "EQUITY", "symbol": "TATACOMM.BO", "underlyingSymbol": "TATACOMM.BO", "shortName": "TATA COMMUNICATIONS LTD.", "longName": "Tata Communications Limited", "firstTradeDateEpochUtc": "2000-10-27 09:15:00", "timeZoneFullName": "Asia/Kolkata", "timeZoneShortName": "IST", "uuid": "66db6bc8-f0b1-34d9-ac76-d254ae40d67d", "gmtOffSetMilliseconds": 19800000, "maxAge": 1}, "incomeStatementHistory": {"incomeStatementHistory": [{"maxAge": 1, "endDate": "2020-03-31", "totalRevenue": 170680200000, "costOfRevenue": 116076100000, "grossProfit": 54604100000, "researchDevelopment": {}, "sellingGeneralAdministrative": 21714300000, "nonRecurring": {}, "otherOperatingExpenses": {}, "totalOperatingExpenses": 161088300000, "operatingIncome": 9591900000, "totalOtherIncomeExpenseNet": -8173500000, "ebit": 9591900000, "interestExpense": -4707400000, "incomeBeforeTax": 1418400000, "incomeTaxExpense": 2266700000, "minorityInterest": 47500000, "netIncomeFromContinuingOps": -848300000, "discontinuedOperations": {}, "extraordinaryItems": {}, "effectOfAccountingCharges": {}, "otherItems": {}, "netIncome": -859600000, "netIncomeApplicableToCommonShares": -859600000}, {"maxAge": 1, "endDate": "2019-03-31", "totalRevenue": 165256000000, "costOfRevenue": 113495400000, "grossProfit": 51760600000, "researchDevelopment": {}, "sellingGeneralAdministrative": 24302200000, "nonRecurring": {}, "otherOperatingExpenses": {}, "totalOperatingExpenses": 158477000000, "operatingIncome": 6779000000, "totalOtherIncomeExpenseNet": -4850100000, "ebit": 6779000000, "interestExpense": -3965500000, "incomeBeforeTax": 1928900000, "incomeTaxExpense": 2733200000, "minorityInterest": 57600000, "netIncomeFromContinuingOps": -804300000, "discontinuedOperations": {}, "extraordinaryItems": {}, "effectOfAccountingCharges": {}, "otherItems": {}, "netIncome": -823700000, "netIncomeApplicableToCommonShares": -823700000}, {"maxAge": 1, "endDate": "2018-03-31", "totalRevenue": 167851500000, "costOfRevenue": 120902100000, "grossProfit": 46949400000, "researchDevelopment": {}, "sellingGeneralAdministrative": 22254700000, "nonRecurring": {}, "otherOperatingExpenses": {}, "totalOperatingExpenses": 162657700000, "operatingIncome": 5193800000, "totalOtherIncomeExpenseNet": -4900700000, "ebit": 5193800000, "interestExpense": -3444500000, "incomeBeforeTax": 293100000, "incomeTaxExpense": 3549200000, "minorityInterest": 44800000, "netIncomeFromContinuingOps": -3256100000, "discontinuedOperations": {}, "extraordinaryItems": {}, "effectOfAccountingCharges": {}, "otherItems": {}, "netIncome": -3286000000, "netIncomeApplicableToCommonShares": -3286000000}, {"maxAge": 1, "endDate": "2017-03-31", "totalRevenue": 176992800000, "costOfRevenue": 128899300000, "grossProfit": 48093500000, "researchDevelopment": {}, "sellingGeneralAdministrative": 23195200000, "nonRecurring": {}, "otherOperatingExpenses": -982000000, "totalOperatingExpenses": 169814000000, "operatingIncome": 7178800000, "totalOtherIncomeExpenseNet": -12429000000, "ebit": 7178800000, "interestExpense": -3671900000, "incomeBeforeTax": -5250200000, "incomeTaxExpense": 2363800000, "minorityInterest": 183700000, "netIncomeFromContinuingOps": -7614000000, "discontinuedOperations": 19968600000, "extraordinaryItems": {}, "effectOfAccountingCharges": {}, "otherItems": {}, "netIncome": 12328700000, "netIncomeApplicableToCommonShares": 12328700000}], "maxAge": 86400}, "fundOwnership": {"ownershipList": [], "maxAge": 1}, "summaryDetail": {"maxAge": 1, "priceHint": 2, "previousClose": 1109.25, "open": 1118.0, "dayLow": 1081.05, "dayHigh": 1124.0, "regularMarketPreviousClose": 1109.25, "regularMarketOpen": 1118.0, "regularMarketDayLow": 1081.05, "regularMarketDayHigh": 1124.0, "trailingPE": 73.62627, "forwardPE": 59.68801, "volume": 22437, "regularMarketVolume": 22437, "averageVolume": 14362, "averageVolume10days": 14323, "averageDailyVolume10Day": 14323, "bid": 1100.0, "ask": 1103.0, "bidSize": 0, "askSize": 0, "marketCap": 314585743360, "fiftyTwoWeekLow": 205.7, "fiftyTwoWeekHigh": 1168.8, "fiftyDayAverage": 1055.6772, "twoHundredDayAverage": 932.07904, "trailingAnnualDividendRate": 4.0, "trailingAnnualDividendYield": 0.00360604, "currency": "INR", "fromCurrency": null, "lastMarket": null, "algorithm": null, "tradeable": false}, "sectorTrend": {"maxAge": 1, "symbol": null, "estimates": []}, "incomeStatementHistoryQuarterly": {"incomeStatementHistory": [{"maxAge": 1, "endDate": "2020-09-30", "totalRevenue": 44010800000, "costOfRevenue": 23968300000, "grossProfit": 20042500000, "researchDevelopment": {}, "sellingGeneralAdministrative": {}, "nonRecurring": {}, "otherOperatingExpenses": 8467200000, "totalOperatingExpenses": 38154800000, "operatingIncome": 5856000000, "totalOtherIncomeExpenseNet": -854500000, "ebit": 5856000000, "interestExpense": -1064100000, "incomeBeforeTax": 5001500000, "incomeTaxExpense": 1153400000, "minorityInterest": 41300000, "netIncomeFromContinuingOps": 3848100000, "discontinuedOperations": {}, "extraordinaryItems": {}, "effectOfAccountingCharges": {}, "otherItems": {}, "netIncome": 3844800000, "netIncomeApplicableToCommonShares": 3844800000}, {"maxAge": 1, "endDate": "2020-06-30", "totalRevenue": 44029400000, "costOfRevenue": 25037800000, "grossProfit": 18991600000, "researchDevelopment": {}, "sellingGeneralAdministrative": {}, "nonRecurring": {}, "otherOperatingExpenses": 8574000000, "totalOperatingExpenses": 39511100000, "operatingIncome": 4518300000, "totalOtherIncomeExpenseNet": -1125500000, "ebit": 4518300000, "interestExpense": -1162900000, "incomeBeforeTax": 3392800000, "incomeTaxExpense": 812100000, "minorityInterest": 41300000, "netIncomeFromContinuingOps": 2580700000, "discontinuedOperations": {}, "extraordinaryItems": {}, "effectOfAccountingCharges": {}, "otherItems": {}, "netIncome": 2578000000, "netIncomeApplicableToCommonShares": 2578000000}, {"maxAge": 1, "endDate": "2020-03-31", "totalRevenue": 43979200000, "costOfRevenue": 42717500000, "grossProfit": 1261700000, "researchDevelopment": {}, "sellingGeneralAdministrative": 21714300000, "nonRecurring": {}, "otherOperatingExpenses": -29141300000, "totalOperatingExpenses": 41878400000, "operatingIncome": 2100800000, "totalOtherIncomeExpenseNet": -4949100000, "ebit": 2100800000, "interestExpense": -1231700000, "incomeBeforeTax": -2848300000, "incomeTaxExpense": -98400000, "minorityInterest": 47500000, "netIncomeFromContinuingOps": -2749900000, "discontinuedOperations": {}, "extraordinaryItems": {}, "effectOfAccountingCharges": {}, "otherItems": {}, "netIncome": -2750200000, "netIncomeApplicableToCommonShares": -2750200000}, {"maxAge": 1, "endDate": "2019-12-31", "totalRevenue": 42287200000, "costOfRevenue": 24302200000, "grossProfit": 17985000000, "researchDevelopment": {}, "sellingGeneralAdministrative": 21714300000, "nonRecurring": {}, "otherOperatingExpenses": 10376900000, "totalOperatingExpenses": 40284200000, "operatingIncome": 2003000000, "totalOtherIncomeExpenseNet": -1009000000, "ebit": 2003000000, "interestExpense": -1161200000, "incomeBeforeTax": 994000000, "incomeTaxExpense": 405500000, "minorityInterest": 47500000, "netIncomeFromContinuingOps": 588500000, "discontinuedOperations": {}, "extraordinaryItems": {}, "effectOfAccountingCharges": {}, "otherItems": {}, "netIncome": 585400000, "netIncomeApplicableToCommonShares": 585400000}], "maxAge": 86400}, "cashflowStatementHistoryQuarterly": {"cashflowStatements": [{"maxAge": 1, "endDate": "2020-09-30", "netIncome": 3844800000, "changeToLiabilities": 0}, {"maxAge": 1, "endDate": "2020-06-30", "netIncome": 2578000000, "changeToLiabilities": 0}, {"maxAge": 1, "endDate": "2020-03-31", "netIncome": -2750200000, "changeToLiabilities": 0}, {"maxAge": 1, "endDate": "2019-12-31", "netIncome": 585400000, "changeToLiabilities": 0}], "maxAge": 86400}, "insiderHolders": {"holders": [{"maxAge": 1, "name": "Life Insurance Corporation of India", "relation": "Institution- Corporation", "url": "", "transactionDescription": "Sale", "latestTransDate": "2015-04-13", "positionDirect": 14994917, "positionDirectDate": "2015-04-13"}], "maxAge": 1}, "earnings": {"maxAge": 86400, "earningsChart": {"quarterly": [{"date": "2Q2017", "actual": 1.13, "estimate": 1.59}, {"date": "3Q2017", "actual": -1.28, "estimate": 2.67}, {"date": "4Q2017", "actual": 0.36, "estimate": 0.94}, {"date": "1Q2018", "actual": 1.44, "estimate": 0.37}], "currentQuarterEstimateDate": "2Q", "currentQuarterEstimateYear": 2018, "earningsDate": []}, "financialsChart": {"yearly": [{"date": 2017, "revenue": 176992800000, "earnings": 12328700000}, {"date": 2018, "revenue": 167851500000, "earnings": -3286000000}, {"date": 2019, "revenue": 165256000000, "earnings": -823700000}, {"date": 2020, "revenue": 170680200000, "earnings": -859600000}], "quarterly": [{"date": "4Q2019", "revenue": 42287200000, "earnings": 585400000}, {"date": "1Q2020", "revenue": 43979200000, "earnings": -2750200000}, {"date": "2Q2020", "revenue": 44029400000, "earnings": 2578000000}, {"date": "3Q2020", "revenue": 44010800000, "earnings": 3844800000}]}, "financialCurrency": "INR"}, "calendarEvents": {"maxAge": 1, "earnings": {"earningsDate": [], "revenueAverage": 42575000000, "revenueLow": 42575000000, "revenueHigh": 42575000000}}, "upgradeDowngradeHistory": {"history": [], "maxAge": 86400}, "price": {"maxAge": 1, "regularMarketChangePercent": -0.0082938485, "regularMarketChange": -9.199951, "regularMarketTime": "2021-04-30 15:44:12", "priceHint": 2, "regularMarketPrice": 1100.05, "regularMarketDayHigh": 1124.0, "regularMarketDayLow": 1081.05, "regularMarketVolume": 22437, "averageDailyVolume10Day": 14323, "averageDailyVolume3Month": 14362, "regularMarketPreviousClose": 1109.25, "regularMarketSource": "FREE_REALTIME", "regularMarketOpen": 1118.0, "exchange": "BSE", "exchangeName": "BSE", "exchangeDataDelayedBy": 0, "marketState": "CLOSED", "quoteType": "EQUITY", "symbol": "TATACOMM.BO", "underlyingSymbol": null, "shortName": "TATA COMMUNICATIONS LTD.", "longName": "Tata Communications Limited", "currency": "INR", "quoteSourceName": "Delayed Quote", "currencySymbol": "\u20b9", "fromCurrency": null, "lastMarket": null, "marketCap": 314585743360}, "balanceSheetHistory": {"balanceSheetStatements": [{"maxAge": 1, "endDate": "2020-03-31", "cash": 9091300000, "netReceivables": 32294900000, "inventory": 729700000, "otherCurrentAssets": 6947400000, "totalCurrentAssets": 59421100000, "longTermInvestments": 9013200000, "propertyPlantEquipment": 109034800000, "goodWill": 918400000, "intangibleAssets": 17437200000, "otherAssets": 25790000000, "deferredLongTermAssetCharges": 2798600000, "totalAssets": 221614700000, "accountsPayable": 38449900000, "shortLongTermDebt": 16792200000, "otherCurrentLiab": 23069000000, "longTermDebt": 68312100000, "otherLiab": 38394200000, "minorityInterest": 47500000, "totalCurrentLiabilities": 113704300000, "totalLiab": 234350800000, "commonStock": 2850000000, "retainedEarnings": 1432500000, "treasuryStock": -24316200000, "capitalSurplus": 7250100000, "otherStockholderEquity": -24316200000, "totalStockholderEquity": -12783600000, "netTangibleAssets": -31139200000}, {"maxAge": 1, "endDate": "2019-03-31", "cash": 8520800000, "netReceivables": 29691800000, "inventory": 765800000, "otherCurrentAssets": 4309800000, "totalCurrentAssets": 53069500000, "longTermInvestments": 8952900000, "propertyPlantEquipment": 95398000000, "goodWill": 862800000, "intangibleAssets": 17515600000, "otherAssets": 24328800000, "deferredLongTermAssetCharges": 1502900000, "totalAssets": 200127600000, "accountsPayable": 36885200000, "shortLongTermDebt": 7699400000, "otherCurrentLiab": 19455200000, "longTermDebt": 68049400000, "otherLiab": 39252400000, "minorityInterest": 57600000, "totalCurrentLiabilities": 94525100000, "totalLiab": 201888100000, "commonStock": 2850000000, "retainedEarnings": 5364800000, "treasuryStock": -17283000000, "capitalSurplus": 7250100000, "otherStockholderEquity": -17283000000, "totalStockholderEquity": -1818100000, "netTangibleAssets": -20196500000}, {"maxAge": 1, "endDate": "2018-03-31", "cash": 12955800000, "netReceivables": 29550500000, "inventory": 269900000, "otherCurrentAssets": 2764900000, "totalCurrentAssets": 49921600000, "longTermInvestments": 10796300000, "propertyPlantEquipment": 95145100000, "intangibleAssets": 15901400000, "otherAssets": 24263200000, "deferredLongTermAssetCharges": 932300000, "totalAssets": 196027600000, "accountsPayable": 34715700000, "shortLongTermDebt": 12497700000, "otherCurrentLiab": 19642100000, "longTermDebt": 58983100000, "otherLiab": 39517800000, "minorityInterest": 44800000, "totalCurrentLiabilities": 92374300000, "totalLiab": 190989600000, "commonStock": 2850000000, "retainedEarnings": 7710000000, "treasuryStock": -12816900000, "capitalSurplus": 7250100000, "otherStockholderEquity": -12816900000, "totalStockholderEquity": 4993200000, "netTangibleAssets": -10908200000}, {"maxAge": 1, "endDate": "2017-03-31", "cash": 10792900000, "netReceivables": 25910700000, "inventory": 192000000, "otherCurrentAssets": 4608700000, "totalCurrentAssets": 51857900000, "longTermInvestments": 16374000000, "propertyPlantEquipment": 99220100000, "intangibleAssets": 15427500000, "otherAssets": 28143400000, "deferredLongTermAssetCharges": 690400000, "totalAssets": 211022900000, "accountsPayable": 35813800000, "shortLongTermDebt": 8460800000, "otherCurrentLiab": 17750100000, "longTermDebt": 68112900000, "otherLiab": 42717300000, "minorityInterest": 183700000, "totalCurrentLiabilities": 83921700000, "totalLiab": 194920200000, "commonStock": 2850000000, "retainedEarnings": 12989700000, "treasuryStock": -7170800000, "capitalSurplus": 7250100000, "otherStockholderEquity": -7170800000, "totalStockholderEquity": 15919000000, "netTangibleAssets": 491500000}], "maxAge": 86400}, "earningsTrend": {"trend": [{"maxAge": 1, "period": "0q", "endDate": "2018-06-30", "growth": {}, "earningsEstimate": {"avg": 0.0, "low": 0.0, "high": 0.0, "yearAgoEps": 1.13, "numberOfAnalysts": 0, "growth": {}}, "revenueEstimate": {"avg": 42575000000, "low": 42575000000, "high": 42575000000, "numberOfAnalysts": 1, "yearAgoRevenue": 43100200000, "growth": -0.012}, "epsTrend": {"current": 0.0, "7daysAgo": 0.0, "30daysAgo": 0.0, "60daysAgo": 0.0, "90daysAgo": 0.0}, "epsRevisions": {"upLast7days": 0, "upLast30days": 0, "downLast30days": 0, "downLast90days": {}}}, {"maxAge": 1, "period": "+1q", "endDate": "2018-09-30", "growth": {}, "earningsEstimate": {"avg": 0.0, "low": 0.0, "high": 0.0, "yearAgoEps": -1.28, "numberOfAnalysts": 0, "growth": {}}, "revenueEstimate": {"avg": 0, "low": 0, "high": 0, "numberOfAnalysts": 0, "yearAgoRevenue": {}, "growth": {}}, "epsTrend": {"current": 0.0, "7daysAgo": 0.0, "30daysAgo": 0.0, "60daysAgo": 0.0, "90daysAgo": 0.0}, "epsRevisions": {"upLast7days": 0, "upLast30days": 0, "downLast30days": 0, "downLast90days": {}}}, {"maxAge": 1, "period": "0y", "endDate": "2019-03-31", "growth": 5.83, "earningsEstimate": {"avg": 11.27, "low": 4.2, "high": 20.0, "yearAgoEps": 1.65, "numberOfAnalysts": 12, "growth": 5.83}, "revenueEstimate": {"avg": 170117000000, "low": 164497000000, "high": 178596000000, "numberOfAnalysts": 12, "yearAgoRevenue": 166508000000, "growth": 0.022}, "epsTrend": {"current": 11.27, "7daysAgo": 11.27, "30daysAgo": 12.99, "60daysAgo": 13.7, "90daysAgo": 13.75}, "epsRevisions": {"upLast7days": 0, "upLast30days": 0, "downLast30days": 0, "downLast90days": {}}}, {"maxAge": 1, "period": "+1y", "endDate": "2020-03-31", "growth": 0.78800005, "earningsEstimate": {"avg": 20.15, "low": 8.3, "high": 31.8, "yearAgoEps": 11.27, "numberOfAnalysts": 11, "growth": 0.78800005}, "revenueEstimate": {"avg": 179685000000, "low": 168991000000, "high": 191214000000, "numberOfAnalysts": 11, "yearAgoRevenue": 170117000000, "growth": 0.055999998}, "epsTrend": {"current": 20.15, "7daysAgo": 20.15, "30daysAgo": 20.61, "60daysAgo": 21.5, "90daysAgo": 21.5}, "epsRevisions": {"upLast7days": 0, "upLast30days": 0, "downLast30days": 0, "downLast90days": {}}}, {"maxAge": 1, "period": "+5y", "endDate": null, "growth": 0.27, "earningsEstimate": {"avg": {}, "low": {}, "high": {}, "yearAgoEps": {}, "numberOfAnalysts": {}, "growth": {}}, "revenueEstimate": {"avg": {}, "low": {}, "high": {}, "numberOfAnalysts": {}, "yearAgoRevenue": {}, "growth": {}}, "epsTrend": {"current": {}, "7daysAgo": {}, "30daysAgo": {}, "60daysAgo": {}, "90daysAgo": {}}, "epsRevisions": {"upLast7days": {}, "upLast30days": {}, "downLast30days": {}, "downLast90days": {}}}, {"maxAge": 1, "period": "-5y", "endDate": null, "growth": -0.17525, "earningsEstimate": {"avg": {}, "low": {}, "high": {}, "yearAgoEps": {}, "numberOfAnalysts": {}, "growth": {}}, "revenueEstimate": {"avg": {}, "low": {}, "high": {}, "numberOfAnalysts": {}, "yearAgoRevenue": {}, "growth": {}}, "epsTrend": {"current": {}, "7daysAgo": {}, "30daysAgo": {}, "60daysAgo": {}, "90daysAgo": {}}, "epsRevisions": {"upLast7days": {}, "upLast30days": {}, "downLast30days": {}, "downLast90days": {}}}], "maxAge": 1}, "financialData": {"maxAge": 86400, "currentPrice": 1100.05, "targetHighPrice": 845.0, "targetLowPrice": 605.0, "targetMeanPrice": 717.93, "targetMedianPrice": 725.0, "recommendationMean": 2.2, "recommendationKey": "buy", "numberOfAnalystOpinions": 15, "grossProfits": 54604100000, "financialCurrency": "INR"}}}