{"TATASTLLP.NS": {"assetProfile": {"address1": "PO Joda", "city": "Keonjhar", "zip": "758034", "country": "India", "phone": "91 67 6727 8178", "fax": "91 67 6727 8159", "website": "http://www.tatasteellp.com", "industry": "Steel", "sector": "Basic Materials", "longBusinessSummary": "Tata Steel Long Products Limited manufactures and sells sponge iron in India. The company offers sponge iron to secondary steel sector for the production of steel. It also operates two power plants with a combined generation capacity of 26 MW that generate power from waste heat. In addition, the company exports sponge iron. The company was formerly known as Tata Sponge Iron Limited and changed its name to Tata Steel Long Products Limited in August 2019. Tata Steel Long Products Limited was incorporated in 1982 and is based in Keonjhar, India. Tata Steel Long Products Limited is a subsidiary of Tata Steel Limited.", "companyOfficers": [{"maxAge": 1, "name": "Mr. Ashish  Anupam", "age": 52, "title": "MD & Exec. Director", "yearBorn": 1968, "fiscalYear": 2020, "totalPay": 14806800, "exercisedValue": 0, "unexercisedValue": 0}, {"maxAge": 1, "name": "Mr. S. K. Mishra", "title": "Chief Financial Officer", "fiscalYear": 2020, "totalPay": 6077000, "exercisedValue": 0, "unexercisedValue": 0}, {"maxAge": 1, "name": "Mr. Sanjay Kumar Shrivastav", "age": 48, "title": "Joint Chief Financial Officer", "yearBorn": 1972, "fiscalYear": 2020, "totalPay": 9934442, "exercisedValue": 0, "unexercisedValue": 0}, {"maxAge": 1, "name": "Mr. Partha  Chattopadhyay", "title": "Chief Operating Officer", "fiscalYear": 2019, "exercisedValue": 0, "unexercisedValue": 0}, {"maxAge": 1, "name": "Mr. R. N. Panda", "title": "Chief of Fin. & Accounts", "fiscalYear": 2019, "exercisedValue": 0, "unexercisedValue": 0}, {"maxAge": 1, "name": "Mr. Sankar  Bhattacharya", "title": "Company Sec. & Compliance Officer", "exercisedValue": 0, "unexercisedValue": 0}, {"maxAge": 1, "name": "Mr. M. K. Sheshadri", "title": "Chief of Marketing & Sales", "fiscalYear": 2019, "exercisedValue": 0, "unexercisedValue": 0}, {"maxAge": 1, "name": "Mr. Ujjwal  Chatterjee", "title": "Chief Bus. Devel. Officer", "fiscalYear": 2019, "exercisedValue": 0, "unexercisedValue": 0}, {"maxAge": 1, "name": "Mr. T. P. Dash", "title": "Chief of Supply Chain Management", "fiscalYear": 2018, "exercisedValue": 0, "unexercisedValue": 0}, {"maxAge": 1, "name": "Mr. R. K. Manchanda", "title": "Chief of Maintenance", "fiscalYear": 2019, "exercisedValue": 0, "unexercisedValue": 0}], "compensationAsOfEpochDate": "2020-12-31 05:30:00", "maxAge": 86400}, "cashflowStatementHistory": {"cashflowStatements": [{"maxAge": 1, "endDate": "2021-03-31", "netIncome": 5720100000, "depreciation": 3271900000, "changeToNetincome": 2014700000, "changeToLiabilities": 0, "changeToInventory": -157400000, "changeToOperatingActivities": 6047900000, "totalCashFromOperatingActivities": 16897200000, "capitalExpenditures": -424700000, "investments": 1048300000, "otherCashflowsFromInvestingActivities": 270900000, "totalCashflowsFromInvestingActivities": 910700000, "netBorrowings": -13340000000, "otherCashflowsFromFinancingActivities": -2254200000, "totalCashFromFinancingActivities": -15594200000, "changeInCash": 2213700000}, {"maxAge": 1, "endDate": "2020-03-31", "netIncome": -5162320000, "depreciation": 3107509000, "changeToNetincome": 3530502000, "changeToLiabilities": 0, "changeToInventory": -4359489000, "changeToOperatingActivities": -473206000, "totalCashFromOperatingActivities": -3356575000, "capitalExpenditures": -381303000, "investments": 3125798000, "otherCashflowsFromInvestingActivities": 570361000, "totalCashflowsFromInvestingActivities": -35744112000, "dividendsPaid": -192500000, "netBorrowings": 26325556000, "otherCashflowsFromFinancingActivities": -2881046000, "totalCashFromFinancingActivities": 38048933000, "changeInCash": -1051754000, "issuanceOfStock": 14796923000}, {"maxAge": 1, "endDate": "2019-03-31", "netIncome": 1243867000, "depreciation": 115467000, "changeToNetincome": -570864000, "changeToLiabilities": 0, "changeToInventory": -311882000, "changeToOperatingActivities": 525561000, "totalCashFromOperatingActivities": 1002519000, "capitalExpenditures": -1584331000, "investments": 1011283000, "otherCashflowsFromInvestingActivities": 447320000, "totalCashflowsFromInvestingActivities": -124333000, "dividendsPaid": -308000000, "netBorrowings": 26325556000, "otherCashflowsFromFinancingActivities": -63310000, "totalCashFromFinancingActivities": -371310000, "changeInCash": 506876000, "issuanceOfStock": 14796923000}, {"maxAge": 1, "endDate": "2018-03-31", "netIncome": 1408795000, "depreciation": 123015000, "changeToNetincome": -174285000, "changeToAccountReceivables": -230383000, "changeToLiabilities": 143842000, "changeToInventory": -350121000, "changeToOperatingActivities": -510107000, "totalCashFromOperatingActivities": 410816000, "capitalExpenditures": -68098000, "investments": -2422502000, "otherCashflowsFromInvestingActivities": 359963000, "totalCashflowsFromInvestingActivities": -2130516000, "dividendsPaid": -167434000, "netBorrowings": 26325556000, "otherCashflowsFromFinancingActivities": -34486000, "totalCashFromFinancingActivities": -201920000, "changeInCash": -1921620000, "issuanceOfStock": 14796923000}], "maxAge": 86400}, "institutionOwnership": {"maxAge": 1, "ownershipList": []}, "majorHoldersBreakdown": {"maxAge": 1, "insidersPercentHeld": 0.75378996, "institutionsPercentHeld": 0.05727, "institutionsFloatPercentHeld": 0.2326, "institutionsCount": 7}, "balanceSheetHistoryQuarterly": {"balanceSheetStatements": [{"maxAge": 1, "endDate": "2021-03-31", "cash": 2818100000, "shortTermInvestments": 1837000000, "netReceivables": 778200000, "inventory": 8127100000, "otherCurrentAssets": 1017400000, "totalCurrentAssets": 14577800000, "longTermInvestments": 206100000, "propertyPlantEquipment": 40704100000, "goodWill": 56600000, "intangibleAssets": 2893700000, "otherAssets": 648900000, "totalAssets": 59087200000, "accountsPayable": 12292500000, "otherCurrentLiab": 5809600000, "longTermDebt": 13201500000, "otherLiab": 801600000, "totalCurrentLiabilities": 18270300000, "totalLiab": 33145900000, "commonStock": 451000000, "treasuryStock": 25490300000, "otherStockholderEquity": 25490300000, "totalStockholderEquity": 25941300000, "netTangibleAssets": 22991000000}, {"maxAge": 1, "endDate": "2020-12-31", "totalStockholderEquity": 19450900000, "netTangibleAssets": 16489200000}, {"maxAge": 1, "endDate": "2020-09-30", "cash": 3815200000, "shortTermInvestments": 1582900000, "netReceivables": 756500000, "inventory": 6411100000, "otherCurrentAssets": 1121400000, "totalCurrentAssets": 13687100000, "longTermInvestments": 189700000, "propertyPlantEquipment": 42117200000, "goodWill": 56600000, "intangibleAssets": 2905100000, "otherAssets": 2343100000, "totalAssets": 61298800000, "accountsPayable": 8975600000, "otherCurrentLiab": 6361900000, "longTermDebt": 24720800000, "otherLiab": 739900000, "totalCurrentLiabilities": 15462600000, "totalLiab": 41847900000, "commonStock": 451000000, "treasuryStock": 18999900000, "otherStockholderEquity": 18999900000, "totalStockholderEquity": 19450900000, "netTangibleAssets": 16489200000}, {"maxAge": 1, "endDate": "2020-06-30", "totalStockholderEquity": 20168100000, "netTangibleAssets": 17129400000}], "maxAge": 86400}, "indexTrend": {"maxAge": 1, "symbol": "SP5", "peRatio": 19.7411, "pegRatio": 1.34172, "estimates": [{"period": "0q", "growth": 0.549}, {"period": "+1q", "growth": 0.431}, {"period": "0y", "growth": 0.305}, {"period": "+1y", "growth": 0.109}, {"period": "+5y", "growth": 0.120865}, {"period": "-5y"}]}, "defaultKeyStatistics": {"maxAge": 1, "priceHint": 2, "enterpriseValue": 48058114048, "profitMargins": 0.12043, "floatShares": 10765841, "sharesOutstanding": 45100000, "heldPercentInsiders": 0.75378996, "heldPercentInstitutions": 0.05727, "beta": 1.176793, "category": null, "bookValue": 575.218, "priceToBook": 1.5571487, "fundFamily": null, "legalType": null, "lastFiscalYearEnd": "2021-03-31 05:30:00", "nextFiscalYearEnd": "2023-03-31 05:30:00", "mostRecentQuarter": "2021-03-31 05:30:00", "netIncomeToCommon": 5720099840, "trailingEps": 126.83, "lastSplitFactor": null, "enterpriseToRevenue": 1.012, "enterpriseToEbitda": 4.375, "52WeekChange": 3.018394, "SandP52WeekChange": 0.48148263, "lastDividendValue": 17.0723, "lastDividendDate": 1531180800}, "summaryProfile": {"address1": "PO Joda", "city": "Keonjhar", "zip": "758034", "country": "India", "phone": "91 67 6727 8178", "fax": "91 67 6727 8159", "website": "http://www.tatasteellp.com", "industry": "Steel", "sector": "Basic Materials", "longBusinessSummary": "Tata Steel Long Products Limited manufactures and sells sponge iron in India. The company offers sponge iron to secondary steel sector for the production of steel. It also operates two power plants with a combined generation capacity of 26 MW that generate power from waste heat. In addition, the company exports sponge iron. The company was formerly known as Tata Sponge Iron Limited and changed its name to Tata Steel Long Products Limited in August 2019. Tata Steel Long Products Limited was incorporated in 1982 and is based in Keonjhar, India. Tata Steel Long Products Limited is a subsidiary of Tata Steel Limited.", "companyOfficers": [], "maxAge": 86400}, "netSharePurchaseActivity": {"maxAge": 1, "period": "6m", "buyInfoCount": 0, "buyInfoShares": 0, "sellInfoCount": 0, "netInfoCount": 0, "netInfoShares": 0, "netPercentInsiderShares": 0.0, "totalInsiderShares": 33994568}, "insiderTransactions": {"transactions": [{"maxAge": 1, "shares": 25000, "value": 162395, "filerUrl": "", "transactionText": "Sale at price 6.50 per share.", "filerName": "Tata Steel Ltd", "filerRelation": "Promoter", "moneyText": "", "startDate": "2020-11-24", "ownership": "D"}, {"maxAge": 1, "shares": 10000, "value": 66149, "filerUrl": "", "transactionText": "Sale at price 6.61 per share.", "filerName": "Tata Steel Ltd", "filerRelation": "Promoter", "moneyText": "", "startDate": "2020-11-23", "ownership": "D"}, {"maxAge": 1, "shares": 50000, "filerUrl": "", "transactionText": "", "filerName": "Reliance Capital Trustee Co Ltd - A/c Reliance Small Cap Fun", "filerRelation": "Promoter", "moneyText": "", "startDate": "2020-01-02", "ownership": "D"}], "maxAge": 1}, "quoteType": {"exchange": "NSI", "quoteType": "EQUITY", "symbol": "TATASTLLP.NS", "underlyingSymbol": "TATASTLLP.NS", "shortName": "TATA STEEL LONG PRO LTD", "longName": "Tata Steel Long Products Limited", "firstTradeDateEpochUtc": "1996-01-01 09:15:00", "timeZoneFullName": "Asia/Kolkata", "timeZoneShortName": "IST", "uuid": "27f55c59-0821-3035-a126-f0af2f35e7e3", "messageBoardId": "finmb_10040255", "gmtOffSetMilliseconds": 19800000, "maxAge": 1}, "incomeStatementHistory": {"incomeStatementHistory": [{"maxAge": 1, "endDate": "2021-03-31", "totalRevenue": 47498700000, "costOfRevenue": 22384500000, "grossProfit": 25114200000, "researchDevelopment": {}, "sellingGeneralAdministrative": 2148100000, "nonRecurring": {}, "otherOperatingExpenses": 11982000000, "totalOperatingExpenses": 39786500000, "operatingIncome": 7712200000, "totalOtherIncomeExpenseNet": -1563500000, "ebit": 7712200000, "interestExpense": -2346300000, "incomeBeforeTax": 6148700000, "incomeTaxExpense": 428600000, "minorityInterest": {}, "netIncomeFromContinuingOps": 5720100000, "discontinuedOperations": {}, "extraordinaryItems": {}, "effectOfAccountingCharges": {}, "otherItems": {}, "netIncome": 5720100000, "netIncomeApplicableToCommonShares": 5720100000}, {"maxAge": 1, "endDate": "2020-03-31", "totalRevenue": 34899939000, "costOfRevenue": 22950998000, "grossProfit": 11948941000, "researchDevelopment": {}, "sellingGeneralAdministrative": 1964137000, "nonRecurring": {}, "otherOperatingExpenses": 8275003000, "totalOperatingExpenses": 36298076000, "operatingIncome": -1398137000, "totalOtherIncomeExpenseNet": -3903820000, "ebit": -1398137000, "interestExpense": -2907309000, "incomeBeforeTax": -5301957000, "incomeTaxExpense": -139637000, "minorityInterest": {}, "netIncomeFromContinuingOps": -5162320000, "discontinuedOperations": {}, "extraordinaryItems": {}, "effectOfAccountingCharges": {}, "otherItems": {}, "netIncome": -5162320000, "netIncomeApplicableToCommonShares": -5162320000}, {"maxAge": 1, "endDate": "2019-03-31", "totalRevenue": 9920530000, "costOfRevenue": 7308382000, "grossProfit": 2612148000, "researchDevelopment": {}, "sellingGeneralAdministrative": 456798000, "nonRecurring": {}, "otherOperatingExpenses": 683211000, "totalOperatingExpenses": 8564181000, "operatingIncome": 1356349000, "totalOtherIncomeExpenseNet": 521861000, "ebit": 1356349000, "interestExpense": -30218000, "incomeBeforeTax": 1878210000, "incomeTaxExpense": 634343000, "minorityInterest": {}, "netIncomeFromContinuingOps": 1243867000, "discontinuedOperations": {}, "extraordinaryItems": {}, "effectOfAccountingCharges": {}, "otherItems": {}, "netIncome": 1243867000, "netIncomeApplicableToCommonShares": 1243867000}, {"maxAge": 1, "endDate": "2018-03-31", "totalRevenue": 8001673000, "costOfRevenue": 5132883000, "grossProfit": 2868790000, "researchDevelopment": {}, "sellingGeneralAdministrative": 425973000, "nonRecurring": {}, "otherOperatingExpenses": 615552000, "totalOperatingExpenses": 6297436000, "operatingIncome": 1704237000, "totalOtherIncomeExpenseNet": 397820000, "ebit": 1704237000, "interestExpense": -32467000, "incomeBeforeTax": 2102057000, "incomeTaxExpense": 693262000, "minorityInterest": {}, "netIncomeFromContinuingOps": 1408795000, "discontinuedOperations": {}, "extraordinaryItems": {}, "effectOfAccountingCharges": {}, "otherItems": {}, "netIncome": 1408795000, "netIncomeApplicableToCommonShares": 1408795000}], "maxAge": 86400}, "fundOwnership": {"maxAge": 1, "ownershipList": [{"maxAge": 1, "reportDate": "2021-01-31", "organization": "DFA Emerging Markets Core Equity Portfolio", "pctHeld": 0.0015, "position": 66703, "value": 41949516}, {"maxAge": 1, "reportDate": "2021-01-31", "organization": "DFA Emerging Markets Small Cap Series", "pctHeld": 0.0014, "position": 63429, "value": 39890498}, {"maxAge": 1, "reportDate": "2021-01-31", "organization": "DFA Investment Dimensions-World Ex U.S. Core Equity Port", "pctHeld": 0.0002, "position": 7583, "value": 4768948}, {"maxAge": 1, "reportDate": "2021-01-31", "organization": "DFA T.A. World Ex U.S. Core Equity Portfolio", "pctHeld": 0.0001, "position": 5359, "value": 3370275}, {"maxAge": 1, "reportDate": "2021-03-31", "organization": "Avantis Emerging Markets Equity Fund", "pctHeld": 0.0001, "position": 3831, "value": 2769621}, {"maxAge": 1, "reportDate": "2021-02-28", "organization": "Avantis Emerging Markets Equity ETF", "pctHeld": 0.0001, "position": 3831, "value": 2634770}]}, "summaryDetail": {"maxAge": 1, "priceHint": 2, "previousClose": 853.05, "open": 848.0, "dayLow": 847.0, "dayHigh": 895.7, "regularMarketPreviousClose": 853.05, "regularMarketOpen": 848.0, "regularMarketDayLow": 847.0, "regularMarketDayHigh": 895.7, "exDividendDate": "2019-07-05 05:30:00", "payoutRatio": 0.0, "beta": 1.176793, "trailingPE": 7.062209, "volume": 164687, "regularMarketVolume": 164687, "averageVolume": 137633, "averageVolume10days": 204784, "averageDailyVolume10Day": 204784, "bid": 0.0, "ask": 0.0, "marketCap": 40388993024, "fiftyTwoWeekLow": 214.0, "fiftyTwoWeekHigh": 895.7, "priceToSalesTrailing12Months": 0.8503179, "fiftyDayAverage": 759.3, "twoHundredDayAverage": 617.9281, "trailingAnnualDividendRate": 5.0, "trailingAnnualDividendYield": 0.005861321, "currency": "INR", "fromCurrency": null, "toCurrency": null, "lastMarket": null, "algorithm": null, "tradeable": false}, "incomeStatementHistoryQuarterly": {"incomeStatementHistory": [{"maxAge": 1, "endDate": "2021-03-31", "totalRevenue": 15467400000, "costOfRevenue": 6391400000, "grossProfit": 9076000000, "researchDevelopment": {}, "sellingGeneralAdministrative": 502800000, "nonRecurring": {}, "otherOperatingExpenses": 3595000000, "totalOperatingExpenses": 11329500000, "operatingIncome": 4137900000, "totalOtherIncomeExpenseNet": -306100000, "ebit": 4137900000, "interestExpense": -460900000, "incomeBeforeTax": 3831800000, "incomeTaxExpense": 433200000, "minorityInterest": {}, "netIncomeFromContinuingOps": 3398600000, "discontinuedOperations": {}, "extraordinaryItems": {}, "effectOfAccountingCharges": {}, "otherItems": {}, "netIncome": 3398600000, "netIncomeApplicableToCommonShares": 3398600000}, {"maxAge": 1, "endDate": "2020-12-31", "totalRevenue": 13641700000, "costOfRevenue": 5508300000, "grossProfit": 8133400000, "researchDevelopment": {}, "sellingGeneralAdministrative": 564600000, "nonRecurring": {}, "otherOperatingExpenses": 3472500000, "totalOperatingExpenses": 10392400000, "operatingIncome": 3249300000, "totalOtherIncomeExpenseNet": -209800000, "ebit": 3249300000, "interestExpense": -567600000, "incomeBeforeTax": 3039500000, "incomeTaxExpense": -4500000, "minorityInterest": {}, "netIncomeFromContinuingOps": 3044000000, "discontinuedOperations": {}, "extraordinaryItems": {}, "effectOfAccountingCharges": {}, "otherItems": {}, "netIncome": 3044000000, "netIncomeApplicableToCommonShares": 3044000000}, {"maxAge": 1, "endDate": "2020-09-30", "totalRevenue": 11858600000, "costOfRevenue": 6616700000, "grossProfit": 5241900000, "researchDevelopment": {}, "sellingGeneralAdministrative": 607900000, "nonRecurring": {}, "otherOperatingExpenses": 2798400000, "totalOperatingExpenses": 10809400000, "operatingIncome": 1049200000, "totalOtherIncomeExpenseNet": -471300000, "ebit": 1049200000, "interestExpense": -627900000, "incomeBeforeTax": 577900000, "incomeTaxExpense": -12700000, "minorityInterest": {}, "netIncomeFromContinuingOps": 590600000, "discontinuedOperations": {}, "extraordinaryItems": {}, "effectOfAccountingCharges": {}, "otherItems": {}, "netIncome": 590600000, "netIncomeApplicableToCommonShares": 590600000}, {"maxAge": 1, "endDate": "2020-06-30", "totalRevenue": 6531000000, "costOfRevenue": 3868100000, "grossProfit": 2662900000, "researchDevelopment": {}, "sellingGeneralAdministrative": 472800000, "nonRecurring": {}, "otherOperatingExpenses": 2116100000, "totalOperatingExpenses": 7255200000, "operatingIncome": -724200000, "totalOtherIncomeExpenseNet": -576300000, "ebit": -724200000, "interestExpense": -690000000, "incomeBeforeTax": -1300500000, "incomeTaxExpense": 12600000, "minorityInterest": {}, "netIncomeFromContinuingOps": -1313100000, "discontinuedOperations": {}, "extraordinaryItems": {}, "effectOfAccountingCharges": {}, "otherItems": {}, "netIncome": -1313100000, "netIncomeApplicableToCommonShares": -1313100000}], "maxAge": 86400}, "cashflowStatementHistoryQuarterly": {"cashflowStatements": [{"maxAge": 1, "endDate": "2021-03-31", "netIncome": 3398600000, "changeToLiabilities": 0}, {"maxAge": 1, "endDate": "2020-12-31", "netIncome": 3044000000, "changeToLiabilities": 0}, {"maxAge": 1, "endDate": "2020-09-30", "netIncome": 590600000, "changeToLiabilities": 0}, {"maxAge": 1, "endDate": "2020-06-30", "netIncome": -1313100000, "changeToLiabilities": 0}], "maxAge": 86400}, "insiderHolders": {"holders": [{"maxAge": 1, "name": "Reliance Capital Trustee Co Ltd - A/c Reliance Small Cap Fun", "relation": "Promoter", "url": "", "transactionDescription": "Acquisition", "latestTransDate": "2020-01-02", "positionDirect": 2271216, "positionDirectDate": "2020-01-02"}, {"maxAge": 1, "name": "Tata Steel Ltd", "relation": "Promoter", "url": "", "transactionDescription": "Sale", "latestTransDate": "2020-11-24", "positionDirect": 34202521, "positionDirectDate": "2020-11-24"}], "maxAge": 1}, "calendarEvents": {"maxAge": 1, "earnings": {"earningsDate": []}, "exDividendDate": "2019-07-05 05:30:00"}, "price": {"maxAge": 1, "regularMarketChangePercent": 0.049997102, "regularMarketChange": 42.650024, "regularMarketTime": "2021-04-30 15:30:00", "priceHint": 2, "regularMarketPrice": 895.7, "regularMarketDayHigh": 895.7, "regularMarketDayLow": 847.0, "regularMarketVolume": 164687, "averageDailyVolume10Day": 204784, "averageDailyVolume3Month": 137633, "regularMarketPreviousClose": 853.05, "regularMarketSource": "FREE_REALTIME", "regularMarketOpen": 848.0, "exchange": "NSI", "exchangeName": "NSE", "exchangeDataDelayedBy": 15, "marketState": "CLOSED", "quoteType": "EQUITY", "symbol": "TATASTLLP.NS", "underlyingSymbol": null, "shortName": "TATA STEEL LONG PRO LTD", "longName": "Tata Steel Long Products Limited", "currency": "INR", "quoteSourceName": "Delayed Quote", "currencySymbol": "\u20b9", "fromCurrency": null, "toCurrency": null, "lastMarket": null, "marketCap": 40388993024}, "balanceSheetHistory": {"balanceSheetStatements": [{"maxAge": 1, "endDate": "2021-03-31", "cash": 2818100000, "shortTermInvestments": 1837000000, "netReceivables": 778200000, "inventory": 8127100000, "otherCurrentAssets": 1017400000, "totalCurrentAssets": 14577800000, "longTermInvestments": 206100000, "propertyPlantEquipment": 40704100000, "goodWill": 56600000, "intangibleAssets": 2893700000, "otherAssets": 648900000, "totalAssets": 59087200000, "accountsPayable": 12292500000, "otherCurrentLiab": 5809600000, "longTermDebt": 13201500000, "otherLiab": 801600000, "totalCurrentLiabilities": 18270300000, "totalLiab": 33145900000, "commonStock": 451000000, "treasuryStock": 25490300000, "otherStockholderEquity": 25490300000, "totalStockholderEquity": 25941300000, "netTangibleAssets": 22991000000}, {"maxAge": 1, "endDate": "2020-03-31", "cash": 580310000, "netReceivables": 1757467000, "inventory": 7969727000, "otherCurrentAssets": 2426630000, "totalCurrentAssets": 12746789000, "longTermInvestments": 164000000, "propertyPlantEquipment": 43476672000, "goodWill": 56555000, "intangibleAssets": 2982109000, "otherAssets": 2340182000, "totalAssets": 61766307000, "accountsPayable": 7658279000, "otherCurrentLiab": 4296751000, "longTermDebt": 26440737000, "otherLiab": 701998000, "totalCurrentLiabilities": 13565071000, "totalLiab": 41598165000, "commonStock": 451000000, "retainedEarnings": 5202527000, "treasuryStock": 14692000, "capitalSurplus": 14499923000, "otherStockholderEquity": 14692000, "totalStockholderEquity": 20168142000, "netTangibleAssets": 17129478000}, {"maxAge": 1, "endDate": "2019-03-31", "cash": 1632064000, "shortTermInvestments": 1815322000, "netReceivables": 936654000, "inventory": 1152769000, "otherCurrentAssets": 203829000, "totalCurrentAssets": 6962375000, "longTermInvestments": 1215556000, "propertyPlantEquipment": 2271248000, "intangibleAssets": 5911000, "otherAssets": 2789382000, "totalAssets": 13244472000, "accountsPayable": 608096000, "otherCurrentLiab": 923504000, "otherLiab": 301051000, "totalCurrentLiabilities": 2107147000, "totalLiab": 2408198000, "commonStock": 154000000, "retainedEarnings": 10596916000, "treasuryStock": 85358000, "otherStockholderEquity": 85358000, "totalStockholderEquity": 10836274000, "netTangibleAssets": 10830363000}, {"maxAge": 1, "endDate": "2018-03-31", "cash": 1125188000, "shortTermInvestments": 3068400000, "netReceivables": 706199000, "inventory": 840887000, "otherCurrentAssets": 185567000, "totalCurrentAssets": 7206324000, "longTermInvestments": 1342540000, "propertyPlantEquipment": 1524869000, "intangibleAssets": 23303000, "otherAssets": 2046563000, "totalAssets": 12143599000, "accountsPayable": 549942000, "otherCurrentLiab": 847477000, "otherLiab": 296710000, "totalCurrentLiabilities": 1981629000, "totalLiab": 2278339000, "commonStock": 154000000, "retainedEarnings": 9724359000, "treasuryStock": -13099000, "otherStockholderEquity": -13099000, "totalStockholderEquity": 9865260000, "netTangibleAssets": 9841957000}], "maxAge": 86400}, "financialData": {"maxAge": 86400, "currentPrice": 895.7, "recommendationKey": "none", "totalCash": 4655099904, "totalCashPerShare": 103.221, "ebitda": 10984099840, "totalDebt": 14242199552, "quickRatio": 0.296, "currentRatio": 0.798, "totalRevenue": 47498698752, "debtToEquity": 54.902, "revenuePerShare": 1053.174, "returnOnAssets": 0.07977, "returnOnEquity": 0.24811001, "grossProfits": 25114200000, "freeCashflow": 13187415040, "operatingCashflow": 16897200128, "revenueGrowth": 0.534, "grossMargins": 0.52873003, "ebitdaMargins": 0.23125, "operatingMargins": 0.16237, "profitMargins": 0.12043, "financialCurrency": "INR"}}}