{"TATAMTRDVR.BO": {"recommendationTrend": {"trend": [{"period": "0m", "strongBuy": 0, "buy": 0, "hold": 0, "sell": 0, "strongSell": 0}, {"period": "-1m", "strongBuy": 0, "buy": 0, "hold": 0, "sell": 0, "strongSell": 0}, {"period": "-2m", "strongBuy": 0, "buy": 0, "hold": 0, "sell": 0, "strongSell": 0}, {"period": "-3m", "strongBuy": 0, "buy": 0, "hold": 0, "sell": 0, "strongSell": 0}], "maxAge": 86400}, "cashflowStatementHistory": {"cashflowStatements": [{"maxAge": 1, "endDate": "2020-03-31", "netIncome": -120708500000, "depreciation": 118147900000, "changeToNetincome": 122129600000, "changeToAccountReceivables": 79289300000, "changeToLiabilities": -80848100000, "changeToInventory": 23255000000, "changeToOperatingActivities": 28957800000, "totalCashFromOperatingActivities": 266329400000, "capitalExpenditures": -143191700000, "investments": -63479700000, "otherCashflowsFromInvestingActivities": 17319200000, "totalCashflowsFromInvestingActivities": -341702200000, "netBorrowings": 70982300000, "otherCashflowsFromFinancingActivities": -75973900000, "totalCashFromFinancingActivities": 33896100000, "effectOfExchangeRate": 10556700000, "changeInCash": -30920000000, "issuanceOfStock": 38887700000}, {"maxAge": 1, "endDate": "2019-03-31", "netIncome": -288262300000, "depreciation": 123461700000, "changeToNetincome": 313470400000, "changeToAccountReceivables": 9547000000, "changeToLiabilities": -46921300000, "changeToInventory": 20686400000, "changeToOperatingActivities": -55519000000, "totalCashFromOperatingActivities": 188907500000, "capitalExpenditures": -174195500000, "investments": 140163700000, "otherCashflowsFromInvestingActivities": 9870500000, "totalCashflowsFromInvestingActivities": -197110900000, "netBorrowings": 159302000000, "otherCashflowsFromFinancingActivities": -70998300000, "totalCashFromFinancingActivities": 88303700000, "effectOfExchangeRate": -14109200000, "changeInCash": 68430500000, "issuanceOfStock": 38887700000}, {"maxAge": 1, "endDate": "2018-03-31", "netIncome": 89889100000, "depreciation": 110891700000, "changeToNetincome": -2513800000, "changeToAccountReceivables": -43265800000, "changeToLiabilities": 73203400000, "changeToInventory": -35604300000, "changeToOperatingActivities": -58670300000, "totalCashFromOperatingActivities": 238574200000, "capitalExpenditures": -198654300000, "investments": 63446800000, "otherCashflowsFromInvestingActivities": 24878800000, "totalCashflowsFromInvestingActivities": -262016100000, "netBorrowings": 75183100000, "otherCashflowsFromFinancingActivities": -55066000000, "totalCashFromFinancingActivities": 20117100000, "effectOfExchangeRate": 13064100000, "changeInCash": 7299900000, "issuanceOfStock": 38887700000}, {"maxAge": 1, "endDate": "2017-03-31", "netIncome": 74543600000, "depreciation": 92098500000, "changeToNetincome": 15856600000, "changeToAccountReceivables": -23686600000, "changeToLiabilities": 93005600000, "changeToInventory": -66206700000, "changeToOperatingActivities": 29430100000, "totalCashFromOperatingActivities": 301992500000, "capitalExpenditures": -160717800000, "investments": -90477400000, "otherCashflowsFromInvestingActivities": 13903800000, "totalCashflowsFromInvestingActivities": -380798800000, "dividendsPaid": -730000000, "netBorrowings": 116576900000, "otherCashflowsFromFinancingActivities": -53839400000, "totalCashFromFinancingActivities": 62053000000, "effectOfExchangeRate": -14915200000, "changeInCash": -31668500000, "issuanceOfStock": 45500000}], "maxAge": 86400}, "institutionOwnership": {"ownershipList": [], "maxAge": 1}, "balanceSheetHistoryQuarterly": {"balanceSheetStatements": [{"maxAge": 1, "endDate": "2020-06-30", "totalStockholderEquity": 630785300000, "netTangibleAssets": -68931700000}, {"maxAge": 1, "endDate": "2020-03-31", "cash": 184678000000, "shortTermInvestments": 248578300000, "netReceivables": 171249000000, "inventory": 374568800000, "otherCurrentAssets": 45932500000, "totalCurrentAssets": 1195872500000, "longTermInvestments": 54469400000, "propertyPlantEquipment": 927577300000, "goodWill": 7770600000, "intangibleAssets": 344614100000, "otherAssets": 522571000000, "deferredLongTermAssetCharges": 54579000000, "totalAssets": 3221212600000, "accountsPayable": 636268800000, "shortLongTermDebt": 191323700000, "otherCurrentLiab": 307938800000, "longTermDebt": 833156200000, "otherLiab": 292965600000, "deferredLongTermLiab": 347332300000, "minorityInterest": 8135600000, "totalCurrentLiabilities": 1404540500000, "totalLiab": 2582291700000, "commonStock": 7194900000, "retainedEarnings": 366193600000, "treasuryStock": 38667900000, "capitalSurplus": 218728900000, "otherStockholderEquity": 38667900000, "totalStockholderEquity": 630785300000, "netTangibleAssets": 278400600000}, {"maxAge": 1, "endDate": "2019-12-31", "totalStockholderEquity": 522541000000, "netTangibleAssets": -110323300000}, {"maxAge": 1, "endDate": "2019-09-30", "cash": 278860400000, "shortTermInvestments": 97397800000, "netReceivables": 161894700000, "inventory": 392477100000, "otherCurrentAssets": 69114100000, "totalCurrentAssets": 1099434100000, "longTermInvestments": 95458500000, "propertyPlantEquipment": 868553800000, "goodWill": 7391900000, "intangibleAssets": 625472400000, "otherAssets": 92014500000, "deferredLongTermAssetCharges": 54739100000, "totalAssets": 3002278000000, "accountsPayable": 600885700000, "otherCurrentLiab": 595411300000, "longTermDebt": 739196900000, "otherLiab": 322568500000, "minorityInterest": 6220700000, "totalCurrentLiabilities": 1411750900000, "totalLiab": 2473516300000, "commonStock": 6792200000, "treasuryStock": 515748800000, "otherStockholderEquity": 515748800000, "totalStockholderEquity": 522541000000, "netTangibleAssets": -110323300000}], "maxAge": 86400}, "earningsHistory": {"history": [{"maxAge": 1, "epsActual": 3.52, "epsEstimate": 7.56, "epsDifference": -4.04, "surprisePercent": -0.53400004, "quarter": "2017-12-31", "period": "-4q"}, {"maxAge": 1, "epsActual": 11.23, "epsEstimate": 3.2, "epsDifference": 8.03, "surprisePercent": 2.5089998, "quarter": "2018-03-31", "period": "-3q"}, {"maxAge": 1, "epsActual": -5.6, "epsEstimate": 12.72, "epsDifference": -18.32, "surprisePercent": -1.44, "quarter": "2018-06-30", "period": "-2q"}, {"maxAge": 1, "epsActual": -1.53, "epsEstimate": 7.4, "epsDifference": -8.93, "surprisePercent": -1.207, "quarter": "2018-09-30", "period": "-1q"}], "maxAge": 86400}, "indexTrend": {"maxAge": 1, "symbol": "SP5", "peRatio": 19.7411, "pegRatio": 1.34172, "estimates": [{"period": "0q", "growth": 0.549}, {"period": "+1q", "growth": 0.431}, {"period": "0y", "growth": 0.305}, {"period": "+1y", "growth": 0.109}, {"period": "+5y", "growth": 0.120865}, {"period": "-5y"}]}, "industryTrend": {"maxAge": 1, "symbol": null, "estimates": []}, "insiderTransactions": {"transactions": [{"maxAge": 1, "shares": 635, "filerUrl": "", "transactionText": "", "filerName": "Tata AIA Life Insurance Company Ltd", "filerRelation": "Promoter", "moneyText": "", "startDate": "2012-03-27", "ownership": "D"}, {"maxAge": 1, "shares": 12000, "filerUrl": "", "transactionText": "", "filerName": "Tata AIA Life Insurance Company Ltd", "filerRelation": "Promoter", "moneyText": "", "startDate": "2012-03-14", "ownership": "D"}, {"maxAge": 1, "shares": 5000, "filerUrl": "", "transactionText": "", "filerName": "Tata AIA Life Insurance Company Ltd", "filerRelation": "Promoter", "moneyText": "", "startDate": "2012-03-14", "ownership": "D"}, {"maxAge": 1, "shares": 12500, "filerUrl": "", "transactionText": "", "filerName": "Tata AIA Life Insurance Company Ltd", "filerRelation": "Promoter", "moneyText": "", "startDate": "2012-03-14", "ownership": "D"}, {"maxAge": 1, "shares": 500, "filerUrl": "", "transactionText": "", "filerName": "Tata AIA Life Insurance Company Ltd", "filerRelation": "Promoter", "moneyText": "", "startDate": "2012-03-14", "ownership": "D"}], "maxAge": 1}, "quoteType": {"exchange": "BSE", "quoteType": "EQUITY", "symbol": "TATAMTRDVR.BO", "underlyingSymbol": "TATAMTRDVR.BO", "shortName": "TATA MOTORS LTD - DVR", "longName": "Tata Motors Limited", "firstTradeDateEpochUtc": "2008-11-05 09:15:00", "timeZoneFullName": "Asia/Kolkata", "timeZoneShortName": "IST", "uuid": "a6e8ac97-1884-3785-8949-1ea98f7ef2c9", "gmtOffSetMilliseconds": 19800000, "maxAge": 1}, "incomeStatementHistory": {"incomeStatementHistory": [{"maxAge": 1, "endDate": "2020-03-31", "totalRevenue": 2616806200000, "costOfRevenue": 1499248800000, "grossProfit": 1117557400000, "researchDevelopment": 41884900000, "sellingGeneralAdministrative": 380528400000, "nonRecurring": {}, "otherOperatingExpenses": 478049900000, "totalOperatingExpenses": 2613966300000, "operatingIncome": 2839900000, "totalOtherIncomeExpenseNet": -118639700000, "ebit": 2839900000, "interestExpense": -62336600000, "incomeBeforeTax": -115799800000, "incomeTaxExpense": 3952500000, "minorityInterest": 8135600000, "netIncomeFromContinuingOps": -119752300000, "discontinuedOperations": {}, "extraordinaryItems": {}, "effectOfAccountingCharges": {}, "otherItems": {}, "netIncome": -120708500000, "netIncomeApplicableToCommonShares": -120708500000}, {"maxAge": 1, "endDate": "2019-03-31", "totalRevenue": 3025597800000, "costOfRevenue": 1779069700000, "grossProfit": 1246528100000, "researchDevelopment": 42245700000, "sellingGeneralAdministrative": 419735000000, "nonRecurring": {}, "otherOperatingExpenses": 510900800000, "totalOperatingExpenses": 2987857500000, "operatingIncome": 37740300000, "totalOtherIncomeExpenseNet": -349356800000, "ebit": 37740300000, "interestExpense": -44579500000, "incomeBeforeTax": -311616500000, "incomeTaxExpense": -24374500000, "minorityInterest": 5230600000, "netIncomeFromContinuingOps": -287242000000, "discontinuedOperations": {}, "extraordinaryItems": {}, "effectOfAccountingCharges": {}, "otherItems": {}, "netIncome": -288262300000, "netIncomeApplicableToCommonShares": -288262300000}, {"maxAge": 1, "endDate": "2018-03-31", "totalRevenue": 2921087500000, "costOfRevenue": 1682639000000, "grossProfit": 1238448500000, "researchDevelopment": 35318700000, "sellingGeneralAdministrative": 392686800000, "nonRecurring": {}, "otherOperatingExpenses": 477032000000, "totalOperatingExpenses": 2803212400000, "operatingIncome": 117875100000, "totalOtherIncomeExpenseNet": 16457800000, "ebit": 117875100000, "interestExpense": -36936100000, "incomeBeforeTax": 134332900000, "incomeTaxExpense": 43419300000, "minorityInterest": 5250600000, "netIncomeFromContinuingOps": 90913600000, "discontinuedOperations": {}, "extraordinaryItems": {}, "effectOfAccountingCharges": {}, "otherItems": {}, "netIncome": 89889100000, "netIncomeApplicableToCommonShares": 89889100000}, {"maxAge": 1, "endDate": "2017-03-31", "totalRevenue": 2698496600000, "costOfRevenue": 1499519200000, "grossProfit": 1198977400000, "researchDevelopment": 34135700000, "sellingGeneralAdministrative": 370315700000, "nonRecurring": {}, "otherOperatingExpenses": 459538100000, "totalOperatingExpenses": 2542558600000, "operatingIncome": 155938000000, "totalOtherIncomeExpenseNet": -47860100000, "ebit": 155938000000, "interestExpense": -34845800000, "incomeBeforeTax": 108077900000, "incomeTaxExpense": 32512300000, "minorityInterest": 4531700000, "netIncomeFromContinuingOps": 75565600000, "discontinuedOperations": {}, "extraordinaryItems": {}, "effectOfAccountingCharges": {}, "otherItems": {}, "netIncome": 74543600000, "netIncomeApplicableToCommonShares": 74543600000}], "maxAge": 86400}, "fundOwnership": {"ownershipList": [{"maxAge": 1, "reportDate": "2020-07-31", "organization": "Vanguard International Stock Index-Total Intl Stock Indx", "pctHeld": 0.012, "position": 6100461, "value": 228462264}, {"maxAge": 1, "reportDate": "2020-07-31", "organization": "Vanguard International Stock Index-Emerging Markets Stk", "pctHeld": 0.01, "position": 5071396, "value": 189923780}, {"maxAge": 1, "reportDate": "2020-05-31", "organization": "Schwab Strategic Tr-Schwab Fundamental Emg Mkts Large Co Index ETF", "pctHeld": 0.0029, "position": 1495695, "value": 54069374}, {"maxAge": 1, "reportDate": "2020-07-31", "organization": "Vanguard Intl Equity Index Fds-FTSE All World ex U.S. Index Fund", "pctHeld": 0.0013, "position": 641015, "value": 24006011}, {"maxAge": 1, "reportDate": "2020-07-31", "organization": "Russell Inv Co-Emerging Markets Fund", "pctHeld": 0.0011999999, "position": 606124, "value": 22699343}, {"maxAge": 1, "reportDate": "2020-08-31", "organization": "Invesco ETF Tr II-Invesco FTSE RAFI Emerging Markets ETF", "pctHeld": 0.0011, "position": 581932, "value": 29649435}, {"maxAge": 1, "reportDate": "2020-07-31", "organization": "Schwab Capital Trust-Schwab Fundamental Emerging Mkts Large Co Idx Fd", "pctHeld": 0.00090000004, "position": 440612, "value": 16500919}, {"maxAge": 1, "reportDate": "2020-07-31", "organization": "Vanguard Intl Equity Index - Total World Stock Index Fd", "pctHeld": 0.0007, "position": 350021, "value": 13108286}, {"maxAge": 1, "reportDate": "2020-08-31", "organization": "Invesco India Exchange-Traded Fd Tr-Invesco India ETF", "pctHeld": 0.0001, "position": 75874, "value": 3865780}], "maxAge": 1}, "summaryDetail": {"maxAge": 1, "priceHint": 2, "previousClose": 130.4, "open": 129.8, "dayLow": 127.3, "dayHigh": 130.5, "regularMarketPreviousClose": 130.4, "regularMarketOpen": 129.8, "regularMarketDayLow": 127.3, "regularMarketDayHigh": 130.5, "forwardPE": 1.9829458, "volume": 76088, "regularMarketVolume": 76088, "averageVolume": 707422, "averageVolume10days": 497082, "averageDailyVolume10Day": 497082, "bid": 0.0, "ask": 127.85, "bidSize": 0, "askSize": 0, "marketCap": 842614177792, "fiftyTwoWeekLow": 28.35, "fiftyTwoWeekHigh": 130.5, "fiftyDayAverage": 88.04697, "twoHundredDayAverage": 64.6125, "currency": "INR", "fromCurrency": null, "lastMarket": null, "algorithm": null, "tradeable": false}, "sectorTrend": {"maxAge": 1, "symbol": null, "estimates": []}, "incomeStatementHistoryQuarterly": {"incomeStatementHistory": [{"maxAge": 1, "endDate": "2020-06-30", "totalRevenue": 319830600000, "costOfRevenue": 171407300000, "grossProfit": 148423300000, "researchDevelopment": 10949200000, "sellingGeneralAdministrative": 56942600000, "nonRecurring": {}, "otherOperatingExpenses": 74175900000, "totalOperatingExpenses": 369468700000, "operatingIncome": -49638100000, "totalOtherIncomeExpenseNet": -12796800000, "ebit": -49638100000, "interestExpense": -18768100000, "incomeBeforeTax": -62434900000, "incomeTaxExpense": 22004900000, "minorityInterest": {}, "netIncomeFromContinuingOps": -84439800000, "discontinuedOperations": {}, "extraordinaryItems": {}, "effectOfAccountingCharges": {}, "otherItems": {}, "netIncome": -84379900000, "netIncomeApplicableToCommonShares": -84379900000}, {"maxAge": 1, "endDate": "2020-03-31", "totalRevenue": 631056100000, "costOfRevenue": 359868600000, "grossProfit": 271187500000, "researchDevelopment": 12864600000, "sellingGeneralAdministrative": 153129700000, "nonRecurring": {}, "otherOperatingExpenses": 85710700000, "totalOperatingExpenses": 669722200000, "operatingIncome": -38666100000, "totalOtherIncomeExpenseNet": -56388400000, "ebit": -38666100000, "interestExpense": -9431400000, "incomeBeforeTax": -95054500000, "incomeTaxExpense": 3583000000, "minorityInterest": 8135600000, "netIncomeFromContinuingOps": -98637500000, "discontinuedOperations": {}, "extraordinaryItems": {}, "effectOfAccountingCharges": {}, "otherItems": {}, "netIncome": -98942500000, "netIncomeApplicableToCommonShares": -98942500000}, {"maxAge": 1, "endDate": "2019-12-31", "totalRevenue": 716760700000, "costOfRevenue": 420955000000, "grossProfit": 295805700000, "researchDevelopment": 10093100000, "sellingGeneralAdministrative": 77372900000, "nonRecurring": {}, "otherOperatingExpenses": 127373100000, "totalOperatingExpenses": 687786900000, "operatingIncome": 28973800000, "totalOtherIncomeExpenseNet": -17460900000, "ebit": 28973800000, "interestExpense": -17435900000, "incomeBeforeTax": 11512900000, "incomeTaxExpense": -6045900000, "minorityInterest": 8135600000, "netIncomeFromContinuingOps": 17558800000, "discontinuedOperations": {}, "extraordinaryItems": {}, "effectOfAccountingCharges": {}, "otherItems": {}, "netIncome": 17383000000, "netIncomeApplicableToCommonShares": 17383000000}, {"maxAge": 1, "endDate": "2019-09-30", "totalRevenue": 654319500000, "costOfRevenue": 360984000000, "grossProfit": 293335500000, "researchDevelopment": 10987200000, "sellingGeneralAdministrative": 72830100000, "nonRecurring": {}, "otherOperatingExpenses": 131187700000, "totalOperatingExpenses": 628984700000, "operatingIncome": 25334800000, "totalOtherIncomeExpenseNet": -22757100000, "ebit": 25334800000, "interestExpense": -18353600000, "incomeBeforeTax": 2577700000, "incomeTaxExpense": 4454700000, "minorityInterest": 6220700000, "netIncomeFromContinuingOps": -1877000000, "discontinuedOperations": {}, "extraordinaryItems": {}, "effectOfAccountingCharges": {}, "otherItems": {}, "netIncome": -2165600000, "netIncomeApplicableToCommonShares": -2165600000}], "maxAge": 86400}, "cashflowStatementHistoryQuarterly": {"cashflowStatements": [{"maxAge": 1, "endDate": "2020-06-30", "netIncome": -84379900000, "changeToLiabilities": 0}, {"maxAge": 1, "endDate": "2020-03-31", "netIncome": -98942500000, "changeToLiabilities": 0}, {"maxAge": 1, "endDate": "2019-12-31", "netIncome": 17383000000, "changeToLiabilities": 0}, {"maxAge": 1, "endDate": "2019-09-30", "netIncome": -2165600000, "changeToLiabilities": 0}], "maxAge": 86400}, "insiderHolders": {"holders": [{"maxAge": 1, "name": "Tata AIA Life Insurance Company Ltd", "relation": "Promoter", "url": "", "transactionDescription": "Acquisition", "latestTransDate": "2012-03-27", "positionDirect": 5473110, "positionDirectDate": "2012-03-27"}], "maxAge": 1}, "earnings": {"maxAge": 86400, "earningsChart": {"quarterly": [{"date": "4Q2017", "actual": 3.52, "estimate": 7.56}, {"date": "1Q2018", "actual": 11.23, "estimate": 3.2}, {"date": "2Q2018", "actual": -5.6, "estimate": 12.72}, {"date": "3Q2018", "actual": -1.53, "estimate": 7.4}], "currentQuarterEstimateDate": "4Q", "currentQuarterEstimateYear": 2018, "earningsDate": []}, "financialsChart": {"yearly": [{"date": 2017, "revenue": 2698496600000, "earnings": 74543600000}, {"date": 2018, "revenue": 2921087500000, "earnings": 89889100000}, {"date": 2019, "revenue": 3025597800000, "earnings": -288262300000}, {"date": 2020, "revenue": 2616806200000, "earnings": -120708500000}], "quarterly": [{"date": "3Q2019", "revenue": 654319500000, "earnings": -2165600000}, {"date": "4Q2019", "revenue": 716760700000, "earnings": 17383000000}, {"date": "1Q2020", "revenue": 631056100000, "earnings": -98942500000}, {"date": "2Q2020", "revenue": 319830600000, "earnings": -84379900000}]}, "financialCurrency": "INR"}, "calendarEvents": {"maxAge": 1, "earnings": {"earningsDate": []}}, "upgradeDowngradeHistory": {"history": [{"epochGradeDate": "2020-01-27 05:30:00", "firm": "UBS", "toGrade": "Buy", "fromGrade": "Neutral", "action": "up"}, {"epochGradeDate": "2019-10-28 05:30:00", "firm": "CLSA", "toGrade": "Buy", "fromGrade": "Sell", "action": "up"}, {"epochGradeDate": "2019-02-08 05:30:00", "firm": "Nomura", "toGrade": "Neutral", "fromGrade": "Buy", "action": "down"}, {"epochGradeDate": "2019-02-08 05:30:00", "firm": "Bank of America", "toGrade": "Neutral", "fromGrade": "Buy", "action": "down"}, {"epochGradeDate": "2017-08-11 05:30:00", "firm": "Bernstein", "toGrade": "Market Perform", "fromGrade": "Outperform", "action": "down"}, {"epochGradeDate": "2017-08-10 05:30:00", "firm": "Morgan Stanley", "toGrade": "Equal-Weight", "fromGrade": "Overweight", "action": "down"}, {"epochGradeDate": "2016-11-21 05:30:00", "firm": "Bernstein", "toGrade": "Outperform", "fromGrade": "Market Perform", "action": "up"}, {"epochGradeDate": "2016-09-09 05:30:00", "firm": "Bernstein", "toGrade": "Market Perform", "fromGrade": "Outperform", "action": "down"}, {"epochGradeDate": "2016-02-16 05:30:00", "firm": "Goldman Sachs", "toGrade": "Neutral", "fromGrade": "Sell", "action": "up"}, {"epochGradeDate": "2016-02-12 05:30:00", "firm": "Deutsche Bank", "toGrade": "Hold", "fromGrade": "Sell", "action": "up"}, {"epochGradeDate": "2015-11-23 05:30:00", "firm": "Goldman Sachs", "toGrade": "Sell", "fromGrade": "Neutral", "action": "down"}, {"epochGradeDate": "2015-11-09 05:30:00", "firm": "Karvy Stock Broking", "toGrade": "Hold", "fromGrade": "Buy", "action": "down"}, {"epochGradeDate": "2015-11-09 05:30:00", "firm": "Deutsche Bank", "toGrade": "Sell", "fromGrade": "Hold", "action": "down"}, {"epochGradeDate": "2015-11-03 05:30:00", "firm": "Bernstein", "toGrade": "Outperform", "fromGrade": "Market Perform", "action": "up"}, {"epochGradeDate": "2015-05-06 05:30:00", "firm": "Societe Generale", "toGrade": "Buy", "fromGrade": "Hold", "action": "up"}, {"epochGradeDate": "2014-09-02 05:30:00", "firm": "Jefferies", "toGrade": "Buy", "fromGrade": "Hold", "action": "up"}, {"epochGradeDate": "2014-05-21 05:30:00", "firm": "Morgan Stanley", "toGrade": "Equal-Weight", "fromGrade": "Overweight", "action": "down"}, {"epochGradeDate": "2014-02-11 05:30:00", "firm": "Nomura", "toGrade": "Buy", "fromGrade": "Neutral", "action": "up"}, {"epochGradeDate": "2013-11-11 05:30:00", "firm": "CLSA", "toGrade": "Outperform", "fromGrade": "Buy", "action": "down"}, {"epochGradeDate": "2013-11-11 05:30:00", "firm": "Nomura", "toGrade": "Neutral", "fromGrade": "Buy", "action": "down"}, {"epochGradeDate": "2013-11-11 05:30:00", "firm": "HDFC Securities", "toGrade": "Buy", "fromGrade": "Neutral", "action": "up"}, {"epochGradeDate": "2013-10-03 05:30:00", "firm": "Deutsche Bank", "toGrade": "Buy", "fromGrade": "Hold", "action": "up"}, {"epochGradeDate": "2013-08-08 05:30:00", "firm": "Nomura", "toGrade": "Buy", "fromGrade": "Neutral", "action": "up"}, {"epochGradeDate": "2013-08-08 05:30:00", "firm": "Nomura", "toGrade": "Buy", "fromGrade": "Neutral", "action": "up"}, {"epochGradeDate": "2013-04-25 05:30:00", "firm": "Deutsche Bank", "toGrade": "Hold", "fromGrade": "Sell", "action": "up"}, {"epochGradeDate": "2013-04-17 05:30:00", "firm": "Standard Chartered Bank", "toGrade": "Outperform", "fromGrade": "In-Line", "action": "up"}, {"epochGradeDate": "2013-04-12 05:30:00", "firm": "Oppenheimer", "toGrade": "Outperform", "fromGrade": "", "action": "init"}, {"epochGradeDate": "2013-04-11 05:30:00", "firm": "Oppenheimer", "toGrade": "Outperform", "fromGrade": "", "action": "init"}, {"epochGradeDate": "2013-01-18 05:30:00", "firm": "Deutsche Bank", "toGrade": "Sell", "fromGrade": "Hold", "action": "down"}, {"epochGradeDate": "2013-01-08 05:30:00", "firm": "Credit Suisse", "toGrade": "Outperform", "fromGrade": "Neutral", "action": "up"}, {"epochGradeDate": "2013-01-02 05:30:00", "firm": "Bank of America", "toGrade": "Buy", "fromGrade": "Neutral", "action": "up"}, {"epochGradeDate": "2012-11-09 05:30:00", "firm": "ICICI Securities", "toGrade": "Add", "fromGrade": "Buy", "action": "down"}, {"epochGradeDate": "2012-11-08 05:30:00", "firm": "Spark Capital", "toGrade": "Add", "fromGrade": "Buy", "action": "down"}, {"epochGradeDate": "2012-10-18 05:30:00", "firm": "Arihant Capital Markets", "toGrade": "Accumulate", "fromGrade": "", "action": "init"}, {"epochGradeDate": "2012-08-29 05:30:00", "firm": "Spark Capital", "toGrade": "Buy", "fromGrade": "Add", "action": "up"}, {"epochGradeDate": "2012-08-10 05:30:00", "firm": "IIFL Institutional Equities", "toGrade": "Reduce", "fromGrade": "Add", "action": "down"}, {"epochGradeDate": "2012-08-10 05:30:00", "firm": "Karvy Stock Broking", "toGrade": "Hold", "fromGrade": "Buy", "action": "down"}, {"epochGradeDate": "2012-08-09 05:30:00", "firm": "Credit Suisse", "toGrade": "Underperform", "fromGrade": "Neutral", "action": "down"}, {"epochGradeDate": "2012-06-07 05:30:00", "firm": "Kotak Institutional Equities", "toGrade": "Buy", "fromGrade": "", "action": "up"}, {"epochGradeDate": "2012-02-17 05:30:00", "firm": "Oxen Group", "toGrade": "Sell", "fromGrade": "", "action": "init"}], "maxAge": 86400}, "price": {"maxAge": 1, "regularMarketChangePercent": -0.019171722, "regularMarketChange": -2.4999924, "regularMarketTime": "2021-04-30 15:49:04", "priceHint": 2, "regularMarketPrice": 127.9, "regularMarketDayHigh": 130.5, "regularMarketDayLow": 127.3, "regularMarketVolume": 76088, "averageDailyVolume10Day": 497082, "averageDailyVolume3Month": 707422, "regularMarketPreviousClose": 130.4, "regularMarketSource": "FREE_REALTIME", "regularMarketOpen": 129.8, "exchange": "BSE", "exchangeName": "BSE", "exchangeDataDelayedBy": 0, "marketState": "CLOSED", "quoteType": "EQUITY", "symbol": "TATAMTRDVR.BO", "underlyingSymbol": null, "shortName": "TATA MOTORS LTD - DVR", "longName": "Tata Motors Limited", "currency": "INR", "quoteSourceName": "Delayed Quote", "currencySymbol": "\u20b9", "fromCurrency": null, "lastMarket": null, "marketCap": 842614177792}, "balanceSheetHistory": {"balanceSheetStatements": [{"maxAge": 1, "endDate": "2020-03-31", "cash": 184678000000, "shortTermInvestments": 248578300000, "netReceivables": 171249000000, "inventory": 374568800000, "otherCurrentAssets": 45932500000, "totalCurrentAssets": 1195872500000, "longTermInvestments": 54469400000, "propertyPlantEquipment": 927577300000, "goodWill": 7770600000, "intangibleAssets": 344614100000, "otherAssets": 522571000000, "deferredLongTermAssetCharges": 54579000000, "totalAssets": 3221212600000, "accountsPayable": 636268800000, "shortLongTermDebt": 191323700000, "otherCurrentLiab": 307938800000, "longTermDebt": 833156200000, "otherLiab": 292965600000, "deferredLongTermLiab": 347332300000, "minorityInterest": 8135600000, "totalCurrentLiabilities": 1404540500000, "totalLiab": 2582291700000, "commonStock": 7194900000, "retainedEarnings": 366193600000, "treasuryStock": 38667900000, "capitalSurplus": 218728900000, "otherStockholderEquity": 38667900000, "totalStockholderEquity": 630785300000, "netTangibleAssets": 278400600000}, {"maxAge": 1, "endDate": "2019-03-31", "cash": 215598000000, "shortTermInvestments": 187254500000, "netReceivables": 258547800000, "inventory": 390137300000, "otherCurrentAssets": 43223800000, "totalCurrentAssets": 1234311600000, "longTermInvestments": 62408900000, "propertyPlantEquipment": 811580300000, "goodWill": 7478700000, "intangibleAssets": 302198100000, "otherAssets": 433236000000, "deferredLongTermAssetCharges": 51511100000, "totalAssets": 3071945300000, "accountsPayable": 685135300000, "shortLongTermDebt": 150341100000, "otherCurrentLiab": 312917200000, "longTermDebt": 708175000000, "otherLiab": 300608100000, "deferredLongTermLiab": 309926000000, "minorityInterest": 5230600000, "totalCurrentLiabilities": 1454574300000, "totalLiab": 2464919100000, "commonStock": 6791700000, "retainedEarnings": 414065000000, "treasuryStock": -7980400000, "capitalSurplus": 188919300000, "otherStockholderEquity": -7980400000, "totalStockholderEquity": 601795600000, "netTangibleAssets": 292118800000}, {"maxAge": 1, "endDate": "2018-03-31", "cash": 147167500000, "shortTermInvestments": 320359600000, "netReceivables": 272043300000, "inventory": 421376300000, "otherCurrentAssets": 81318900000, "totalCurrentAssets": 1359728400000, "longTermInvestments": 56516500000, "propertyPlantEquipment": 900107800000, "goodWill": 1164500000, "intangibleAssets": 333184100000, "otherAssets": 508008500000, "deferredLongTermAssetCharges": 41587000000, "totalAssets": 3313505100000, "accountsPayable": 720384100000, "shortLongTermDebt": 109338900000, "otherCurrentLiab": 344832100000, "longTermDebt": 611527500000, "otherLiab": 309785700000, "deferredLongTermLiab": 380017200000, "minorityInterest": 5250600000, "totalCurrentLiabilities": 1432194700000, "totalLiab": 2353975400000, "commonStock": 6791700000, "retainedEarnings": 724423500000, "treasuryStock": 34144600000, "capitalSurplus": 188919300000, "otherStockholderEquity": 34144600000, "totalStockholderEquity": 954279100000, "netTangibleAssets": 619930500000}, {"maxAge": 1, "endDate": "2017-03-31", "cash": 139867600000, "shortTermInvestments": 337743300000, "netReceivables": 192352600000, "inventory": 350853100000, "otherCurrentAssets": 30808200000, "totalCurrentAssets": 1161197500000, "longTermInvestments": 52967700000, "propertyPlantEquipment": 697813900000, "goodWill": 6733200000, "intangibleAssets": 321777500000, "otherAssets": 389522500000, "deferredLongTermAssetCharges": 44573400000, "totalAssets": 2737543600000, "accountsPayable": 576983300000, "shortLongTermDebt": 40927300000, "otherCurrentLiab": 333266000000, "longTermDebt": 605751700000, "otherLiab": 389806000000, "deferredLongTermLiab": 270104600000, "minorityInterest": 4531700000, "totalCurrentLiabilities": 1156295200000, "totalLiab": 2152393000000, "commonStock": 6791700000, "retainedEarnings": 595435600000, "treasuryStock": -210527700000, "capitalSurplus": 188919300000, "otherStockholderEquity": -210527700000, "totalStockholderEquity": 580618900000, "netTangibleAssets": 252108200000}], "maxAge": 86400}, "earningsTrend": {"trend": [{"maxAge": 1, "period": "0q", "endDate": "2018-12-31", "growth": {}, "earningsEstimate": {"avg": 0.0, "low": 0.0, "high": 0.0, "yearAgoEps": 3.52, "numberOfAnalysts": 0, "growth": {}}, "revenueEstimate": {"avg": 0, "low": 0, "high": 0, "numberOfAnalysts": 0, "yearAgoRevenue": {}, "growth": {}}, "epsTrend": {"current": 0.0, "7daysAgo": 2.47, "30daysAgo": 2.47, "60daysAgo": 2.47, "90daysAgo": 2.47}, "epsRevisions": {"upLast7days": 0, "upLast30days": 0, "downLast30days": 0, "downLast90days": {}}}, {"maxAge": 1, "period": "+1q", "endDate": "2019-03-31", "growth": {}, "earningsEstimate": {"avg": 0.0, "low": 0.0, "high": 0.0, "yearAgoEps": 11.23, "numberOfAnalysts": 0, "growth": {}}, "revenueEstimate": {"avg": 0, "low": 0, "high": 0, "numberOfAnalysts": 0, "yearAgoRevenue": {}, "growth": {}}, "epsTrend": {"current": 0.0, "7daysAgo": 1.07, "30daysAgo": 1.07, "60daysAgo": 1.07, "90daysAgo": 1.07}, "epsRevisions": {"upLast7days": 0, "upLast30days": 0, "downLast30days": 0, "downLast90days": {}}}, {"maxAge": 1, "period": "0y", "endDate": "2019-03-31", "growth": {}, "earningsEstimate": {"avg": 0.0, "low": 0.0, "high": 0.0, "yearAgoEps": {}, "numberOfAnalysts": 0, "growth": {}}, "revenueEstimate": {"avg": 3298340000000, "low": 3298340000000, "high": 3298340000000, "numberOfAnalysts": 1, "yearAgoRevenue": 2954090000000, "growth": 0.117}, "epsTrend": {"current": 0.0, "7daysAgo": 9.14, "30daysAgo": 9.14, "60daysAgo": 9.14, "90daysAgo": 9.14}, "epsRevisions": {"upLast7days": 0, "upLast30days": 0, "downLast30days": 0, "downLast90days": {}}}, {"maxAge": 1, "period": "+1y", "endDate": "2020-03-31", "growth": {}, "earningsEstimate": {"avg": 0.0, "low": 0.0, "high": 0.0, "yearAgoEps": {}, "numberOfAnalysts": 0, "growth": {}}, "revenueEstimate": {"avg": 3557210000000, "low": 3557210000000, "high": 3557210000000, "numberOfAnalysts": 1, "yearAgoRevenue": 3298340000000, "growth": 0.078}, "epsTrend": {"current": 0.0, "7daysAgo": 29.02, "30daysAgo": 29.02, "60daysAgo": 29.02, "90daysAgo": 29.02}, "epsRevisions": {"upLast7days": 0, "upLast30days": 0, "downLast30days": 0, "downLast90days": {}}}, {"maxAge": 1, "period": "+5y", "endDate": null, "growth": 0.06, "earningsEstimate": {"avg": {}, "low": {}, "high": {}, "yearAgoEps": {}, "numberOfAnalysts": {}, "growth": {}}, "revenueEstimate": {"avg": {}, "low": {}, "high": {}, "numberOfAnalysts": {}, "yearAgoRevenue": {}, "growth": {}}, "epsTrend": {"current": {}, "7daysAgo": {}, "30daysAgo": {}, "60daysAgo": {}, "90daysAgo": {}}, "epsRevisions": {"upLast7days": {}, "upLast30days": {}, "downLast30days": {}, "downLast90days": {}}}, {"maxAge": 1, "period": "-5y", "endDate": null, "growth": {}, "earningsEstimate": {"avg": {}, "low": {}, "high": {}, "yearAgoEps": {}, "numberOfAnalysts": {}, "growth": {}}, "revenueEstimate": {"avg": {}, "low": {}, "high": {}, "numberOfAnalysts": {}, "yearAgoRevenue": {}, "growth": {}}, "epsTrend": {"current": {}, "7daysAgo": {}, "30daysAgo": {}, "60daysAgo": {}, "90daysAgo": {}}, "epsRevisions": {"upLast7days": {}, "upLast30days": {}, "downLast30days": {}, "downLast90days": {}}}], "maxAge": 1}, "financialData": {"maxAge": 86400, "currentPrice": 127.9, "targetHighPrice": 109.0, "targetLowPrice": 109.0, "targetMeanPrice": 109.0, "targetMedianPrice": 109.0, "recommendationKey": "none", "numberOfAnalystOpinions": 1, "grossProfits": 1117557400000, "financialCurrency": "INR"}}}