{"TATAPOWER.NS": {"assetProfile": {"address1": "Bombay House", "address2": "24, Homi Mody Street", "city": "Mumbai", "zip": "400 001", "country": "India", "phone": "91 22 6665 8282", "fax": "91 22 6665 8801", "website": "http://www.tatapower.com", "industry": "Utilities\u2014Independent Power Producers", "sector": "Utilities", "longBusinessSummary": "The Tata Power Company Limited engages in the generation, transmission, distribution, and trading of electricity in India and internationally. It operates through Generation, Renewables, Transmission and Distribution, and Others segments. The Generation segment generates electricity from hydroelectric and thermal sources, such as coal, gas, and oil. The Renewables segment generates power from renewable energy sources, which include wind and solar. The Transmission and Distribution segment transmits and distributes electricity; sells power to retail customers through distribution network and related ancillary services. The Others segment offers project management contracts/infrastructure management, and property development services, as well as rents oil tanks. In addition, it manufactures and sells solar photovoltaic cells and modules; operates electric vehicle charging stations and coal mines; generates electricity through waste heat sources; trades in power; and provides engineering, procurement, and construction, as well as logistics services. As of March 31, 2020, the company had an installed capacity of 12,742 MW. The Tata Power Company Limited was founded in 1915 and is based in Mumbai, India.", "fullTimeEmployees": 8613, "companyOfficers": [{"maxAge": 1, "name": "Dr. Praveer  Sinha", "age": 58, "title": "CEO, MD & Director", "yearBorn": 1962, "fiscalYear": 2020, "totalPay": 53330717, "exercisedValue": 0, "unexercisedValue": 0}, {"maxAge": 1, "name": "Mr. Ramesh Narayanswamy Subramanyam", "age": 51, "title": "Chief Financial Officer", "yearBorn": 1969, "fiscalYear": 2020, "totalPay": 38482562, "exercisedValue": 0, "unexercisedValue": 0}, {"maxAge": 1, "name": "Mr. Hanoz Minoo Mistry", "title": "Company Sec. & Compliance Officer", "fiscalYear": 2020, "totalPay": 13254460, "exercisedValue": 0, "unexercisedValue": 0}, {"maxAge": 1, "name": "Mr. G.  Rajagopalan", "age": 69, "title": "Chief Information Officer", "yearBorn": 1951, "fiscalYear": 2009, "exercisedValue": 0, "unexercisedValue": 0}, {"maxAge": 1, "name": "Mr. Anand  Agarwal B.Com., C.A., C.F.A., C.S.", "age": 47, "title": "Chief Investor Relations Officer", "yearBorn": 1973, "exercisedValue": 0, "unexercisedValue": 0}, {"maxAge": 1, "name": "Mr. A. S. Bapat", "title": "Head of Corp. Legal", "exercisedValue": 0, "unexercisedValue": 0}, {"maxAge": 1, "name": "Ms. Shalini  Singh", "title": "Chief of Corp. Communications & Sustainability", "exercisedValue": 0, "unexercisedValue": 0}, {"maxAge": 1, "name": "Dr. Gobind  Baghasingh", "age": 67, "title": "Exec. VP & Chief Human Resource Officer", "yearBorn": 1953, "fiscalYear": 2009, "exercisedValue": 0, "unexercisedValue": 0}, {"maxAge": 1, "name": "Mr. Rahul Chandrakant Shah", "age": 53, "title": "Chief of Strategy & New Bus. Services", "yearBorn": 1967, "exercisedValue": 0, "unexercisedValue": 0}, {"maxAge": 1, "name": "Captain Vijay K. Rajpal", "age": 75, "title": "Chief of Aviation", "yearBorn": 1945, "exercisedValue": 0, "unexercisedValue": 0}], "auditRisk": 8, "boardRisk": 4, "compensationRisk": 1, "shareHolderRightsRisk": 5, "overallRisk": 4, "governanceEpochDate": "2021-04-01 05:30:00", "compensationAsOfEpochDate": "2020-12-31 05:30:00", "maxAge": 86400}, "cashflowStatementHistory": {"cashflowStatements": [{"maxAge": 1, "endDate": "2020-03-31", "netIncome": 10173800000, "depreciation": 26335600000, "changeToNetincome": 30501200000, "changeToAccountReceivables": -423300000, "changeToLiabilities": -7969700000, "changeToInventory": -213200000, "changeToOperatingActivities": 15348800000, "totalCashFromOperatingActivities": 73753200000, "capitalExpenditures": -22258100000, "investments": -4663900000, "otherCashflowsFromInvestingActivities": 21129100000, "totalCashflowsFromInvestingActivities": -5429200000, "dividendsPaid": -6715700000, "netBorrowings": -1283400000, "otherCashflowsFromFinancingActivities": -43897600000, "totalCashFromFinancingActivities": -51095700000, "effectOfExchangeRate": 500400000, "changeInCash": 17728700000, "issuanceOfStock": 801000000}, {"maxAge": 1, "endDate": "2019-03-31", "netIncome": 23561900000, "depreciation": 23407400000, "changeToNetincome": 16289800000, "changeToAccountReceivables": -15641000000, "changeToLiabilities": -425600000, "changeToInventory": -851900000, "changeToOperatingActivities": -1231400000, "totalCashFromOperatingActivities": 45737900000, "capitalExpenditures": -35762200000, "investments": 26516700000, "otherCashflowsFromInvestingActivities": 5755400000, "totalCashflowsFromInvestingActivities": -3192400000, "dividendsPaid": -5813600000, "netBorrowings": -6416100000, "otherCashflowsFromFinancingActivities": -40584800000, "totalCashFromFinancingActivities": -51844500000, "effectOfExchangeRate": 469000000, "changeInCash": -8830000000, "issuanceOfStock": 970000000}, {"maxAge": 1, "endDate": "2018-03-31", "netIncome": 24083000000, "depreciation": 22986600000, "changeToNetincome": 6507900000, "changeToAccountReceivables": 6718500000, "changeToLiabilities": 864400000, "changeToInventory": -1468300000, "changeToOperatingActivities": 3469600000, "totalCashFromOperatingActivities": 63638500000, "capitalExpenditures": -35603700000, "investments": 8386600000, "otherCashflowsFromInvestingActivities": 11474500000, "totalCashflowsFromInvestingActivities": -15178600000, "dividendsPaid": -4165300000, "netBorrowings": 4369900000, "otherCashflowsFromFinancingActivities": -48313500000, "totalCashFromFinancingActivities": -47262600000, "effectOfExchangeRate": 62100000, "changeInCash": 1259400000, "issuanceOfStock": 846300000}, {"maxAge": 1, "endDate": "2017-03-31", "netIncome": 8965500000, "depreciation": 19122400000, "changeToNetincome": 25086900000, "changeToAccountReceivables": -2884700000, "changeToLiabilities": 11078700000, "changeToInventory": -2048500000, "changeToOperatingActivities": 10215000000, "totalCashFromOperatingActivities": 70141800000, "capitalExpenditures": -33222700000, "investments": -3843100000, "otherCashflowsFromInvestingActivities": -356400000, "totalCashflowsFromInvestingActivities": -74189700000, "dividendsPaid": -4153400000, "netBorrowings": 49607600000, "otherCashflowsFromFinancingActivities": -37644300000, "totalCashFromFinancingActivities": 9373400000, "effectOfExchangeRate": -76100000, "changeInCash": 5787900000, "issuanceOfStock": 1563500000}], "maxAge": 86400}, "institutionOwnership": {"maxAge": 1, "ownershipList": []}, "majorHoldersBreakdown": {"maxAge": 1, "insidersPercentHeld": 0.48209998, "institutionsPercentHeld": 0.28414, "institutionsFloatPercentHeld": 0.54864, "institutionsCount": 81}, "balanceSheetHistoryQuarterly": {"balanceSheetStatements": [{"maxAge": 1, "endDate": "2020-12-31", "totalStockholderEquity": 220052800000, "netTangibleAssets": 190240100000}, {"maxAge": 1, "endDate": "2020-09-30", "cash": 46209000000, "shortTermInvestments": 18389700000, "netReceivables": 55946700000, "inventory": 18234400000, "otherCurrentAssets": 61513600000, "totalCurrentAssets": 200293400000, "longTermInvestments": 138413200000, "propertyPlantEquipment": 487069600000, "goodWill": 16675200000, "intangibleAssets": 13137500000, "otherAssets": 86680700000, "deferredLongTermAssetCharges": 1227700000, "totalAssets": 942269600000, "accountsPayable": 54560800000, "otherCurrentLiab": 129484300000, "longTermDebt": 327369600000, "otherLiab": 72122000000, "deferredLongTermLiab": 61452800000, "minorityInterest": 25344600000, "totalCurrentLiabilities": 265396700000, "totalLiab": 696872200000, "commonStock": 3195600000, "treasuryStock": 216857200000, "otherStockholderEquity": 216857200000, "totalStockholderEquity": 220052800000, "netTangibleAssets": 190240100000}, {"maxAge": 1, "endDate": "2020-06-30", "totalStockholderEquity": 195660200000, "netTangibleAssets": 165622700000}, {"maxAge": 1, "endDate": "2020-03-31", "cash": 18615000000, "shortTermInvestments": 2142300000, "netReceivables": 63819500000, "inventory": 17523500000, "otherCurrentAssets": 10084800000, "totalCurrentAssets": 120214800000, "longTermInvestments": 137074600000, "propertyPlantEquipment": 462741300000, "goodWill": 16415700000, "intangibleAssets": 13621800000, "otherAssets": 147413300000, "deferredLongTermAssetCharges": 742400000, "totalAssets": 897481500000, "accountsPayable": 50954400000, "shortLongTermDebt": 38364300000, "otherCurrentLiab": 50801900000, "longTermDebt": 326951400000, "otherLiab": 43905100000, "deferredLongTermLiab": 55107000000, "minorityInterest": 23320400000, "totalCurrentLiabilities": 275839600000, "totalLiab": 678500900000, "commonStock": 2704400000, "retainedEarnings": 92581700000, "treasuryStock": 43896100000, "capitalSurplus": 56478000000, "otherStockholderEquity": 43896100000, "totalStockholderEquity": 195660200000, "netTangibleAssets": 165622700000}], "maxAge": 86400}, "indexTrend": {"maxAge": 1, "symbol": "SP5", "peRatio": 19.7411, "pegRatio": 1.34172, "estimates": [{"period": "0q", "growth": 0.549}, {"period": "+1q", "growth": 0.431}, {"period": "0y", "growth": 0.305}, {"period": "+1y", "growth": 0.109}, {"period": "+5y", "growth": 0.120865}, {"period": "-5y"}]}, "defaultKeyStatistics": {"maxAge": 1, "priceHint": 2, "enterpriseValue": 778921115648, "profitMargins": 0.03926, "floatShares": 1987207446, "sharesOutstanding": 3195340032, "heldPercentInsiders": 0.48209998, "heldPercentInstitutions": 0.28414, "beta": 0.812243, "category": null, "bookValue": 62.96, "priceToBook": 1.5700445, "fundFamily": null, "legalType": null, "lastFiscalYearEnd": "2020-03-31 05:30:00", "nextFiscalYearEnd": "2022-03-31 05:30:00", "mostRecentQuarter": "2020-12-31 05:30:00", "earningsQuarterlyGrowth": 0.388, "netIncomeToCommon": 12947800064, "trailingEps": 3.41, "lastSplitFactor": "10:1", "lastSplitDate": "2011-09-26 05:30:00", "enterpriseToRevenue": 2.69, "enterpriseToEbitda": 11.259, "52WeekChange": 2.284053, "SandP52WeekChange": 0.48148263, "lastDividendValue": 1.55, "lastDividendDate": 1594684800}, "summaryProfile": {"address1": "Bombay House", "address2": "24, Homi Mody Street", "city": "Mumbai", "zip": "400 001", "country": "India", "phone": "91 22 6665 8282", "fax": "91 22 6665 8801", "website": "http://www.tatapower.com", "industry": "Utilities\u2014Independent Power Producers", "sector": "Utilities", "longBusinessSummary": "The Tata Power Company Limited engages in the generation, transmission, distribution, and trading of electricity in India and internationally. It operates through Generation, Renewables, Transmission and Distribution, and Others segments. The Generation segment generates electricity from hydroelectric and thermal sources, such as coal, gas, and oil. The Renewables segment generates power from renewable energy sources, which include wind and solar. The Transmission and Distribution segment transmits and distributes electricity; sells power to retail customers through distribution network and related ancillary services. The Others segment offers project management contracts/infrastructure management, and property development services, as well as rents oil tanks. In addition, it manufactures and sells solar photovoltaic cells and modules; operates electric vehicle charging stations and coal mines; generates electricity through waste heat sources; trades in power; and provides engineering, procurement, and construction, as well as logistics services. As of March 31, 2020, the company had an installed capacity of 12,742 MW. The Tata Power Company Limited was founded in 1915 and is based in Mumbai, India.", "fullTimeEmployees": 8613, "companyOfficers": [], "maxAge": 86400}, "netSharePurchaseActivity": {"maxAge": 1, "period": "6m", "buyInfoCount": 0, "buyInfoShares": 0, "sellInfoCount": 0, "netInfoCount": 0, "netInfoShares": 0, "netPercentInsiderShares": 0.0, "totalInsiderShares": 1840954368}, "insiderTransactions": {"transactions": [{"maxAge": 1, "shares": 29203689, "filerUrl": "", "transactionText": "", "filerName": "ICICI Prudential Balanced Fund", "filerRelation": "Institution- Corporation", "moneyText": "", "startDate": "2021-01-11", "ownership": "D"}, {"maxAge": 1, "shares": 250000, "value": 231350, "filerUrl": "", "transactionText": "Acquisition at price 0.93 per share.", "filerName": "Chandrasekaran (Natarajan)", "filerRelation": "UNREPORTED", "moneyText": "", "startDate": "2020-12-01", "ownership": "D"}, {"maxAge": 1, "shares": 250000, "value": 213025, "filerUrl": "", "transactionText": "Acquisition at price 0.85 per share.", "filerName": "Chandrasekaran (Natarajan)", "filerRelation": "UNREPORTED", "moneyText": "", "startDate": "2020-11-27", "ownership": "D"}, {"maxAge": 1, "shares": 200000, "filerUrl": "", "transactionText": "", "filerName": "Chandrasekaran (Natarajan)", "filerRelation": "UNREPORTED", "moneyText": "", "startDate": "2020-03-16", "ownership": "D"}, {"maxAge": 1, "shares": 800000, "filerUrl": "", "transactionText": "", "filerName": "ICICI Prudential Balanced Fund", "filerRelation": "Promoter", "moneyText": "", "startDate": "2020-02-19", "ownership": "D"}, {"maxAge": 1, "shares": 13150, "filerUrl": "", "transactionText": "", "filerName": "Jain (Pratibha)", "filerRelation": "UNREPORTED", "moneyText": "", "startDate": "2019-06-28", "ownership": "D"}, {"maxAge": 1, "shares": 17450, "filerUrl": "", "transactionText": "", "filerName": "Jain (Pratibha)", "filerRelation": "UNREPORTED", "moneyText": "", "startDate": "2019-06-28", "ownership": "D"}, {"maxAge": 1, "shares": 7000, "filerUrl": "", "transactionText": "", "filerName": "Jain (Abhinav)", "filerRelation": "UNREPORTED", "moneyText": "", "startDate": "2019-06-28", "ownership": "D"}, {"maxAge": 1, "shares": 9200, "filerUrl": "", "transactionText": "", "filerName": "Jain (Abhinav)", "filerRelation": "UNREPORTED", "moneyText": "", "startDate": "2019-06-28", "ownership": "D"}, {"maxAge": 1, "shares": 55420707, "filerUrl": "", "transactionText": "", "filerName": "Life Insurance Corporation of India", "filerRelation": "Institution- Corporation", "moneyText": "", "startDate": "2014-10-16", "ownership": "D"}, {"maxAge": 1, "shares": 64000, "filerUrl": "", "transactionText": "", "filerName": "Mistry (Cyrus P)", "filerRelation": "Non Executive Chairman", "moneyText": "", "startDate": "2013-09-18", "ownership": "D"}, {"maxAge": 1, "shares": 1358608, "filerUrl": "", "transactionText": "", "filerName": "Matthews Pacific Tiger Fund", "filerRelation": "Investment Advisor", "moneyText": "", "startDate": "2013-08-05", "ownership": "D"}, {"maxAge": 1, "shares": 125, "filerUrl": "", "transactionText": "", "filerName": "Tata AIA Life Insurance Company Ltd", "filerRelation": "Institution- Corporation", "moneyText": "", "startDate": "2012-03-27", "ownership": "D"}, {"maxAge": 1, "shares": 25000, "filerUrl": "", "transactionText": "", "filerName": "Tata AIA Life Insurance Company Ltd", "filerRelation": "Promoter", "moneyText": "", "startDate": "2012-02-06", "ownership": "D"}, {"maxAge": 1, "shares": 300, "filerUrl": "", "transactionText": "", "filerName": "Tata AIA Life Insurance Company Ltd", "filerRelation": "Promoter", "moneyText": "", "startDate": "2011-12-14", "ownership": "D"}, {"maxAge": 1, "shares": 74375, "filerUrl": "", "transactionText": "", "filerName": "Tata AIA Life Insurance Company Ltd", "filerRelation": "Promoter", "moneyText": "", "startDate": "2011-10-12", "ownership": "D"}, {"maxAge": 1, "shares": 400, "filerUrl": "", "transactionText": "", "filerName": "Tata AIA Life Insurance Company Ltd", "filerRelation": "Promoter", "moneyText": "", "startDate": "2011-10-11", "ownership": "D"}, {"maxAge": 1, "shares": 1085400, "filerUrl": "", "transactionText": "", "filerName": "Tata AIA Life Insurance Company Ltd", "filerRelation": "Promoter", "moneyText": "", "startDate": "2011-09-26", "ownership": "D"}], "maxAge": 1}, "quoteType": {"exchange": "NSI", "quoteType": "EQUITY", "symbol": "TATAPOWER.NS", "underlyingSymbol": "TATAPOWER.NS", "shortName": "TATA POWER CO LTD", "longName": "The Tata Power Company Limited", "firstTradeDateEpochUtc": "1996-01-01 09:15:00", "timeZoneFullName": "Asia/Kolkata", "timeZoneShortName": "IST", "uuid": "92ec8ada-a956-33ab-a01b-394afebf8430", "messageBoardId": "finmb_874401", "gmtOffSetMilliseconds": 19800000, "maxAge": 1}, "incomeStatementHistory": {"incomeStatementHistory": [{"maxAge": 1, "endDate": "2020-03-31", "totalRevenue": 291363700000, "costOfRevenue": 182485000000, "grossProfit": 108878700000, "researchDevelopment": {}, "sellingGeneralAdministrative": 14693200000, "nonRecurring": {}, "otherOperatingExpenses": 13587500000, "totalOperatingExpenses": 237101300000, "operatingIncome": 54262400000, "totalOtherIncomeExpenseNet": -30773900000, "ebit": 54262400000, "interestExpense": -43225400000, "incomeBeforeTax": 23488500000, "incomeTaxExpense": 6221800000, "minorityInterest": 23320400000, "netIncomeFromContinuingOps": 17266700000, "discontinuedOperations": -4102300000, "extraordinaryItems": {}, "effectOfAccountingCharges": {}, "otherItems": {}, "netIncome": 10173800000, "netIncomeApplicableToCommonShares": 8463800000}, {"maxAge": 1, "endDate": "2019-03-31", "totalRevenue": 298810600000, "costOfRevenue": 202423000000, "grossProfit": 96387600000, "researchDevelopment": {}, "sellingGeneralAdministrative": 14546600000, "nonRecurring": {}, "otherOperatingExpenses": 12994500000, "totalOperatingExpenses": 253895400000, "operatingIncome": 44915200000, "totalOtherIncomeExpenseNet": -8416300000, "ebit": 44915200000, "interestExpense": -38172400000, "incomeBeforeTax": 36498900000, "incomeTaxExpense": 9183900000, "minorityInterest": 21666600000, "netIncomeFromContinuingOps": 27315000000, "discontinuedOperations": -1258400000, "extraordinaryItems": {}, "effectOfAccountingCharges": {}, "otherItems": {}, "netIncome": 23561900000, "netIncomeApplicableToCommonShares": 21851900000}, {"maxAge": 1, "endDate": "2018-03-31", "totalRevenue": 268400500000, "costOfRevenue": 175041300000, "grossProfit": 93359200000, "researchDevelopment": {}, "sellingGeneralAdministrative": 14880900000, "nonRecurring": {}, "otherOperatingExpenses": 14554100000, "totalOperatingExpenses": 227938000000, "operatingIncome": 40462500000, "totalOtherIncomeExpenseNet": -12016900000, "ebit": 40462500000, "interestExpense": -33670100000, "incomeBeforeTax": 28445600000, "incomeTaxExpense": 1619700000, "minorityInterest": 20152900000, "netIncomeFromContinuingOps": 26825900000, "discontinuedOperations": -717400000, "extraordinaryItems": {}, "effectOfAccountingCharges": {}, "otherItems": {}, "netIncome": 24083000000, "netIncomeApplicableToCommonShares": 22964800000}, {"maxAge": 1, "endDate": "2017-03-31", "totalRevenue": 275875900000, "costOfRevenue": 188113200000, "grossProfit": 87762700000, "researchDevelopment": {}, "sellingGeneralAdministrative": 13991100000, "nonRecurring": {}, "otherOperatingExpenses": 13248400000, "totalOperatingExpenses": 234908600000, "operatingIncome": 40967300000, "totalOtherIncomeExpenseNet": -26496800000, "ebit": 40967300000, "interestExpense": -31287900000, "incomeBeforeTax": 14470500000, "incomeTaxExpense": 3504600000, "minorityInterest": 18689900000, "netIncomeFromContinuingOps": 10965900000, "discontinuedOperations": 30400000, "extraordinaryItems": {}, "effectOfAccountingCharges": {}, "otherItems": {}, "netIncome": 8965500000, "netIncomeApplicableToCommonShares": 7844900000}], "maxAge": 86400}, "fundOwnership": {"maxAge": 1, "ownershipList": [{"maxAge": 1, "reportDate": "2020-12-31", "organization": "Matthews International Fds-Matthews Pacific Tiger Fund", "pctHeld": 0.0495, "position": 158179377, "value": 11966269870}, {"maxAge": 1, "reportDate": "2021-01-31", "organization": "Vanguard International Stock Index-Total Intl Stock Indx", "pctHeld": 0.0072000003, "position": 22941240, "value": 1729769496}, {"maxAge": 1, "reportDate": "2021-01-31", "organization": "Vanguard International Stock Index-Emerging Markets Stk", "pctHeld": 0.0064999997, "position": 20684607, "value": 1559619367}, {"maxAge": 1, "reportDate": "2021-03-31", "organization": "iShares Core MSCI Emerging Markets ETF", "pctHeld": 0.0039, "position": 12601753, "value": 1301130997}, {"maxAge": 1, "reportDate": "2021-01-31", "organization": "DFA Emerging Markets Core Equity Portfolio", "pctHeld": 0.0021, "position": 6565643, "value": 495049482}, {"maxAge": 1, "reportDate": "2021-01-31", "organization": "DFA Emerging Markets Small Cap Series", "pctHeld": 0.0015, "position": 4643458, "value": 350116733}, {"maxAge": 1, "reportDate": "2020-12-31", "organization": "Morgan Stanley India Investment Fund", "pctHeld": 0.0011, "position": 3617286, "value": 273647685}, {"maxAge": 1, "reportDate": "2021-03-31", "organization": "SPDR Portfolio Emerging Markets ETF", "pctHeld": 0.001, "position": 3294868, "value": 340195121}, {"maxAge": 1, "reportDate": "2021-01-31", "organization": "Vanguard Intl Equity Index Fds-FTSE All World ex U.S. Index Fund", "pctHeld": 0.00090000004, "position": 2719063, "value": 205017350}, {"maxAge": 1, "reportDate": "2021-03-31", "organization": "iShares MSCI India Small Cap ETF", "pctHeld": 0.0008, "position": 2684780, "value": 277203535}]}, "summaryDetail": {"maxAge": 1, "priceHint": 2, "previousClose": 97.65, "open": 96.95, "dayLow": 96.25, "dayHigh": 101.4, "regularMarketPreviousClose": 97.65, "regularMarketOpen": 96.95, "regularMarketDayLow": 96.25, "regularMarketDayHigh": 101.4, "dividendRate": 1.55, "dividendYield": 0.015700001, "exDividendDate": "2020-07-14 05:30:00", "payoutRatio": 0.337, "fiveYearAvgDividendYield": 1.99, "beta": 0.812243, "trailingPE": 28.988268, "volume": 40109345, "regularMarketVolume": 40109345, "averageVolume": 57924510, "averageVolume10days": 34121412, "averageDailyVolume10Day": 34121412, "bid": 0.0, "ask": 0.0, "bidSize": 0, "askSize": 0, "marketCap": 315859369984, "fiftyTwoWeekLow": 27.0, "fiftyTwoWeekHigh": 114.5, "priceToSalesTrailing12Months": 1.0906178, "fiftyDayAverage": 100.8875, "twoHundredDayAverage": 81.29517, "trailingAnnualDividendRate": 1.55, "trailingAnnualDividendYield": 0.015873015, "currency": "INR", "fromCurrency": null, "toCurrency": null, "lastMarket": null, "algorithm": null, "tradeable": false}, "incomeStatementHistoryQuarterly": {"incomeStatementHistory": [{"maxAge": 1, "endDate": "2020-12-31", "totalRevenue": 75979100000, "costOfRevenue": 46673900000, "grossProfit": 29305200000, "researchDevelopment": {}, "sellingGeneralAdministrative": 4834700000, "nonRecurring": {}, "otherOperatingExpenses": 6974600000, "totalOperatingExpenses": 65866100000, "operatingIncome": 10113000000, "totalOtherIncomeExpenseNet": -7084500000, "ebit": 10113000000, "interestExpense": -9655600000, "incomeBeforeTax": 3028500000, "incomeTaxExpense": 694800000, "minorityInterest": {}, "netIncomeFromContinuingOps": 2333700000, "discontinuedOperations": 850400000, "extraordinaryItems": {}, "effectOfAccountingCharges": {}, "otherItems": {}, "netIncome": 2482100000, "netIncomeApplicableToCommonShares": 2482100000}, {"maxAge": 1, "endDate": "2020-09-30", "totalRevenue": 82898100000, "costOfRevenue": 51299900000, "grossProfit": 31598200000, "researchDevelopment": {}, "sellingGeneralAdministrative": 5599500000, "nonRecurring": {}, "otherOperatingExpenses": 5986700000, "totalOperatingExpenses": 69874900000, "operatingIncome": 13023200000, "totalOtherIncomeExpenseNet": -6516600000, "ebit": 13023200000, "interestExpense": -10649800000, "incomeBeforeTax": 6506600000, "incomeTaxExpense": 2605000000, "minorityInterest": 25344600000, "netIncomeFromContinuingOps": 3901600000, "discontinuedOperations": -192300000, "extraordinaryItems": {}, "effectOfAccountingCharges": {}, "otherItems": {}, "netIncome": 2796100000, "netIncomeApplicableToCommonShares": 2796100000}, {"maxAge": 1, "endDate": "2020-06-30", "totalRevenue": 64529900000, "costOfRevenue": 37983800000, "grossProfit": 26546100000, "researchDevelopment": {}, "sellingGeneralAdministrative": 4052500000, "nonRecurring": {}, "otherOperatingExpenses": 5180800000, "totalOperatingExpenses": 53662000000, "operatingIncome": 10867900000, "totalOtherIncomeExpenseNet": -6398200000, "ebit": 10867900000, "interestExpense": -10893600000, "incomeBeforeTax": 4469700000, "incomeTaxExpense": 1560900000, "minorityInterest": 25344600000, "netIncomeFromContinuingOps": 2908800000, "discontinuedOperations": -227800000, "extraordinaryItems": {}, "effectOfAccountingCharges": {}, "otherItems": {}, "netIncome": 2066200000, "netIncomeApplicableToCommonShares": 2066200000}, {"maxAge": 1, "endDate": "2020-03-31", "totalRevenue": 66208000000, "costOfRevenue": 48511700000, "grossProfit": 17696300000, "researchDevelopment": {}, "sellingGeneralAdministrative": 3942800000, "nonRecurring": {}, "otherOperatingExpenses": -3213900000, "totalOperatingExpenses": 56113600000, "operatingIncome": 10094400000, "totalOtherIncomeExpenseNet": 840000000, "ebit": 10094400000, "interestExpense": -9194700000, "incomeBeforeTax": 10934400000, "incomeTaxExpense": 2324700000, "minorityInterest": 23320400000, "netIncomeFromContinuingOps": 8609700000, "discontinuedOperations": -3717800000, "extraordinaryItems": {}, "effectOfAccountingCharges": {}, "otherItems": {}, "netIncome": 4170800000, "netIncomeApplicableToCommonShares": 2460800000}], "maxAge": 86400}, "cashflowStatementHistoryQuarterly": {"cashflowStatements": [{"maxAge": 1, "endDate": "2020-12-31", "netIncome": 2482100000, "changeToLiabilities": 0}, {"maxAge": 1, "endDate": "2020-09-30", "netIncome": 2796100000, "changeToLiabilities": 0}, {"maxAge": 1, "endDate": "2020-06-30", "netIncome": 2066200000, "changeToLiabilities": 0}, {"maxAge": 1, "endDate": "2020-03-31", "netIncome": 4170800000, "changeToLiabilities": 0}], "maxAge": 86400}, "insiderHolders": {"holders": [{"maxAge": 1, "name": "Chandrasekaran (Natarajan)", "relation": "UNREPORTED", "url": "", "transactionDescription": "Acquisition", "latestTransDate": "2020-12-01", "positionDirect": 700000, "positionDirectDate": "2020-12-01"}, {"maxAge": 1, "name": "ICICI Prudential Balanced Fund", "relation": "Institution- Corporation", "url": "", "transactionDescription": "Sale", "latestTransDate": "2021-01-11", "positionDirect": 161631777, "positionDirectDate": "2021-01-11"}, {"maxAge": 1, "name": "Jain (Abhinav)", "relation": "UNREPORTED", "url": "", "transactionDescription": "Acquisition", "latestTransDate": "2019-06-28", "positionDirect": 24552, "positionDirectDate": "2019-06-28"}, {"maxAge": 1, "name": "Jain (Pratibha)", "relation": "UNREPORTED", "url": "", "transactionDescription": "Acquisition", "latestTransDate": "2019-06-28", "positionDirect": 37097, "positionDirectDate": "2019-06-28"}, {"maxAge": 1, "name": "Life Insurance Corporation of India", "relation": "Institution- Corporation", "url": "", "transactionDescription": "Acquisition", "latestTransDate": "2014-10-16", "positionDirect": 341679327, "positionDirectDate": "2014-10-16"}, {"maxAge": 1, "name": "Matthews Pacific Tiger Fund", "relation": "Investment Advisor", "url": "", "transactionDescription": "Acquisition", "latestTransDate": "2013-08-05", "positionDirect": 119069118, "positionDirectDate": "2013-08-05"}, {"maxAge": 1, "name": "Mistry (Cyrus P)", "relation": "Non Executive Chairman", "url": "", "transactionDescription": "Acquisition", "latestTransDate": "2013-09-18", "positionDirect": 64000, "positionDirectDate": "2013-09-18"}, {"maxAge": 1, "name": "Tata AIA Life Insurance Company Ltd", "relation": "Institution- Corporation", "url": "", "transactionDescription": "Acquisition", "latestTransDate": "2012-03-27", "positionDirect": 1254800, "positionDirectDate": "2012-03-27"}], "maxAge": 1}, "calendarEvents": {"maxAge": 1, "earnings": {"earningsDate": []}, "exDividendDate": "2020-07-14 05:30:00"}, "price": {"maxAge": 1, "regularMarketChangePercent": 0.012288755, "regularMarketChange": 1.199997, "regularMarketTime": "2021-04-30 15:30:01", "priceHint": 2, "regularMarketPrice": 98.85, "regularMarketDayHigh": 101.4, "regularMarketDayLow": 96.25, "regularMarketVolume": 40109345, "averageDailyVolume10Day": 34121412, "averageDailyVolume3Month": 57924510, "regularMarketPreviousClose": 97.65, "regularMarketSource": "FREE_REALTIME", "regularMarketOpen": 96.95, "exchange": "NSI", "exchangeName": "NSE", "exchangeDataDelayedBy": 15, "marketState": "CLOSED", "quoteType": "EQUITY", "symbol": "TATAPOWER.NS", "underlyingSymbol": null, "shortName": "TATA POWER CO LTD", "longName": "The Tata Power Company Limited", "currency": "INR", "quoteSourceName": "Delayed Quote", "currencySymbol": "\u20b9", "fromCurrency": null, "toCurrency": null, "lastMarket": null, "marketCap": 315859369984}, "balanceSheetHistory": {"balanceSheetStatements": [{"maxAge": 1, "endDate": "2020-03-31", "cash": 18615000000, "shortTermInvestments": 2142300000, "netReceivables": 63819500000, "inventory": 17523500000, "otherCurrentAssets": 10084800000, "totalCurrentAssets": 120214800000, "longTermInvestments": 137074600000, "propertyPlantEquipment": 462741300000, "goodWill": 16415700000, "intangibleAssets": 13621800000, "otherAssets": 147413300000, "deferredLongTermAssetCharges": 742400000, "totalAssets": 897481500000, "accountsPayable": 50954400000, "shortLongTermDebt": 38364300000, "otherCurrentLiab": 50801900000, "longTermDebt": 326951400000, "otherLiab": 43905100000, "deferredLongTermLiab": 55107000000, "minorityInterest": 23320400000, "totalCurrentLiabilities": 275839600000, "totalLiab": 678500900000, "commonStock": 2704400000, "retainedEarnings": 92581700000, "treasuryStock": 43896100000, "capitalSurplus": 56478000000, "otherStockholderEquity": 43896100000, "totalStockholderEquity": 195660200000, "netTangibleAssets": 165622700000}, {"maxAge": 1, "endDate": "2019-03-31", "cash": 6454500000, "shortTermInvestments": 1241200000, "netReceivables": 68365700000, "inventory": 17064200000, "otherCurrentAssets": 6784700000, "totalCurrentAssets": 101951500000, "longTermInvestments": 130004900000, "propertyPlantEquipment": 436772000000, "goodWill": 16415700000, "intangibleAssets": 15618200000, "otherAssets": 140867000000, "deferredLongTermAssetCharges": 894900000, "totalAssets": 841629300000, "accountsPayable": 54814900000, "shortLongTermDebt": 34906000000, "otherCurrentLiab": 41753400000, "longTermDebt": 311370300000, "otherLiab": 39779600000, "deferredLongTermLiab": 61025300000, "minorityInterest": 21666600000, "totalCurrentLiabilities": 285735700000, "totalLiab": 636907600000, "commonStock": 2704400000, "retainedEarnings": 81349900000, "treasuryStock": 42522800000, "capitalSurplus": 56478000000, "otherStockholderEquity": 42522800000, "totalStockholderEquity": 183055100000, "netTangibleAssets": 151021200000}, {"maxAge": 1, "endDate": "2018-03-31", "cash": 10611600000, "shortTermInvestments": 1110500000, "netReceivables": 54790100000, "inventory": 16230800000, "otherCurrentAssets": 55829300000, "totalCurrentAssets": 143704900000, "longTermInvestments": 116012800000, "propertyPlantEquipment": 430842100000, "goodWill": 16415700000, "intangibleAssets": 15830800000, "otherAssets": 97293400000, "deferredLongTermAssetCharges": 1181700000, "totalAssets": 820099700000, "accountsPayable": 56098200000, "shortLongTermDebt": 74056500000, "otherCurrentLiab": 39355900000, "longTermDebt": 223533100000, "otherLiab": 33300900000, "deferredLongTermLiab": 66257800000, "minorityInterest": 20152900000, "totalCurrentLiabilities": 374234000000, "totalLiab": 631098000000, "commonStock": 2704400000, "retainedEarnings": 73390500000, "treasuryStock": 36275900000, "capitalSurplus": 56478000000, "otherStockholderEquity": 36275900000, "totalStockholderEquity": 168848800000, "netTangibleAssets": 136602300000}, {"maxAge": 1, "endDate": "2017-03-31", "cash": 8352200000, "shortTermInvestments": 1064600000, "netReceivables": 58192900000, "inventory": 15995600000, "otherCurrentAssets": 32622700000, "totalCurrentAssets": 127078000000, "longTermInvestments": 104783900000, "propertyPlantEquipment": 451561700000, "goodWill": 16535700000, "intangibleAssets": 19604800000, "otherAssets": 109643800000, "deferredLongTermAssetCharges": 915300000, "totalAssets": 829207900000, "accountsPayable": 55290000000, "shortLongTermDebt": 73926600000, "otherCurrentLiab": 39005100000, "longTermDebt": 251429600000, "otherLiab": 56907200000, "deferredLongTermLiab": 83377700000, "minorityInterest": 18689900000, "totalCurrentLiabilities": 348412200000, "totalLiab": 656749000000, "commonStock": 2704400000, "retainedEarnings": 55468200000, "treasuryStock": 39118400000, "capitalSurplus": 56478000000, "otherStockholderEquity": 39118400000, "totalStockholderEquity": 153769000000, "netTangibleAssets": 117628500000}], "maxAge": 86400}, "financialData": {"maxAge": 86400, "currentPrice": 98.85, "recommendationKey": "none", "totalCash": 64598700032, "totalCashPerShare": 16.917, "ebitda": 69179596800, "totalDebt": 440705089536, "totalRevenue": 289615085568, "debtToEquity": 179.588, "revenuePerShare": 102.231, "grossProfits": 108878700000, "earningsGrowth": 0.3, "revenueGrowth": 0.075, "grossMargins": 0.36305, "ebitdaMargins": 0.23887, "operatingMargins": 0.15227, "profitMargins": 0.03926, "financialCurrency": "INR"}}}