{"TATASTLBSL.NS": {"assetProfile": {"address1": "23, Site IV", "address2": "Sahibabad Industrial Area", "city": "Ghaziabad", "zip": "201010", "country": "India", "phone": "91 12 0302 8000", "fax": "91 12 0410 0574", "website": "http://www.tatasteelbsl.co.in", "industry": "Steel", "sector": "Basic Materials", "longBusinessSummary": "Tata Steel BSL Limited operates as a secondary steel producing company in India. It offers hot rolled coils, cold rolled coil and sheets, galvanized plain coils and sheets, galume coils and sheets, color coated coils and tiles, color coated tiles, high tensile steel strips, and hardened and tempered steel strips, as well as CRCAs, CRFHs, precision tubes, HFW/ERW pipes, 3LP coated pipes, billets, and sponge iron. The company serves automobile, white goods/domestic appliances, and general engineering industries. The company was formerly known as Bhushan Steel Limited and changed its name to Tata Steel BSL Limited in November 2018. Tata Steel BSL Limited was incorporated in 1983 and is based in Ghaziabad, India. Tata Steel BSL Limited is a subsidiary of Bamnipal Steel Limited.", "companyOfficers": [{"maxAge": 1, "name": "Mr. Rajeev  Singhal", "age": 57, "title": "MD & Exec. Director", "yearBorn": 1963, "fiscalYear": 2020, "totalPay": 29802000, "exercisedValue": 0, "unexercisedValue": 0}, {"maxAge": 1, "name": "Mr. Sanjib  Nanda", "age": 56, "title": "Chief Financial Officer", "yearBorn": 1964, "fiscalYear": 2020, "totalPay": 16197000, "exercisedValue": 0, "unexercisedValue": 0}, {"maxAge": 1, "name": "Mr. Subodh  Pandey", "age": 50, "title": "Chief Operating Officer", "yearBorn": 1970, "exercisedValue": 0, "unexercisedValue": 0}, {"maxAge": 1, "name": "Ms. Nisha Anil Seth", "title": "Company Sec. & Compliance Officer", "fiscalYear": 2020, "totalPay": 4241134, "exercisedValue": 0, "unexercisedValue": 0}, {"maxAge": 1, "name": "Mr. Kawal Deep Sahni", "age": 56, "title": "Sr. VP", "yearBorn": 1964, "exercisedValue": 0, "unexercisedValue": 0}, {"maxAge": 1, "name": "Mr. Debojyoti  Roy", "age": 44, "title": "Principal Exec. Officer", "yearBorn": 1976, "exercisedValue": 0, "unexercisedValue": 0}, {"maxAge": 1, "name": "Pankaj  Kumar", "title": "Head of Accounts", "exercisedValue": 0, "unexercisedValue": 0}, {"maxAge": 1, "name": "Mr. Shankar  Batra", "age": 61, "title": "Exec. VP", "yearBorn": 1959, "fiscalYear": 2019, "exercisedValue": 0, "unexercisedValue": 0}, {"maxAge": 1, "name": "Mr. Giridhar  Venkatanarayanan", "age": 59, "title": "Exec. VP", "yearBorn": 1961, "fiscalYear": 2019, "exercisedValue": 0, "unexercisedValue": 0}, {"maxAge": 1, "name": "Mr. Rohit  Kumar", "title": "Head of Ethics", "exercisedValue": 0, "unexercisedValue": 0}], "compensationAsOfEpochDate": "2020-12-31 05:30:00", "maxAge": 86400}, "cashflowStatementHistory": {"cashflowStatements": [{"maxAge": 1, "endDate": "2021-03-31", "netIncome": 25181600000, "depreciation": 14912800000, "changeToNetincome": 15687800000, "changeToAccountReceivables": 2736300000, "changeToLiabilities": 16982200000, "changeToInventory": 4654400000, "changeToOperatingActivities": 1449500000, "totalCashFromOperatingActivities": 81604600000, "capitalExpenditures": -1441900000, "investments": -6670300000, "otherCashflowsFromInvestingActivities": 1463300000, "totalCashflowsFromInvestingActivities": -6629500000, "netBorrowings": -62488800000, "otherCashflowsFromFinancingActivities": -12352600000, "totalCashFromFinancingActivities": -74841400000, "changeInCash": 133700000}, {"maxAge": 1, "endDate": "2020-03-31", "netIncome": -6284889000, "depreciation": 14620857000, "changeToNetincome": 13752109000, "changeToAccountReceivables": 354221000, "changeToLiabilities": -76195000, "changeToInventory": -2419730000, "changeToOperatingActivities": -1297733000, "totalCashFromOperatingActivities": 18661850000, "capitalExpenditures": -6203887000, "investments": 16327143000, "otherCashflowsFromInvestingActivities": 398019000, "totalCashflowsFromInvestingActivities": 2933932000, "netBorrowings": -6046705000, "otherCashflowsFromFinancingActivities": -13460217000, "totalCashFromFinancingActivities": -19506922000, "changeInCash": 4471828000}, {"maxAge": 1, "endDate": "2019-03-31", "netIncome": 17118891000, "depreciation": 14416586000, "changeToNetincome": 7420935000, "changeToAccountReceivables": 5097127000, "changeToLiabilities": 20665215000, "changeToInventory": -5566860000, "changeToOperatingActivities": -1153893000, "totalCashFromOperatingActivities": 57998803000, "capitalExpenditures": -3543982000, "investments": -15101152000, "otherCashflowsFromInvestingActivities": 2471409000, "totalCashflowsFromInvestingActivities": -16170874000, "netBorrowings": -119947936000, "otherCashflowsFromFinancingActivities": -123639335000, "totalCashFromFinancingActivities": -44998421000, "changeInCash": -3170492000, "issuanceOfStock": 1588850000}, {"maxAge": 1, "endDate": "2018-03-31", "netIncome": -245658885000, "depreciation": 17856019000, "changeToNetincome": 251497374000, "changeToAccountReceivables": -828202000, "changeToLiabilities": 3780028000, "changeToInventory": -8762777000, "changeToOperatingActivities": -1153893000, "totalCashFromOperatingActivities": 17884191000, "capitalExpenditures": -3139991000, "investments": -15101152000, "otherCashflowsFromInvestingActivities": -3328952000, "totalCashflowsFromInvestingActivities": -6446481000, "dividendsPaid": -200000, "netBorrowings": 4475854000, "otherCashflowsFromFinancingActivities": -11224130000, "totalCashFromFinancingActivities": -6748476000, "changeInCash": 4689234000, "issuanceOfStock": 1588850000}], "maxAge": 86400}, "institutionOwnership": {"maxAge": 1, "ownershipList": []}, "majorHoldersBreakdown": {"maxAge": 1, "insidersPercentHeld": 0.78218, "institutionsPercentHeld": 0.0037599998, "institutionsFloatPercentHeld": 0.01727, "institutionsCount": 6}, "balanceSheetHistoryQuarterly": {"balanceSheetStatements": [{"maxAge": 1, "endDate": "2021-03-31", "cash": 7437900000, "shortTermInvestments": 6916100000, "netReceivables": 9182100000, "inventory": 43740600000, "otherCurrentAssets": 2295400000, "totalCurrentAssets": 69572100000, "longTermInvestments": 161200000, "propertyPlantEquipment": 290647400000, "intangibleAssets": 164000000, "otherAssets": 10612500000, "deferredLongTermAssetCharges": 71300000, "totalAssets": 371157200000, "accountsPayable": 42004200000, "otherCurrentLiab": 10854900000, "longTermDebt": 104266800000, "otherLiab": 1337300000, "minorityInterest": 200000, "totalCurrentLiabilities": 55511300000, "totalLiab": 161115400000, "commonStock": 2186900000, "treasuryStock": 207854700000, "otherStockholderEquity": 207854700000, "totalStockholderEquity": 210041600000, "netTangibleAssets": 209877600000}, {"maxAge": 1, "endDate": "2020-12-31", "totalStockholderEquity": 181781100000, "netTangibleAssets": 181595100000}, {"maxAge": 1, "endDate": "2020-09-30", "cash": 8981600000, "shortTermInvestments": 11567000000, "netReceivables": 5764800000, "inventory": 39557500000, "otherCurrentAssets": 4444600000, "totalCurrentAssets": 70315500000, "longTermInvestments": 4266100000, "propertyPlantEquipment": 297512500000, "intangibleAssets": 186000000, "otherAssets": 7917700000, "totalAssets": 380197800000, "accountsPayable": 30046000000, "otherCurrentLiab": 7783700000, "longTermDebt": 148207800000, "otherLiab": 1310200000, "minorityInterest": 200000, "totalCurrentLiabilities": 48898500000, "totalLiab": 198416500000, "commonStock": 2186900000, "treasuryStock": 179594200000, "otherStockholderEquity": 179594200000, "totalStockholderEquity": 181781100000, "netTangibleAssets": 181595100000}, {"maxAge": 1, "endDate": "2020-06-30", "totalStockholderEquity": 184855000000, "netTangibleAssets": 184647000000}], "maxAge": 86400}, "indexTrend": {"maxAge": 1, "symbol": "SP5", "peRatio": 19.7411, "pegRatio": 1.34172, "estimates": [{"period": "0q", "growth": 0.549}, {"period": "+1q", "growth": 0.431}, {"period": "0y", "growth": 0.305}, {"period": "+1y", "growth": 0.109}, {"period": "+5y", "growth": 0.120865}, {"period": "-5y"}]}, "defaultKeyStatistics": {"maxAge": 1, "priceHint": 2, "enterpriseValue": 168765767680, "profitMargins": 0.11757, "floatShares": 262839623, "sharesOutstanding": 1093440000, "heldPercentInsiders": 0.78218, "heldPercentInstitutions": 0.0037599998, "beta": 0.865235, "category": null, "bookValue": 192.11, "priceToBook": 0.37608662, "fundFamily": null, "legalType": null, "lastFiscalYearEnd": "2021-03-31 05:30:00", "nextFiscalYearEnd": "2023-03-31 05:30:00", "mostRecentQuarter": "2021-03-31 05:30:00", "earningsQuarterlyGrowth": 321.596, "netIncomeToCommon": 25181599744, "trailingEps": 6.57, "lastSplitFactor": "5:1", "lastSplitDate": "2010-09-21 05:30:00", "enterpriseToRevenue": 0.788, "enterpriseToEbitda": 3.098, "52WeekChange": 3.3263474, "SandP52WeekChange": 0.48148263, "lastDividendValue": 0.5, "lastDividendDate": 1410739200}, "summaryProfile": {"address1": "23, Site IV", "address2": "Sahibabad Industrial Area", "city": "Ghaziabad", "zip": "201010", "country": "India", "phone": "91 12 0302 8000", "fax": "91 12 0410 0574", "website": "http://www.tatasteelbsl.co.in", "industry": "Steel", "sector": "Basic Materials", "longBusinessSummary": "Tata Steel BSL Limited operates as a secondary steel producing company in India. It offers hot rolled coils, cold rolled coil and sheets, galvanized plain coils and sheets, galume coils and sheets, color coated coils and tiles, color coated tiles, high tensile steel strips, and hardened and tempered steel strips, as well as CRCAs, CRFHs, precision tubes, HFW/ERW pipes, 3LP coated pipes, billets, and sponge iron. The company serves automobile, white goods/domestic appliances, and general engineering industries. The company was formerly known as Bhushan Steel Limited and changed its name to Tata Steel BSL Limited in November 2018. Tata Steel BSL Limited was incorporated in 1983 and is based in Ghaziabad, India. Tata Steel BSL Limited is a subsidiary of Bamnipal Steel Limited.", "companyOfficers": [], "maxAge": 86400}, "netSharePurchaseActivity": {"maxAge": 1, "period": "6m", "buyInfoCount": 0, "buyInfoShares": 0, "sellInfoCount": 0, "netInfoCount": 0, "netInfoShares": 0, "netPercentInsiderShares": 0.0, "totalInsiderShares": 855190912}, "insiderTransactions": {"transactions": [{"maxAge": 1, "shares": 524846, "filerUrl": "", "transactionText": "", "filerName": "Singal (Aishwarya)", "filerRelation": "Promoter", "moneyText": "", "startDate": "2018-03-08", "ownership": "D"}, {"maxAge": 1, "shares": 151943, "filerUrl": "", "transactionText": "", "filerName": "Singal (Ritu)", "filerRelation": "Promoter", "moneyText": "", "startDate": "2018-01-23", "ownership": "D"}, {"maxAge": 1, "shares": 2338055, "filerUrl": "", "transactionText": "", "filerName": "Singal (Ritu)", "filerRelation": "Promoter", "moneyText": "", "startDate": "2018-01-22", "ownership": "D"}, {"maxAge": 1, "shares": 503075, "filerUrl": "", "transactionText": "", "filerName": "Garg (Sanjiv)", "filerRelation": "UNREPORTED", "moneyText": "", "startDate": "2016-10-18", "ownership": "D"}, {"maxAge": 1, "shares": 503075, "filerUrl": "", "transactionText": "", "filerName": "Garg (Rajiv)", "filerRelation": "UNREPORTED", "moneyText": "", "startDate": "2016-10-18", "ownership": "D"}, {"maxAge": 1, "shares": 503075, "filerUrl": "", "transactionText": "", "filerName": "Garg (Rajiv)", "filerRelation": "UNREPORTED", "moneyText": "", "startDate": "2016-05-03", "ownership": "D"}, {"maxAge": 1, "shares": 503075, "filerUrl": "", "transactionText": "", "filerName": "Garg (Sanjiv)", "filerRelation": "UNREPORTED", "moneyText": "", "startDate": "2016-04-29", "ownership": "D"}, {"maxAge": 1, "shares": 4070542, "filerUrl": "", "transactionText": "", "filerName": "Singal (Brij Bhushan)", "filerRelation": "Non Executive Chairman", "moneyText": "", "startDate": "2013-02-20", "ownership": "D"}, {"maxAge": 1, "shares": 7117293, "filerUrl": "", "transactionText": "", "filerName": "Singal (Neeraj)", "filerRelation": "Vice Chairman", "moneyText": "", "startDate": "2013-02-20", "ownership": "D"}, {"maxAge": 1, "shares": 438769, "filerUrl": "", "transactionText": "", "filerName": "Singal (Ritu)", "filerRelation": "Promoter", "moneyText": "", "startDate": "2013-02-20", "ownership": "D"}, {"maxAge": 1, "shares": 66700, "filerUrl": "", "transactionText": "", "filerName": "Garg (Pushpa)", "filerRelation": "Promoter", "moneyText": "", "startDate": "2013-02-20", "ownership": "D"}, {"maxAge": 1, "shares": 666, "filerUrl": "", "transactionText": "", "filerName": "Singhal (Brij Bhushan) HUF", "filerRelation": "Promoter", "moneyText": "", "startDate": "2013-02-20", "ownership": "D"}, {"maxAge": 1, "shares": 1842907, "filerUrl": "", "transactionText": "", "filerName": "Bhushan Infrastructure Pvt Ltd", "filerRelation": "Promoter", "moneyText": "", "startDate": "2013-02-20", "ownership": "D"}, {"maxAge": 1, "shares": 10692755, "filerUrl": "", "transactionText": "", "filerName": "Singal (Neeraj)", "filerRelation": "Vice Chairman", "moneyText": "", "startDate": "2011-12-05", "ownership": "D"}], "maxAge": 1}, "quoteType": {"exchange": "NSI", "quoteType": "EQUITY", "symbol": "TATASTLBSL.NS", "underlyingSymbol": "TATASTLBSL.NS", "shortName": "TATA STEEL BSL LTD", "longName": "Tata Steel BSL Limited", "firstTradeDateEpochUtc": "2003-11-21 09:15:00", "timeZoneFullName": "Asia/Kolkata", "timeZoneShortName": "IST", "uuid": "94a44355-8f9e-3a3a-9af7-5e29b2fbdab1", "messageBoardId": "finmb_13402688", "gmtOffSetMilliseconds": 19800000, "maxAge": 1}, "incomeStatementHistory": {"incomeStatementHistory": [{"maxAge": 1, "endDate": "2021-03-31", "totalRevenue": 214186300000, "costOfRevenue": 107183200000, "grossProfit": 107003100000, "researchDevelopment": {}, "sellingGeneralAdministrative": 6487900000, "nonRecurring": {}, "otherOperatingExpenses": 46034300000, "totalOperatingExpenses": 174618200000, "operatingIncome": 39568100000, "totalOtherIncomeExpenseNet": -14375400000, "ebit": 39568100000, "interestExpense": -15292100000, "incomeBeforeTax": 25192700000, "incomeTaxExpense": 11100000, "minorityInterest": 200000, "netIncomeFromContinuingOps": 25181600000, "discontinuedOperations": {}, "extraordinaryItems": {}, "effectOfAccountingCharges": {}, "otherItems": {}, "netIncome": 25181600000, "netIncomeApplicableToCommonShares": 25181600000}, {"maxAge": 1, "endDate": "2020-03-31", "totalRevenue": 181991418000, "costOfRevenue": 105243968000, "grossProfit": 76747450000, "researchDevelopment": {}, "sellingGeneralAdministrative": 5375562000, "nonRecurring": {}, "otherOperatingExpenses": 47512243000, "totalOperatingExpenses": 172765841000, "operatingIncome": 9225577000, "totalOtherIncomeExpenseNet": -15510466000, "ebit": 9225577000, "interestExpense": -16125486000, "incomeBeforeTax": -6284889000, "incomeTaxExpense": 0, "minorityInterest": 221000, "netIncomeFromContinuingOps": -6284889000, "discontinuedOperations": {}, "extraordinaryItems": {}, "effectOfAccountingCharges": {}, "otherItems": {}, "netIncome": -6284889000, "netIncomeApplicableToCommonShares": -6284889000}, {"maxAge": 1, "endDate": "2019-03-31", "totalRevenue": 208916035000, "costOfRevenue": 113317285000, "grossProfit": 95598750000, "researchDevelopment": {}, "sellingGeneralAdministrative": 3625056000, "nonRecurring": {}, "otherOperatingExpenses": 53424001000, "totalOperatingExpenses": 184783734000, "operatingIncome": 24132301000, "totalOtherIncomeExpenseNet": -7013836000, "ebit": 24132301000, "interestExpense": -37385567000, "incomeBeforeTax": 17118465000, "incomeTaxExpense": 0, "minorityInterest": -15015000, "netIncomeFromContinuingOps": 17118465000, "discontinuedOperations": {}, "extraordinaryItems": {}, "effectOfAccountingCharges": {}, "otherItems": {}, "netIncome": 17118891000, "netIncomeApplicableToCommonShares": 17118891000}, {"maxAge": 1, "endDate": "2018-03-31", "totalRevenue": 170125558000, "costOfRevenue": 98945123000, "grossProfit": 71180435000, "researchDevelopment": {}, "sellingGeneralAdministrative": 5088994000, "nonRecurring": {}, "otherOperatingExpenses": 44029254000, "totalOperatingExpenses": 165920024000, "operatingIncome": 4205534000, "totalOtherIncomeExpenseNet": -293085844000, "ebit": 4205534000, "interestExpense": -62467997000, "incomeBeforeTax": -288880310000, "incomeTaxExpense": -43218347000, "minorityInterest": -14481000, "netIncomeFromContinuingOps": -245661963000, "discontinuedOperations": {}, "extraordinaryItems": {}, "effectOfAccountingCharges": {}, "otherItems": {}, "netIncome": -245658885000, "netIncomeApplicableToCommonShares": -245658885000}], "maxAge": 86400}, "fundOwnership": {"maxAge": 1, "ownershipList": [{"maxAge": 1, "reportDate": "2021-01-31", "organization": "DFA Emerging Markets Small Cap Series", "pctHeld": 0.0001, "position": 85559, "value": 3221296}, {"maxAge": 1, "reportDate": "2021-01-31", "organization": "DFA Investment Dimensions-World Ex U.S. Core Equity Port", "pctHeld": 0.0001, "position": 85356, "value": 3213653}, {"maxAge": 1, "reportDate": "2021-02-28", "organization": "Avantis Emerging Markets Equity ETF", "pctHeld": 0.0001, "position": 55973, "value": 2563563}, {"maxAge": 1, "reportDate": "2021-03-31", "organization": "Avantis Emerging Markets Equity Fund", "pctHeld": 0.0001, "position": 55973, "value": 2918991}]}, "summaryDetail": {"maxAge": 1, "priceHint": 2, "previousClose": 69.75, "open": 69.3, "dayLow": 68.5, "dayHigh": 74.95, "regularMarketPreviousClose": 69.75, "regularMarketOpen": 69.3, "regularMarketDayLow": 68.5, "regularMarketDayHigh": 74.95, "exDividendDate": "2014-09-15 05:30:00", "payoutRatio": 0.0, "beta": 0.865235, "trailingPE": 10.996956, "volume": 25912203, "regularMarketVolume": 25912203, "averageVolume": 10524952, "averageVolume10days": 17863997, "averageDailyVolume10Day": 17863997, "bid": 0.0, "ask": 0.0, "bidSize": 0, "askSize": 0, "marketCap": 79001042944, "fiftyTwoWeekLow": 16.1, "fiftyTwoWeekHigh": 74.95, "priceToSalesTrailing12Months": 0.36884266, "fiftyDayAverage": 54.77639, "twoHundredDayAverage": 41.591724, "currency": "INR", "fromCurrency": null, "toCurrency": null, "lastMarket": null, "algorithm": null, "tradeable": false}, "incomeStatementHistoryQuarterly": {"incomeStatementHistory": [{"maxAge": 1, "endDate": "2021-03-31", "totalRevenue": 73210900000, "costOfRevenue": 31701300000, "grossProfit": 41509600000, "researchDevelopment": {}, "sellingGeneralAdministrative": 2031100000, "nonRecurring": {}, "otherOperatingExpenses": 13784000000, "totalOperatingExpenses": 51222700000, "operatingIncome": 21988200000, "totalOtherIncomeExpenseNet": -2850900000, "ebit": 21988200000, "interestExpense": -3126600000, "incomeBeforeTax": 19137300000, "incomeTaxExpense": 3800000, "minorityInterest": 200000, "netIncomeFromContinuingOps": 19133500000, "discontinuedOperations": {}, "extraordinaryItems": {}, "effectOfAccountingCharges": {}, "otherItems": {}, "netIncome": 19133500000, "netIncomeApplicableToCommonShares": 19133500000}, {"maxAge": 1, "endDate": "2020-12-31", "totalRevenue": 58811400000, "costOfRevenue": 29054300000, "grossProfit": 29757100000, "researchDevelopment": {}, "sellingGeneralAdministrative": 1469400000, "nonRecurring": {}, "otherOperatingExpenses": 12043800000, "totalOperatingExpenses": 46317100000, "operatingIncome": 12494300000, "totalOtherIncomeExpenseNet": -3359500000, "ebit": 12494300000, "interestExpense": -3609300000, "incomeBeforeTax": 9134800000, "incomeTaxExpense": 2900000, "minorityInterest": 200000, "netIncomeFromContinuingOps": 9131900000, "discontinuedOperations": {}, "extraordinaryItems": {}, "effectOfAccountingCharges": {}, "otherItems": {}, "netIncome": 9131900000, "netIncomeApplicableToCommonShares": 9131900000}, {"maxAge": 1, "endDate": "2020-09-30", "totalRevenue": 55194000000, "costOfRevenue": 30460100000, "grossProfit": 24733900000, "researchDevelopment": {}, "sellingGeneralAdministrative": 1365400000, "nonRecurring": {}, "otherOperatingExpenses": 12297900000, "totalOperatingExpenses": 47874400000, "operatingIncome": 7319600000, "totalOtherIncomeExpenseNet": -3899400000, "ebit": 7319600000, "interestExpense": -4158900000, "incomeBeforeTax": 3420200000, "incomeTaxExpense": 3100000, "minorityInterest": 200000, "netIncomeFromContinuingOps": 3417100000, "discontinuedOperations": {}, "extraordinaryItems": {}, "effectOfAccountingCharges": {}, "otherItems": {}, "netIncome": 3417100000, "netIncomeApplicableToCommonShares": 3417100000}, {"maxAge": 1, "endDate": "2020-06-30", "totalRevenue": 26970000000, "costOfRevenue": 15967500000, "grossProfit": 11002500000, "researchDevelopment": {}, "sellingGeneralAdministrative": 1622000000, "nonRecurring": {}, "otherOperatingExpenses": 7908600000, "totalOperatingExpenses": 29204000000, "operatingIncome": -2234000000, "totalOtherIncomeExpenseNet": -4265600000, "ebit": -2234000000, "interestExpense": -4397300000, "incomeBeforeTax": -6499600000, "incomeTaxExpense": 1300000, "minorityInterest": 200000, "netIncomeFromContinuingOps": -6500900000, "discontinuedOperations": {}, "extraordinaryItems": {}, "effectOfAccountingCharges": {}, "otherItems": {}, "netIncome": -6500900000, "netIncomeApplicableToCommonShares": -6500900000}], "maxAge": 86400}, "cashflowStatementHistoryQuarterly": {"cashflowStatements": [{"maxAge": 1, "endDate": "2021-03-31", "netIncome": 19133500000, "changeToLiabilities": 0}, {"maxAge": 1, "endDate": "2020-12-31", "netIncome": 9131900000, "changeToLiabilities": 0}, {"maxAge": 1, "endDate": "2020-09-30", "netIncome": 3417100000, "changeToLiabilities": 0}, {"maxAge": 1, "endDate": "2020-06-30", "netIncome": -6500900000, "changeToLiabilities": 0}], "maxAge": 86400}, "insiderHolders": {"holders": [{"maxAge": 1, "name": "Bhushan Infrastructure Pvt Ltd", "relation": "Promoter", "url": "", "transactionDescription": "Acquisition", "latestTransDate": "2013-02-20", "positionDirect": 29486540, "positionDirectDate": "2013-02-20"}, {"maxAge": 1, "name": "Garg (Pushpa)", "relation": "Promoter", "url": "", "transactionDescription": "Acquisition", "latestTransDate": "2013-02-20", "positionDirect": 1035700, "positionDirectDate": "2013-02-20"}, {"maxAge": 1, "name": "Garg (Rajiv)", "relation": "UNREPORTED", "url": "", "transactionDescription": "Sale", "latestTransDate": "2016-10-18", "positionDirect": 0, "positionDirectDate": "2016-10-18"}, {"maxAge": 1, "name": "Garg (Sanjiv)", "relation": "UNREPORTED", "url": "", "transactionDescription": "Sale", "latestTransDate": "2016-10-18", "positionDirect": 0, "positionDirectDate": "2016-10-18"}, {"maxAge": 1, "name": "Singal (Aishwarya)", "relation": "Promoter", "url": "", "transactionDescription": "Sale", "latestTransDate": "2018-03-08", "positionDirect": 1705729, "positionDirectDate": "2018-03-08"}, {"maxAge": 1, "name": "Singal (Brij Bhushan)", "relation": "Non Executive Chairman", "url": "", "transactionDescription": "Acquisition", "latestTransDate": "2013-02-20", "positionDirect": 45628672, "positionDirectDate": "2013-02-20"}, {"maxAge": 1, "name": "Singal (Neeraj)", "relation": "Vice Chairman", "url": "", "transactionDescription": "Acquisition", "latestTransDate": "2013-02-20", "positionDirect": 73105933, "positionDirectDate": "2013-02-20"}, {"maxAge": 1, "name": "Singal (Ritu)", "relation": "Promoter", "url": "", "transactionDescription": "Sale", "latestTransDate": "2018-01-23", "positionDirect": 4530311, "positionDirectDate": "2018-01-23"}, {"maxAge": 1, "name": "Singhal (Brij Bhushan) HUF", "relation": "Promoter", "url": "", "transactionDescription": "Acquisition", "latestTransDate": "2013-02-20", "positionDirect": 10666, "positionDirectDate": "2013-02-20"}], "maxAge": 1}, "calendarEvents": {"maxAge": 1, "earnings": {"earningsDate": []}, "exDividendDate": "2014-09-15 05:30:00"}, "price": {"maxAge": 1, "regularMarketChangePercent": 0.035842296, "regularMarketChange": 2.5, "regularMarketTime": "2021-04-30 15:30:00", "priceHint": 2, "regularMarketPrice": 72.25, "regularMarketDayHigh": 74.95, "regularMarketDayLow": 68.5, "regularMarketVolume": 25912203, "averageDailyVolume10Day": 17863997, "averageDailyVolume3Month": 10524952, "regularMarketPreviousClose": 69.75, "regularMarketSource": "FREE_REALTIME", "regularMarketOpen": 69.3, "exchange": "NSI", "exchangeName": "NSE", "exchangeDataDelayedBy": 15, "marketState": "CLOSED", "quoteType": "EQUITY", "symbol": "TATASTLBSL.NS", "underlyingSymbol": null, "shortName": "TATA STEEL BSL LTD", "longName": "Tata Steel BSL Limited", "currency": "INR", "quoteSourceName": "Delayed Quote", "currencySymbol": "\u20b9", "fromCurrency": null, "toCurrency": null, "lastMarket": null, "marketCap": 79001042944}, "balanceSheetHistory": {"balanceSheetStatements": [{"maxAge": 1, "endDate": "2021-03-31", "cash": 7437900000, "shortTermInvestments": 6916100000, "netReceivables": 9182100000, "inventory": 43740600000, "otherCurrentAssets": 2295400000, "totalCurrentAssets": 69572100000, "longTermInvestments": 161200000, "propertyPlantEquipment": 290647400000, "intangibleAssets": 164000000, "otherAssets": 10612500000, "deferredLongTermAssetCharges": 71300000, "totalAssets": 371157200000, "accountsPayable": 42004200000, "otherCurrentLiab": 10854900000, "longTermDebt": 104266800000, "otherLiab": 1337300000, "minorityInterest": 200000, "totalCurrentLiabilities": 55511300000, "totalLiab": 161115400000, "commonStock": 2186900000, "treasuryStock": 207854700000, "otherStockholderEquity": 207854700000, "totalStockholderEquity": 210041600000, "netTangibleAssets": 209877600000}, {"maxAge": 1, "endDate": "2020-03-31", "cash": 7273339000, "netReceivables": 8196835000, "inventory": 48394988000, "otherCurrentAssets": 8215668000, "totalCurrentAssets": 72237834000, "longTermInvestments": 13708000, "propertyPlantEquipment": 304347693000, "intangibleAssets": 208016000, "otherAssets": 11229741000, "totalAssets": 388036992000, "accountsPayable": 28283369000, "otherCurrentLiab": 4083092000, "longTermDebt": 150815616000, "otherLiab": 1143991000, "minorityInterest": 221000, "totalCurrentLiabilities": 44712071000, "totalLiab": 203181780000, "commonStock": 2186880000, "retainedEarnings": -249343964000, "treasuryStock": 172899392000, "capitalSurplus": 259112683000, "otherStockholderEquity": 172899392000, "totalStockholderEquity": 184854991000, "netTangibleAssets": 184646975000}, {"maxAge": 1, "endDate": "2019-03-31", "cash": 2776511000, "netReceivables": 8431996000, "inventory": 45818814000, "otherCurrentAssets": 6434468000, "totalCurrentAssets": 79484558000, "longTermInvestments": 10087000, "propertyPlantEquipment": 303085526000, "intangibleAssets": 1706000, "otherAssets": 13278183000, "totalAssets": 395860060000, "accountsPayable": 30891893000, "otherCurrentLiab": 7832032000, "longTermDebt": 162361745000, "otherLiab": 1169643000, "minorityInterest": -15015000, "totalCurrentLiabilities": 41782600000, "totalLiab": 212675317000, "commonStock": 2186880000, "retainedEarnings": -251012261000, "treasuryStock": 172912456000, "capitalSurplus": 259112683000, "otherStockholderEquity": 172912456000, "totalStockholderEquity": 183199758000, "netTangibleAssets": 183198052000}, {"maxAge": 1, "endDate": "2018-03-31", "cash": 5947003000, "shortTermInvestments": 680122000, "netReceivables": 13113154000, "inventory": 40251954000, "otherCurrentAssets": 9131745000, "totalCurrentAssets": 69237528000, "longTermInvestments": 10767000, "propertyPlantEquipment": 315412105000, "intangibleAssets": 1065000, "otherAssets": 13766836000, "totalAssets": 398428301000, "accountsPayable": 13051935000, "shortLongTermDebt": 349773575000, "otherCurrentLiab": 10624015000, "otherLiab": 983830000, "minorityInterest": -14481000, "totalCurrentLiabilities": 650910450000, "totalLiab": 658959540000, "commonStock": 453030000, "retainedEarnings": -272028988000, "treasuryStock": 3801590000, "capitalSurplus": 7257610000, "otherStockholderEquity": 3801590000, "totalStockholderEquity": -260516758000, "netTangibleAssets": -260517823000}], "maxAge": 86400}, "financialData": {"maxAge": 86400, "currentPrice": 72.25, "recommendationKey": "none", "totalCash": 14353999872, "totalCashPerShare": 13.129, "ebitda": 54480900096, "totalDebt": 106858897408, "quickRatio": 0.42, "currentRatio": 1.253, "totalRevenue": 214186295296, "debtToEquity": 50.875, "revenuePerShare": 195.886, "returnOnAssets": 0.06515, "returnOnEquity": 0.12753999, "grossProfits": 107003100000, "freeCashflow": 56653340672, "operatingCashflow": 81604599808, "earningsGrowth": 95.383, "revenueGrowth": 0.713, "grossMargins": 0.49958, "ebitdaMargins": 0.25436002, "operatingMargins": 0.18474, "profitMargins": 0.11757, "financialCurrency": "INR"}}}