{"TATAMETALI.NS": {"assetProfile": {"address1": "Tata Centre", "address2": "10th Floor 43, Jawaharlal Nehru Road", "city": "Kolkata", "zip": "700071", "country": "India", "phone": "91 33 6613 4200", "fax": "91 33 2288 4372", "website": "http://www.tatametaliks.com", "industry": "Steel", "sector": "Basic Materials", "longBusinessSummary": "Tata Metaliks Limited manufactures and sells pig iron and ductile iron pipes in India and internationally. The company operates through Pig Iron and Ductile Iron (DI) Pipes segments. It offers pig iron under the Tata eFee brand for various kinds of castings in industries, such as automobile, agriculture and tractor, engineering and industrial, power generation, DI pipes and fittings, sanitary and decorative, railways and other castings, and aluminum smelters. The company provides DI pipes with diameter ranging from 80 mm to 800 mm under the Tata Ductura brand for use in various applications, such as transportation of potable water, sewage, waste water, irrigation, and industrial usage in power plants. In addition, it provides by-products, including granulated blast furnace slag for cement plants; potted pig iron, which is used by foundries as scrap; pig iron scrap; and low fe and high fe iron sweepings. The company was founded in 1990 and is headquartered in Kolkata, India. Tata Metaliks Limited operates as a subsidiary of Tata Steel Limited.", "companyOfficers": [{"maxAge": 1, "name": "Mr. Sandeep  Kumar", "age": 52, "title": "MD & Exec. Director", "yearBorn": 1968, "fiscalYear": 2020, "totalPay": 15848598, "exercisedValue": 0, "unexercisedValue": 0}, {"maxAge": 1, "name": "Mr. Subhra  Sengupta", "age": 50, "title": "CFO & Ethics Counsellor", "yearBorn": 1970, "fiscalYear": 2020, "totalPay": 8789000, "exercisedValue": 0, "unexercisedValue": 0}, {"maxAge": 1, "name": "Mr. Sharad  Sharma", "age": 54, "title": "Exec. VP of Marketing & Sales", "yearBorn": 1966, "exercisedValue": 0, "unexercisedValue": 0}, {"maxAge": 1, "name": "Dr. Ratna  Sinha", "age": 59, "title": "VP of HRM", "yearBorn": 1961, "exercisedValue": 0, "unexercisedValue": 0}, {"maxAge": 1, "name": "Mr. Rajesh  Mishra", "age": 56, "title": "Exec. VP of Bus. Strategy & Corp. Services", "yearBorn": 1964, "exercisedValue": 0, "unexercisedValue": 0}, {"maxAge": 1, "name": "Mr. Debasish  Mishra", "age": 59, "title": "VP of Operations - PI", "yearBorn": 1961, "exercisedValue": 0, "unexercisedValue": 0}, {"maxAge": 1, "name": "Mr. N. V. Ramanathan", "age": 57, "title": "VP of Engg & Projects", "yearBorn": 1963, "exercisedValue": 0, "unexercisedValue": 0}, {"maxAge": 1, "name": "Mr. Soumyajyoti  Sarkar", "age": 53, "title": "VP of Operations - DI", "yearBorn": 1967, "exercisedValue": 0, "unexercisedValue": 0}, {"maxAge": 1, "name": "Mr. Avishek  Ghosh", "title": "Company Sec. & Compliance Officer", "exercisedValue": 0, "unexercisedValue": 0}], "compensationAsOfEpochDate": "2020-12-31 05:30:00", "maxAge": 86400}, "cashflowStatementHistory": {"cashflowStatements": [{"maxAge": 1, "endDate": "2021-03-31", "netIncome": 2198100000, "depreciation": 671300000, "changeToNetincome": 558700000, "changeToLiabilities": 0, "changeToInventory": -108800000, "changeToOperatingActivities": -506900000, "totalCashFromOperatingActivities": 2812400000, "capitalExpenditures": -1439500000, "investments": 100000000, "otherCashflowsFromInvestingActivities": -1448600000, "totalCashflowsFromInvestingActivities": -2787900000, "dividendsPaid": -67200000, "netBorrowings": -2064400000, "otherCashflowsFromFinancingActivities": -249700000, "totalCashFromFinancingActivities": -699700000, "changeInCash": -675200000, "issuanceOfStock": 1681600000}, {"maxAge": 1, "endDate": "2020-03-31", "netIncome": 1659572000, "depreciation": 644973000, "changeToNetincome": 248574000, "changeToLiabilities": 0, "changeToInventory": -704465000, "changeToOperatingActivities": -1152769000, "totalCashFromOperatingActivities": 701465000, "capitalExpenditures": -1389216000, "investments": -99900000, "otherCashflowsFromInvestingActivities": 27080000, "totalCashflowsFromInvestingActivities": -1461923000, "dividendsPaid": -94149000, "netBorrowings": 2034829000, "otherCashflowsFromFinancingActivities": -378964000, "totalCashFromFinancingActivities": 1561716000, "changeInCash": 801258000, "issuanceOfStock": 1681600000}, {"maxAge": 1, "endDate": "2019-03-31", "netIncome": 1818867000, "depreciation": 575631000, "changeToNetincome": 177985000, "changeToLiabilities": 0, "changeToInventory": -1163768000, "changeToOperatingActivities": 2336435000, "totalCashFromOperatingActivities": 3745933000, "capitalExpenditures": -983716000, "investments": 100175000, "otherCashflowsFromInvestingActivities": 287000, "totalCashflowsFromInvestingActivities": -871743000, "dividendsPaid": -71643000, "netBorrowings": -4347991000, "otherCashflowsFromFinancingActivities": -559498000, "totalCashFromFinancingActivities": -2622912000, "changeInCash": 251278000, "issuanceOfStock": 2356220000}, {"maxAge": 1, "endDate": "2018-03-31", "netIncome": 1591807000, "depreciation": 489024000, "changeToNetincome": 239201000, "changeToLiabilities": 0, "changeToInventory": -384676000, "changeToOperatingActivities": 19773000, "totalCashFromOperatingActivities": 1956769000, "capitalExpenditures": -602910000, "investments": -99850000, "otherCashflowsFromInvestingActivities": 2811000, "totalCashflowsFromInvestingActivities": -699804000, "dividendsPaid": -59773000, "netBorrowings": -619677000, "otherCashflowsFromFinancingActivities": -570498000, "totalCashFromFinancingActivities": -1249948000, "changeInCash": 7017000, "issuanceOfStock": 2356220000}], "maxAge": 86400}, "institutionOwnership": {"maxAge": 1, "ownershipList": []}, "majorHoldersBreakdown": {"maxAge": 1, "insidersPercentHeld": 0.60034, "institutionsPercentHeld": 0.1476, "institutionsFloatPercentHeld": 0.3693, "institutionsCount": 11}, "balanceSheetHistoryQuarterly": {"balanceSheetStatements": [{"maxAge": 1, "endDate": "2021-03-31", "cash": 420600000, "shortTermInvestments": 241800000, "netReceivables": 3969600000, "inventory": 4087000000, "otherCurrentAssets": 238400000, "totalCurrentAssets": 8957400000, "longTermInvestments": 100000, "propertyPlantEquipment": 9238100000, "intangibleAssets": 22900000, "otherAssets": 399500000, "totalAssets": 18618000000, "accountsPayable": 2696000000, "otherCurrentLiab": 866500000, "otherLiab": 344100000, "totalCurrentLiabilities": 3853600000, "totalLiab": 5617500000, "commonStock": 315800000, "treasuryStock": 12684700000, "otherStockholderEquity": 12684700000, "totalStockholderEquity": 13000500000, "netTangibleAssets": 12977600000}, {"maxAge": 1, "endDate": "2020-12-31", "totalStockholderEquity": 11500600000, "netTangibleAssets": 11473300000}, {"maxAge": 1, "endDate": "2020-09-30", "cash": 1753200000, "shortTermInvestments": 471900000, "netReceivables": 2141100000, "inventory": 3256000000, "otherCurrentAssets": 246400000, "totalCurrentAssets": 7868600000, "longTermInvestments": 5400000, "propertyPlantEquipment": 7744200000, "intangibleAssets": 27300000, "otherAssets": 947800000, "deferredLongTermAssetCharges": 289900000, "totalAssets": 16593300000, "accountsPayable": 2390600000, "otherCurrentLiab": 602000000, "otherLiab": 199000000, "totalCurrentLiabilities": 4067300000, "totalLiab": 5092700000, "commonStock": 315800000, "treasuryStock": 11184800000, "otherStockholderEquity": 11184800000, "totalStockholderEquity": 11500600000, "netTangibleAssets": 11473300000}, {"maxAge": 1, "endDate": "2020-06-30", "totalStockholderEquity": 9194000000, "netTangibleAssets": 9162900000}], "maxAge": 86400}, "indexTrend": {"maxAge": 1, "symbol": "SP5", "peRatio": 19.7411, "pegRatio": 1.34172, "estimates": [{"period": "0q", "growth": 0.549}, {"period": "+1q", "growth": 0.431}, {"period": "0y", "growth": 0.305}, {"period": "+1y", "growth": 0.109}, {"period": "+5y", "growth": 0.120865}, {"period": "-5y"}]}, "defaultKeyStatistics": {"maxAge": 1, "priceHint": 2, "enterpriseValue": 30013716480, "profitMargins": 0.11468001, "floatShares": 12119331, "sharesOutstanding": 31577500, "heldPercentInsiders": 0.60034, "heldPercentInstitutions": 0.1476, "beta": 1.367747, "category": null, "bookValue": 411.737, "priceToBook": 2.5640152, "fundFamily": null, "legalType": null, "lastFiscalYearEnd": "2021-03-31 05:30:00", "nextFiscalYearEnd": "2023-03-31 05:30:00", "mostRecentQuarter": "2021-03-31 05:30:00", "earningsQuarterlyGrowth": -0.027, "netIncomeToCommon": 2206200064, "trailingEps": 69.61, "lastSplitFactor": null, "enterpriseToRevenue": 1.566, "enterpriseToEbitda": 7.711, "52WeekChange": 1.3771672, "SandP52WeekChange": 0.48148263, "lastDividendValue": 2.5, "lastDividendDate": 1597881600}, "summaryProfile": {"address1": "Tata Centre", "address2": "10th Floor 43, Jawaharlal Nehru Road", "city": "Kolkata", "zip": "700071", "country": "India", "phone": "91 33 6613 4200", "fax": "91 33 2288 4372", "website": "http://www.tatametaliks.com", "industry": "Steel", "sector": "Basic Materials", "longBusinessSummary": "Tata Metaliks Limited manufactures and sells pig iron and ductile iron pipes in India and internationally. The company operates through Pig Iron and Ductile Iron (DI) Pipes segments. It offers pig iron under the Tata eFee brand for various kinds of castings in industries, such as automobile, agriculture and tractor, engineering and industrial, power generation, DI pipes and fittings, sanitary and decorative, railways and other castings, and aluminum smelters. The company provides DI pipes with diameter ranging from 80 mm to 800 mm under the Tata Ductura brand for use in various applications, such as transportation of potable water, sewage, waste water, irrigation, and industrial usage in power plants. In addition, it provides by-products, including granulated blast furnace slag for cement plants; potted pig iron, which is used by foundries as scrap; pig iron scrap; and low fe and high fe iron sweepings. The company was founded in 1990 and is headquartered in Kolkata, India. Tata Metaliks Limited operates as a subsidiary of Tata Steel Limited.", "companyOfficers": [], "maxAge": 86400}, "netSharePurchaseActivity": {"maxAge": 1, "period": "6m", "buyInfoCount": 0, "buyInfoShares": 0, "sellInfoCount": 0, "netInfoCount": 0, "netInfoShares": 0, "netPercentInsiderShares": 0.0, "totalInsiderShares": 18955578}, "quoteType": {"exchange": "NSI", "quoteType": "EQUITY", "symbol": "TATAMETALI.NS", "underlyingSymbol": "TATAMETALI.NS", "shortName": "TATA METALIKS", "longName": "Tata Metaliks Limited", "firstTradeDateEpochUtc": "2002-07-01 09:15:00", "timeZoneFullName": "Asia/Kolkata", "timeZoneShortName": "IST", "uuid": "74ef35b1-b416-3870-bb88-ca85b0b2a841", "messageBoardId": "finmb_20375554", "gmtOffSetMilliseconds": 19800000, "maxAge": 1}, "incomeStatementHistory": {"incomeStatementHistory": [{"maxAge": 1, "endDate": "2021-03-31", "totalRevenue": 19166700000, "costOfRevenue": 9681100000, "grossProfit": 9485600000, "researchDevelopment": {}, "sellingGeneralAdministrative": 1279100000, "nonRecurring": {}, "otherOperatingExpenses": 4314200000, "totalOperatingExpenses": 15945700000, "operatingIncome": 3221000000, "totalOtherIncomeExpenseNet": -154700000, "ebit": 3221000000, "interestExpense": -236000000, "incomeBeforeTax": 3066300000, "incomeTaxExpense": 860100000, "minorityInterest": {}, "netIncomeFromContinuingOps": 2206200000, "discontinuedOperations": -8100000, "extraordinaryItems": {}, "effectOfAccountingCharges": {}, "otherItems": {}, "netIncome": 2198100000, "netIncomeApplicableToCommonShares": 2198100000}, {"maxAge": 1, "endDate": "2020-03-31", "totalRevenue": 20506298000, "costOfRevenue": 12495611000, "grossProfit": 8010687000, "researchDevelopment": {}, "sellingGeneralAdministrative": 1279386000, "nonRecurring": {}, "otherOperatingExpenses": 3896116000, "totalOperatingExpenses": 18321666000, "operatingIncome": 2184632000, "totalOtherIncomeExpenseNet": -162450000, "ebit": 2184632000, "interestExpense": -174698000, "incomeBeforeTax": 2022182000, "incomeTaxExpense": 354198000, "minorityInterest": {}, "netIncomeFromContinuingOps": 1667984000, "discontinuedOperations": -8412000, "extraordinaryItems": {}, "effectOfAccountingCharges": {}, "otherItems": {}, "netIncome": 1659572000, "netIncomeApplicableToCommonShares": 1659572000}, {"maxAge": 1, "endDate": "2019-03-31", "totalRevenue": 21551103000, "costOfRevenue": 13681045000, "grossProfit": 7870058000, "researchDevelopment": {}, "sellingGeneralAdministrative": 1141239000, "nonRecurring": {}, "otherOperatingExpenses": 3653372000, "totalOperatingExpenses": 19052070000, "operatingIncome": 2499033000, "totalOtherIncomeExpenseNet": -369254000, "ebit": 2499033000, "interestExpense": -325748000, "incomeBeforeTax": 2129779000, "incomeTaxExpense": 301702000, "minorityInterest": {}, "netIncomeFromContinuingOps": 1828077000, "discontinuedOperations": -9210000, "extraordinaryItems": {}, "effectOfAccountingCharges": {}, "otherItems": {}, "netIncome": 1818867000, "netIncomeApplicableToCommonShares": 1818867000}, {"maxAge": 1, "endDate": "2018-03-31", "totalRevenue": 18736878000, "costOfRevenue": 11181623000, "grossProfit": 7555255000, "researchDevelopment": {}, "sellingGeneralAdministrative": 1024139000, "nonRecurring": {}, "otherOperatingExpenses": 3783120000, "totalOperatingExpenses": 16479546000, "operatingIncome": 2257332000, "totalOtherIncomeExpenseNet": -244209000, "ebit": 2257332000, "interestExpense": -413919000, "incomeBeforeTax": 2013123000, "incomeTaxExpense": 412029000, "minorityInterest": {}, "netIncomeFromContinuingOps": 1601094000, "discontinuedOperations": -9287000, "extraordinaryItems": {}, "effectOfAccountingCharges": {}, "otherItems": {}, "netIncome": 1591807000, "netIncomeApplicableToCommonShares": 1591807000}], "maxAge": 86400}, "fundOwnership": {"maxAge": 1, "ownershipList": [{"maxAge": 1, "reportDate": "2021-01-31", "organization": "DFA Emerging Markets Core Equity Portfolio", "pctHeld": 0.0032, "position": 101490, "value": 73250407}, {"maxAge": 1, "reportDate": "2021-01-31", "organization": "DFA Emerging Markets Small Cap Series", "pctHeld": 0.0018000001, "position": 56536, "value": 40804858}, {"maxAge": 1, "reportDate": "2021-02-28", "organization": "WisdomTree Tr-WisdomTree India Earnings Fd", "pctHeld": 0.0011, "position": 34560, "value": 26510976}, {"maxAge": 1, "reportDate": "2021-01-31", "organization": "DFA Investment Dimensions-World Ex U.S. Core Equity Port", "pctHeld": 0.0002, "position": 5683, "value": 4101705}, {"maxAge": 1, "reportDate": "2021-01-31", "organization": "DFA T.A. World Ex U.S. Core Equity Portfolio", "pctHeld": 0.0002, "position": 5278, "value": 3809396}, {"maxAge": 1, "reportDate": "2021-01-31", "organization": "DFA Investment Dimensions-Emerging Markets Social Core Equity", "pctHeld": 0.0002, "position": 5166, "value": 3728560}, {"maxAge": 1, "reportDate": "2021-03-31", "organization": "Avantis Emerging Markets Equity Fund", "pctHeld": 0.0001, "position": 1928, "value": 1573248}, {"maxAge": 1, "reportDate": "2021-02-28", "organization": "Avantis Emerging Markets Equity ETF", "pctHeld": 0.0001, "position": 1928, "value": 1478968}, {"maxAge": 1, "reportDate": "2021-01-31", "organization": "DFA Investment Dimensions-DFA Emerging Mkts Value", "pctHeld": 0.0001, "position": 1879, "value": 1356168}]}, "summaryDetail": {"maxAge": 1, "priceHint": 2, "previousClose": 920.8, "open": 913.0, "dayLow": 908.35, "dayHigh": 1091.0, "regularMarketPreviousClose": 920.8, "regularMarketOpen": 913.0, "regularMarketDayLow": 908.35, "regularMarketDayHigh": 1091.0, "dividendRate": 2.5, "dividendYield": 0.0028, "exDividendDate": "2020-08-20 05:30:00", "payoutRatio": 0.0358, "beta": 1.367747, "trailingPE": 15.165924, "volume": 5199098, "regularMarketVolume": 5199098, "averageVolume": 429488, "averageVolume10days": 1025858, "averageDailyVolume10Day": 1025858, "bid": 0.0, "ask": 0.0, "bidSize": 0, "askSize": 0, "marketCap": 33301948416, "fiftyTwoWeekLow": 408.5, "fiftyTwoWeekHigh": 1091.0, "priceToSalesTrailing12Months": 1.7374899, "fiftyDayAverage": 836.09283, "twoHundredDayAverage": 694.3257, "trailingAnnualDividendRate": 4.0, "trailingAnnualDividendYield": 0.004344049, "currency": "INR", "fromCurrency": null, "toCurrency": null, "lastMarket": null, "algorithm": null, "tradeable": false}, "incomeStatementHistoryQuarterly": {"incomeStatementHistory": [{"maxAge": 1, "endDate": "2021-03-31", "totalRevenue": 6608700000, "costOfRevenue": 3386000000, "grossProfit": 3222700000, "researchDevelopment": {}, "sellingGeneralAdministrative": 350500000, "nonRecurring": {}, "otherOperatingExpenses": 1441200000, "totalOperatingExpenses": 5337400000, "operatingIncome": 1271300000, "totalOtherIncomeExpenseNet": -32000000, "ebit": 1271300000, "interestExpense": -59700000, "incomeBeforeTax": 1239300000, "incomeTaxExpense": 487400000, "minorityInterest": {}, "netIncomeFromContinuingOps": 751900000, "discontinuedOperations": -2000000, "extraordinaryItems": {}, "effectOfAccountingCharges": {}, "otherItems": {}, "netIncome": 749900000, "netIncomeApplicableToCommonShares": 749900000}, {"maxAge": 1, "endDate": "2020-12-31", "totalRevenue": 5262300000, "costOfRevenue": 2572500000, "grossProfit": 2689800000, "researchDevelopment": {}, "sellingGeneralAdministrative": 351200000, "nonRecurring": {}, "otherOperatingExpenses": 1073800000, "totalOperatingExpenses": 4148800000, "operatingIncome": 1113500000, "totalOtherIncomeExpenseNet": -23900000, "ebit": 1113500000, "interestExpense": -44900000, "incomeBeforeTax": 1089600000, "incomeTaxExpense": 335300000, "minorityInterest": {}, "netIncomeFromContinuingOps": 754300000, "discontinuedOperations": -2500000, "extraordinaryItems": {}, "effectOfAccountingCharges": {}, "otherItems": {}, "netIncome": 751800000, "netIncomeApplicableToCommonShares": 751800000}, {"maxAge": 1, "endDate": "2020-09-30", "totalRevenue": 5196300000, "costOfRevenue": 2581600000, "grossProfit": 2614700000, "researchDevelopment": {}, "sellingGeneralAdministrative": 282900000, "nonRecurring": {}, "otherOperatingExpenses": 1237300000, "totalOperatingExpenses": 4265900000, "operatingIncome": 930400000, "totalOtherIncomeExpenseNet": -28300000, "ebit": 930400000, "interestExpense": -50400000, "incomeBeforeTax": 902100000, "incomeTaxExpense": 80100000, "minorityInterest": {}, "netIncomeFromContinuingOps": 822000000, "discontinuedOperations": -2000000, "extraordinaryItems": {}, "effectOfAccountingCharges": {}, "otherItems": {}, "netIncome": 820000000, "netIncomeApplicableToCommonShares": 820000000}, {"maxAge": 1, "endDate": "2020-06-30", "totalRevenue": 2099400000, "costOfRevenue": 1141000000, "grossProfit": 958400000, "researchDevelopment": {}, "sellingGeneralAdministrative": 294500000, "nonRecurring": {}, "otherOperatingExpenses": 561900000, "totalOperatingExpenses": 2193600000, "operatingIncome": -94200000, "totalOtherIncomeExpenseNet": -70500000, "ebit": -94200000, "interestExpense": -81000000, "incomeBeforeTax": -164700000, "incomeTaxExpense": -42700000, "minorityInterest": {}, "netIncomeFromContinuingOps": -122000000, "discontinuedOperations": -1600000, "extraordinaryItems": {}, "effectOfAccountingCharges": {}, "otherItems": {}, "netIncome": -123600000, "netIncomeApplicableToCommonShares": -123600000}], "maxAge": 86400}, "cashflowStatementHistoryQuarterly": {"cashflowStatements": [{"maxAge": 1, "endDate": "2021-03-31", "netIncome": 749900000, "changeToLiabilities": 0}, {"maxAge": 1, "endDate": "2020-12-31", "netIncome": 751800000, "changeToLiabilities": 0}, {"maxAge": 1, "endDate": "2020-09-30", "netIncome": 820000000, "changeToLiabilities": 0}, {"maxAge": 1, "endDate": "2020-06-30", "netIncome": -123600000, "changeToLiabilities": 0}], "maxAge": 86400}, "insiderHolders": {"holders": [], "maxAge": 1}, "calendarEvents": {"maxAge": 1, "earnings": {"earningsDate": []}, "exDividendDate": "2020-08-20 05:30:00"}, "price": {"maxAge": 1, "regularMarketChangePercent": 0.146503, "regularMarketChange": 134.89996, "regularMarketTime": "2021-04-30 15:30:00", "priceHint": 2, "regularMarketPrice": 1055.7, "regularMarketDayHigh": 1091.0, "regularMarketDayLow": 908.35, "regularMarketVolume": 5199098, "averageDailyVolume10Day": 1025858, "averageDailyVolume3Month": 429488, "regularMarketPreviousClose": 920.8, "regularMarketSource": "FREE_REALTIME", "regularMarketOpen": 913.0, "exchange": "NSI", "exchangeName": "NSE", "exchangeDataDelayedBy": 15, "marketState": "CLOSED", "quoteType": "EQUITY", "symbol": "TATAMETALI.NS", "underlyingSymbol": null, "shortName": "TATA METALIKS", "longName": "Tata Metaliks Limited", "currency": "INR", "quoteSourceName": "Delayed Quote", "currencySymbol": "\u20b9", "fromCurrency": null, "toCurrency": null, "lastMarket": null, "marketCap": 33301948416}, "balanceSheetHistory": {"balanceSheetStatements": [{"maxAge": 1, "endDate": "2021-03-31", "cash": 420600000, "shortTermInvestments": 241800000, "netReceivables": 3969600000, "inventory": 4087000000, "otherCurrentAssets": 238400000, "totalCurrentAssets": 8957400000, "longTermInvestments": 100000, "propertyPlantEquipment": 9238100000, "intangibleAssets": 22900000, "otherAssets": 399500000, "totalAssets": 18618000000, "accountsPayable": 2696000000, "otherCurrentLiab": 866500000, "otherLiab": 344100000, "totalCurrentLiabilities": 3853600000, "totalLiab": 5617500000, "commonStock": 315800000, "treasuryStock": 12684700000, "otherStockholderEquity": 12684700000, "totalStockholderEquity": 13000500000, "netTangibleAssets": 12977600000}, {"maxAge": 1, "endDate": "2020-03-31", "cash": 1078326000, "netReceivables": 2805411000, "inventory": 3854815000, "otherCurrentAssets": 655816000, "totalCurrentAssets": 8494368000, "longTermInvestments": 52000, "propertyPlantEquipment": 7634999000, "intangibleAssets": 31074000, "otherAssets": 786924000, "deferredLongTermAssetCharges": 199516000, "totalAssets": 16947417000, "accountsPayable": 3607163000, "otherCurrentLiab": 392819000, "otherLiab": 184351000, "totalCurrentLiabilities": 6713973000, "totalLiab": 7753420000, "commonStock": 280850000, "retainedEarnings": 5696384000, "treasuryStock": 1449059000, "capitalSurplus": 1767704000, "otherStockholderEquity": 1449059000, "totalStockholderEquity": 9193997000, "netTangibleAssets": 9162923000}, {"maxAge": 1, "endDate": "2019-03-31", "cash": 277068000, "shortTermInvestments": 371200000, "netReceivables": 2798479000, "inventory": 3150350000, "otherCurrentAssets": 588640000, "totalCurrentAssets": 6814537000, "longTermInvestments": 152000, "propertyPlantEquipment": 6609846000, "intangibleAssets": 784000, "otherAssets": 399622000, "deferredLongTermAssetCharges": 197660000, "totalAssets": 13824941000, "accountsPayable": 4553527000, "otherCurrentLiab": 450161000, "longTermDebt": 378100000, "otherLiab": 149024000, "totalCurrentLiabilities": 5627044000, "totalLiab": 6154178000, "commonStock": 280850000, "retainedEarnings": 4173150000, "treasuryStock": 1449059000, "capitalSurplus": 1767704000, "otherStockholderEquity": 1449059000, "totalStockholderEquity": 7670763000, "netTangibleAssets": 7669979000}, {"maxAge": 1, "endDate": "2018-03-31", "cash": 25790000, "shortTermInvestments": 170000, "netReceivables": 2161547000, "inventory": 1986582000, "otherCurrentAssets": 660507000, "totalCurrentAssets": 4934538000, "longTermInvestments": 152000, "propertyPlantEquipment": 6095954000, "intangibleAssets": 1567000, "otherAssets": 213682000, "deferredLongTermAssetCharges": 30658000, "totalAssets": 11245893000, "accountsPayable": 1797266000, "shortLongTermDebt": 520833000, "otherCurrentLiab": 395723000, "longTermDebt": 1583330000, "otherLiab": 133676000, "totalCurrentLiabilities": 5527367000, "totalLiab": 7659073000, "commonStock": 252880000, "retainedEarnings": 2445427000, "treasuryStock": 888513000, "otherStockholderEquity": 888513000, "totalStockholderEquity": 3586820000, "netTangibleAssets": 3585253000}], "maxAge": 86400}, "financialData": {"maxAge": 86400, "currentPrice": 1055.7, "recommendationKey": "none", "totalCash": 662400000, "totalCashPerShare": 20.979, "ebitda": 3892300032, "totalDebt": 1602099968, "quickRatio": 0.813, "currentRatio": 2.324, "totalRevenue": 19166699520, "debtToEquity": 12.323, "revenuePerShare": 641.332, "returnOnAssets": 0.11321, "returnOnEquity": 0.19881001, "grossProfits": 9485600000, "freeCashflow": -755982976, "operatingCashflow": 2812400128, "earningsGrowth": -0.027, "revenueGrowth": 0.267, "grossMargins": 0.49490002, "ebitdaMargins": 0.20308, "operatingMargins": 0.16805, "profitMargins": 0.11468001, "financialCurrency": "INR"}}}