{"TATACHEM.BO": {"recommendationTrend": {"trend": [{"period": "0m", "strongBuy": 0, "buy": 0, "hold": 0, "sell": 0, "strongSell": 0}, {"period": "-1m", "strongBuy": 0, "buy": 0, "hold": 0, "sell": 0, "strongSell": 0}, {"period": "-2m", "strongBuy": 0, "buy": 0, "hold": 0, "sell": 0, "strongSell": 0}, {"period": "-3m", "strongBuy": 0, "buy": 0, "hold": 0, "sell": 0, "strongSell": 0}], "maxAge": 86400}, "cashflowStatementHistory": {"cashflowStatements": [{"maxAge": 1, "endDate": "2020-03-31", "netIncome": 70063300000, "depreciation": 6643900000, "changeToNetincome": -55787000000, "changeToAccountReceivables": -1909600000, "changeToLiabilities": 1519600000, "changeToInventory": -2750100000, "totalCashFromOperatingActivities": 17800900000, "capitalExpenditures": -11994200000, "investments": 304200000, "otherCashflowsFromInvestingActivities": 1529600000, "totalCashflowsFromInvestingActivities": -23682300000, "dividendsPaid": -3823700000, "netBorrowings": 7351100000, "otherCashflowsFromFinancingActivities": -4820000000, "totalCashFromFinancingActivities": -1292600000, "effectOfExchangeRate": 832800000, "changeInCash": -6341200000}, {"maxAge": 1, "endDate": "2019-03-31", "netIncome": 11559100000, "depreciation": 5685000000, "changeToNetincome": 722900000, "changeToAccountReceivables": 3225700000, "changeToLiabilities": -1253300000, "changeToInventory": -4116100000, "totalCashFromOperatingActivities": 15823300000, "capitalExpenditures": -10823000000, "investments": -14950000000, "otherCashflowsFromInvestingActivities": 7331500000, "totalCashflowsFromInvestingActivities": -19581900000, "dividendsPaid": -6725100000, "netBorrowings": -5761500000, "otherCashflowsFromFinancingActivities": -4631700000, "totalCashFromFinancingActivities": -17118300000, "effectOfExchangeRate": 301400000, "changeInCash": -20575500000}, {"maxAge": 1, "endDate": "2018-03-31", "netIncome": 24330800000, "depreciation": 5180100000, "changeToNetincome": -5128000000, "changeToAccountReceivables": -2513300000, "changeToLiabilities": -1991800000, "changeToInventory": -1186000000, "totalCashFromOperatingActivities": 18691800000, "capitalExpenditures": -7503200000, "investments": 7509800000, "otherCashflowsFromInvestingActivities": 26866000000, "totalCashflowsFromInvestingActivities": 27070100000, "dividendsPaid": -3361800000, "netBorrowings": -12406000000, "otherCashflowsFromFinancingActivities": -5126800000, "totalCashFromFinancingActivities": -20894600000, "effectOfExchangeRate": 77500000, "changeInCash": 24944800000}, {"maxAge": 1, "endDate": "2017-03-31", "netIncome": 9931100000, "depreciation": 5121600000, "changeToNetincome": 8126300000, "changeToAccountReceivables": 11155500000, "changeToLiabilities": -3298900000, "changeToInventory": 4272400000, "totalCashFromOperatingActivities": 35308000000, "capitalExpenditures": -6453000000, "investments": -4137600000, "otherCashflowsFromInvestingActivities": 940100000, "totalCashflowsFromInvestingActivities": -9821400000, "dividendsPaid": -3055600000, "netBorrowings": -14116600000, "otherCashflowsFromFinancingActivities": -6242200000, "totalCashFromFinancingActivities": -23414400000, "effectOfExchangeRate": -24600000, "changeInCash": 2047600000}], "maxAge": 86400}, "institutionOwnership": {"ownershipList": [], "maxAge": 1}, "balanceSheetHistoryQuarterly": {"balanceSheetStatements": [{"maxAge": 1, "endDate": "2020-06-30", "totalStockholderEquity": 128976600000, "netTangibleAssets": 28982000000}, {"maxAge": 1, "endDate": "2020-03-31", "cash": 12542600000, "shortTermInvestments": 8095700000, "netReceivables": 21211500000, "inventory": 18691600000, "otherCurrentAssets": 1638800000, "totalCurrentAssets": 78623200000, "longTermInvestments": 26848100000, "propertyPlantEquipment": 61699300000, "goodWill": 19997600000, "intangibleAssets": 79997000000, "otherAssets": 10356800000, "deferredLongTermAssetCharges": 153100000, "totalAssets": 277522000000, "accountsPayable": 16309200000, "shortLongTermDebt": 20776700000, "otherCurrentLiab": 10490100000, "longTermDebt": 35331800000, "otherLiab": 32812400000, "minorityInterest": 7637700000, "totalCurrentLiabilities": 70883500000, "totalLiab": 140907700000, "commonStock": 2547600000, "retainedEarnings": 77082700000, "treasuryStock": 36757400000, "capitalSurplus": 12588900000, "otherStockholderEquity": 36757400000, "totalStockholderEquity": 128976600000, "netTangibleAssets": 28982000000}, {"maxAge": 1, "endDate": "2019-12-31", "totalStockholderEquity": 126831500000, "netTangibleAssets": 32594300000}, {"maxAge": 1, "endDate": "2019-09-30", "cash": 14925400000, "shortTermInvestments": 26058400000, "netReceivables": 16456600000, "inventory": 16434300000, "otherCurrentAssets": 3530600000, "totalCurrentAssets": 77405300000, "longTermInvestments": 34252200000, "propertyPlantEquipment": 56859100000, "goodWill": 18849600000, "intangibleAssets": 75387600000, "otherAssets": 11817900000, "deferredLongTermAssetCharges": 350700000, "totalAssets": 274571700000, "accountsPayable": 15626200000, "otherCurrentLiab": 36553300000, "longTermDebt": 32456900000, "otherLiab": 29425900000, "minorityInterest": 29924700000, "totalCurrentLiabilities": 53814600000, "totalLiab": 117815500000, "commonStock": 2548200000, "treasuryStock": 124283300000, "otherStockholderEquity": 124283300000, "totalStockholderEquity": 126831500000, "netTangibleAssets": 32594300000}], "maxAge": 86400}, "earningsHistory": {"history": [{"maxAge": 1, "epsActual": 19.07, "epsEstimate": 12.95, "epsDifference": 6.12, "surprisePercent": 0.473, "quarter": "2017-12-31", "period": "-4q"}, {"maxAge": 1, "epsActual": -4.04, "epsEstimate": 9.7, "epsDifference": -13.74, "surprisePercent": -1.416, "quarter": "2018-03-31", "period": "-3q"}, {"maxAge": 1, "epsActual": 8.4, "epsEstimate": 12.5, "epsDifference": -4.1, "surprisePercent": -0.32799998, "quarter": "2018-06-30", "period": "-2q"}, {"maxAge": 1, "epsActual": 12.63, "epsEstimate": 10.67, "epsDifference": 1.96, "surprisePercent": 0.184, "quarter": "2018-09-30", "period": "-1q"}], "maxAge": 86400}, "indexTrend": {"maxAge": 1, "symbol": "SP5", "peRatio": 19.7411, "pegRatio": 1.34172, "estimates": [{"period": "0q", "growth": 0.549}, {"period": "+1q", "growth": 0.431}, {"period": "0y", "growth": 0.305}, {"period": "+1y", "growth": 0.109}, {"period": "+5y", "growth": 0.120865}, {"period": "-5y"}]}, "industryTrend": {"maxAge": 1, "symbol": null, "estimates": []}, "insiderTransactions": {"transactions": [{"maxAge": 1, "shares": 5287101, "filerUrl": "", "transactionText": "", "filerName": "Life Insurance Corporation of India", "filerRelation": "Institution- Corporation", "moneyText": "", "startDate": "2014-10-31", "ownership": "D"}, {"maxAge": 1, "shares": 16000, "filerUrl": "", "transactionText": "", "filerName": "Mistry (CyrusP)", "filerRelation": "Chairman of the Board", "moneyText": "", "startDate": "2014-06-03", "ownership": "D"}, {"maxAge": 1, "shares": 9707316, "filerUrl": "", "transactionText": "", "filerName": "Life Insurance Corporation of India", "filerRelation": "Institution- Corporation", "moneyText": "", "startDate": "2013-03-18", "ownership": "D"}, {"maxAge": 1, "shares": 32050, "filerUrl": "", "transactionText": "", "filerName": "TATA AIG General Insurance Co Ltd", "filerRelation": "Promoter", "moneyText": "", "startDate": "2012-02-28", "ownership": "D"}, {"maxAge": 1, "shares": 5499, "filerUrl": "", "transactionText": "", "filerName": "JRD Tata Trust", "filerRelation": "Institution- Corporation", "moneyText": "", "startDate": "2012-02-27", "ownership": "D"}, {"maxAge": 1, "shares": 5499, "filerUrl": "", "transactionText": "", "filerName": "TATA AIG General Insurance Co Ltd", "filerRelation": "Promoter", "moneyText": "", "startDate": "2012-02-27", "ownership": "D"}], "maxAge": 1}, "quoteType": {"exchange": "BSE", "quoteType": "EQUITY", "symbol": "TATACHEM.BO", "underlyingSymbol": "TATACHEM.BO", "shortName": "TATA CHEMICALS LTD.", "longName": "Tata Chemicals Limited", "firstTradeDateEpochUtc": "1991-01-07 09:15:00", "timeZoneFullName": "Asia/Kolkata", "timeZoneShortName": "IST", "uuid": "381602b5-3bc5-3d0e-9a1c-7710869b432b", "gmtOffSetMilliseconds": 19800000, "maxAge": 1}, "incomeStatementHistory": {"incomeStatementHistory": [{"maxAge": 1, "endDate": "2020-03-31", "totalRevenue": 103567500000, "costOfRevenue": 24133800000, "grossProfit": 79433700000, "researchDevelopment": {}, "sellingGeneralAdministrative": 15189800000, "nonRecurring": {}, "otherOperatingExpenses": 44299800000, "totalOperatingExpenses": 90357300000, "operatingIncome": 13210200000, "totalOtherIncomeExpenseNet": -729600000, "ebit": 13210200000, "interestExpense": -2759700000, "incomeBeforeTax": 12480600000, "incomeTaxExpense": 2196500000, "minorityInterest": 7637700000, "netIncomeFromContinuingOps": 10284100000, "discontinuedOperations": 61997400000, "extraordinaryItems": {}, "effectOfAccountingCharges": {}, "otherItems": {}, "netIncome": 70063300000, "netIncomeApplicableToCommonShares": 70063300000}, {"maxAge": 1, "endDate": "2019-03-31", "totalRevenue": 103367200000, "costOfRevenue": 24031500000, "grossProfit": 79335700000, "researchDevelopment": {}, "sellingGeneralAdministrative": 15555700000, "nonRecurring": {}, "otherOperatingExpenses": 45568300000, "totalOperatingExpenses": 90853500000, "operatingIncome": 12513700000, "totalOtherIncomeExpenseNet": 1858900000, "ebit": 12513700000, "interestExpense": -3016400000, "incomeBeforeTax": 14372600000, "incomeTaxExpense": 2744400000, "minorityInterest": 29146700000, "netIncomeFromContinuingOps": 11628200000, "discontinuedOperations": 2240300000, "extraordinaryItems": {}, "effectOfAccountingCharges": {}, "otherItems": {}, "netIncome": 11559100000, "netIncomeApplicableToCommonShares": 11559100000}, {"maxAge": 1, "endDate": "2018-03-31", "totalRevenue": 102696900000, "costOfRevenue": 21111500000, "grossProfit": 81585400000, "researchDevelopment": {}, "sellingGeneralAdministrative": 15842900000, "nonRecurring": {}, "otherOperatingExpenses": 43567800000, "totalOperatingExpenses": 85735000000, "operatingIncome": 16961900000, "totalOtherIncomeExpenseNet": -760600000, "ebit": 16961900000, "interestExpense": -2577400000, "incomeBeforeTax": 16201300000, "incomeTaxExpense": 601300000, "minorityInterest": 27171600000, "netIncomeFromContinuingOps": 15600000000, "discontinuedOperations": -715000000, "extraordinaryItems": {}, "effectOfAccountingCharges": {}, "otherItems": {}, "netIncome": 24330800000, "netIncomeApplicableToCommonShares": 24330800000}, {"maxAge": 1, "endDate": "2017-03-31", "totalRevenue": 103460700000, "costOfRevenue": 24690100000, "grossProfit": 78770600000, "researchDevelopment": {}, "sellingGeneralAdministrative": 16181300000, "nonRecurring": {}, "otherOperatingExpenses": 41377600000, "totalOperatingExpenses": 87395100000, "operatingIncome": 16065600000, "totalOtherIncomeExpenseNet": -1399800000, "ebit": 16065600000, "interestExpense": -3340800000, "incomeBeforeTax": 14665800000, "incomeTaxExpense": 3459500000, "minorityInterest": 26238900000, "netIncomeFromContinuingOps": 11206300000, "discontinuedOperations": 1134700000, "extraordinaryItems": {}, "effectOfAccountingCharges": {}, "otherItems": {}, "netIncome": 9931100000, "netIncomeApplicableToCommonShares": 9931100000}], "maxAge": 86400}, "fundOwnership": {"ownershipList": [{"maxAge": 1, "reportDate": "2020-05-31", "organization": "Delaware Group Global & International Funds-Emerging Markets Fd", "pctHeld": 0.0073, "position": 1866909, "value": 572300953}, {"maxAge": 1, "reportDate": "2020-06-30", "organization": "Templeton Global Investment Tr-Templeton Emerging Markets Small Cap Fd", "pctHeld": 0.0043, "position": 1092500, "value": 338838875}, {"maxAge": 1, "reportDate": "2020-07-31", "organization": "Goldman Sachs Emerging Markets Equity Insights Fund", "pctHeld": 0.004, "position": 1030715, "value": 314986504}, {"maxAge": 1, "reportDate": "2020-06-30", "organization": "Templeton Developing Markets Trust", "pctHeld": 0.0033000002, "position": 846962, "value": 262685264}, {"maxAge": 1, "reportDate": "2020-07-31", "organization": "DFA Investment Dimensions-DFA Emerging Mkts Value", "pctHeld": 0.003, "position": 761327, "value": 232661531}, {"maxAge": 1, "reportDate": "2020-07-31", "organization": "DFA Emerging Markets Core Equity Portfolio", "pctHeld": 0.0029, "position": 741127, "value": 226488411}, {"maxAge": 1, "reportDate": "2020-07-31", "organization": "Vanguard International Stock Index-Total Intl Stock Indx", "pctHeld": 0.0029, "position": 739878, "value": 226106716}, {"maxAge": 1, "reportDate": "2020-07-31", "organization": "iShares Core MSCI Emerging Markets ETF", "pctHeld": 0.0023999999, "position": 620404, "value": 189595462}, {"maxAge": 1, "reportDate": "2020-07-31", "organization": "DFA Emerging Markets Small Cap Series", "pctHeld": 0.0016, "position": 395329, "value": 120812542}, {"maxAge": 1, "reportDate": "2020-07-31", "organization": "Vanguard International Stock Index-Emerging Markets Stk", "pctHeld": 0.00090000004, "position": 233136, "value": 71246361}], "maxAge": 1}, "summaryDetail": {"maxAge": 1, "priceHint": 2, "previousClose": 763.05, "open": 760.0, "dayLow": 750.5, "dayHigh": 796.95, "regularMarketPreviousClose": 763.05, "regularMarketOpen": 760.0, "regularMarketDayLow": 750.5, "regularMarketDayHigh": 796.95, "trailingPE": 2.9436767, "forwardPE": 18.55839, "volume": 389803, "regularMarketVolume": 389803, "averageVolume": 301904, "averageVolume10days": 276555, "averageDailyVolume10Day": 276555, "bid": 788.0, "ask": 789.7, "bidSize": 0, "askSize": 0, "marketCap": 202021502976, "fiftyTwoWeekLow": 197.4, "fiftyTwoWeekHigh": 796.95, "fiftyDayAverage": 498.55606, "twoHundredDayAverage": 369.89853, "trailingAnnualDividendRate": 11.0, "trailingAnnualDividendYield": 0.014415831, "currency": "INR", "fromCurrency": null, "lastMarket": null, "algorithm": null, "tradeable": false}, "sectorTrend": {"maxAge": 1, "symbol": null, "estimates": []}, "incomeStatementHistoryQuarterly": {"incomeStatementHistory": [{"maxAge": 1, "endDate": "2020-06-30", "totalRevenue": 23481600000, "costOfRevenue": 8757300000, "grossProfit": 14724300000, "researchDevelopment": {}, "sellingGeneralAdministrative": 6501600000, "nonRecurring": {}, "otherOperatingExpenses": 4625100000, "totalOperatingExpenses": 21783100000, "operatingIncome": 1698500000, "totalOtherIncomeExpenseNet": -599100000, "ebit": 1698500000, "interestExpense": -1178600000, "incomeBeforeTax": 1099400000, "incomeTaxExpense": 357900000, "minorityInterest": {}, "netIncomeFromContinuingOps": 741500000, "discontinuedOperations": {}, "extraordinaryItems": {}, "effectOfAccountingCharges": {}, "otherItems": {}, "netIncome": 132800000, "netIncomeApplicableToCommonShares": 132800000}, {"maxAge": 1, "endDate": "2020-03-31", "totalRevenue": 23890900000, "costOfRevenue": -2643300000, "grossProfit": 26534200000, "researchDevelopment": {}, "sellingGeneralAdministrative": -6875600000, "nonRecurring": {}, "otherOperatingExpenses": 28919400000, "totalOperatingExpenses": 21208400000, "operatingIncome": 2682500000, "totalOtherIncomeExpenseNet": -489400000, "ebit": 2682500000, "interestExpense": -223700000, "incomeBeforeTax": 2193100000, "incomeTaxExpense": 253400000, "minorityInterest": 7637700000, "netIncomeFromContinuingOps": 1939700000, "discontinuedOperations": 59966400000, "extraordinaryItems": {}, "effectOfAccountingCharges": {}, "otherItems": {}, "netIncome": 61777800000, "netIncomeApplicableToCommonShares": 61777800000}, {"maxAge": 1, "endDate": "2019-12-31", "totalRevenue": 26203800000, "costOfRevenue": 8916400000, "grossProfit": 17287400000, "researchDevelopment": {}, "sellingGeneralAdministrative": 7330600000, "nonRecurring": {}, "otherOperatingExpenses": 5222300000, "totalOperatingExpenses": 23110400000, "operatingIncome": 3093400000, "totalOtherIncomeExpenseNet": -166800000, "ebit": 3093400000, "interestExpense": -746800000, "incomeBeforeTax": 2926600000, "incomeTaxExpense": 661600000, "minorityInterest": 7637700000, "netIncomeFromContinuingOps": 2265000000, "discontinuedOperations": 614000000, "extraordinaryItems": {}, "effectOfAccountingCharges": {}, "otherItems": {}, "netIncome": 2338400000, "netIncomeApplicableToCommonShares": 2338400000}, {"maxAge": 1, "endDate": "2019-09-30", "totalRevenue": 30835000000, "costOfRevenue": 10547600000, "grossProfit": 20287400000, "researchDevelopment": {}, "sellingGeneralAdministrative": 7906100000, "nonRecurring": {}, "otherOperatingExpenses": 6032500000, "totalOperatingExpenses": 26153900000, "operatingIncome": 4681100000, "totalOtherIncomeExpenseNet": 75100000, "ebit": 4681100000, "interestExpense": -872200000, "incomeBeforeTax": 4756200000, "incomeTaxExpense": 388000000, "minorityInterest": 29924700000, "netIncomeFromContinuingOps": 4368200000, "discontinuedOperations": 2300000, "extraordinaryItems": {}, "effectOfAccountingCharges": {}, "otherItems": {}, "netIncome": 3550000000, "netIncomeApplicableToCommonShares": 3550000000}], "maxAge": 86400}, "cashflowStatementHistoryQuarterly": {"cashflowStatements": [{"maxAge": 1, "endDate": "2020-06-30", "netIncome": 132800000, "changeToLiabilities": 0}, {"maxAge": 1, "endDate": "2020-03-31", "netIncome": 61777800000, "changeToLiabilities": 0}, {"maxAge": 1, "endDate": "2019-12-31", "netIncome": 2338400000, "changeToLiabilities": 0}, {"maxAge": 1, "endDate": "2019-09-30", "netIncome": 3550000000, "changeToLiabilities": 0}], "maxAge": 86400}, "insiderHolders": {"holders": [{"maxAge": 1, "name": "JRD Tata Trust", "relation": "Institution- Corporation", "url": "", "transactionDescription": "Sale", "latestTransDate": "2012-02-27", "positionDirect": 32050, "positionDirectDate": "2012-02-27"}, {"maxAge": 1, "name": "Life Insurance Corporation of India", "relation": "Institution- Corporation", "url": "", "transactionDescription": "Sale", "latestTransDate": "2014-10-31", "positionDirect": 10500905, "positionDirectDate": "2014-10-31"}, {"maxAge": 1, "name": "Mistry (CyrusP)", "relation": "Chairman of the Board", "url": "", "transactionDescription": "Acquisition", "latestTransDate": "2014-06-03", "positionDirect": 16000, "positionDirectDate": "2014-06-03"}, {"maxAge": 1, "name": "TATA AIG General Insurance Co Ltd", "relation": "Promoter", "url": "", "transactionDescription": "Sale", "latestTransDate": "2012-02-28", "positionDirect": 0, "positionDirectDate": "2012-02-28"}], "maxAge": 1}, "earnings": {"maxAge": 86400, "earningsChart": {"quarterly": [{"date": "4Q2017", "actual": 19.07, "estimate": 12.95}, {"date": "1Q2018", "actual": -4.04, "estimate": 9.7}, {"date": "2Q2018", "actual": 8.4, "estimate": 12.5}, {"date": "3Q2018", "actual": 12.63, "estimate": 10.67}], "currentQuarterEstimateDate": "4Q", "currentQuarterEstimateYear": 2018, "earningsDate": []}, "financialsChart": {"yearly": [{"date": 2017, "revenue": 103460700000, "earnings": 9931100000}, {"date": 2018, "revenue": 102696900000, "earnings": 24330800000}, {"date": 2019, "revenue": 103367200000, "earnings": 11559100000}, {"date": 2020, "revenue": 103567500000, "earnings": 70063300000}], "quarterly": [{"date": "3Q2019", "revenue": 30835000000, "earnings": 3550000000}, {"date": "4Q2019", "revenue": 26203800000, "earnings": 2338400000}, {"date": "1Q2020", "revenue": 23890900000, "earnings": 61777800000}, {"date": "2Q2020", "revenue": 23481600000, "earnings": 132800000}]}, "financialCurrency": "INR"}, "calendarEvents": {"maxAge": 1, "earnings": {"earningsDate": [], "revenueAverage": 29102000000, "revenueLow": 29102000000, "revenueHigh": 29102000000}}, "upgradeDowngradeHistory": {"history": [], "maxAge": 86400}, "price": {"maxAge": 1, "regularMarketChangePercent": 0.039250392, "regularMarketChange": 29.950012, "regularMarketTime": "2021-04-30 15:52:27", "priceHint": 2, "regularMarketPrice": 793.0, "regularMarketDayHigh": 796.95, "regularMarketDayLow": 750.5, "regularMarketVolume": 389803, "averageDailyVolume10Day": 276555, "averageDailyVolume3Month": 301904, "regularMarketPreviousClose": 763.05, "regularMarketSource": "FREE_REALTIME", "regularMarketOpen": 760.0, "exchange": "BSE", "exchangeName": "BSE", "exchangeDataDelayedBy": 0, "marketState": "CLOSED", "quoteType": "EQUITY", "symbol": "TATACHEM.BO", "underlyingSymbol": null, "shortName": "TATA CHEMICALS LTD.", "longName": "Tata Chemicals Limited", "currency": "INR", "quoteSourceName": "Delayed Quote", "currencySymbol": "\u20b9", "fromCurrency": null, "lastMarket": null, "marketCap": 202021502976}, "balanceSheetHistory": {"balanceSheetStatements": [{"maxAge": 1, "endDate": "2020-03-31", "cash": 12542600000, "shortTermInvestments": 8095700000, "netReceivables": 21211500000, "inventory": 18691600000, "otherCurrentAssets": 1638800000, "totalCurrentAssets": 78623200000, "longTermInvestments": 26848100000, "propertyPlantEquipment": 61699300000, "goodWill": 19997600000, "intangibleAssets": 79997000000, "otherAssets": 10356800000, "deferredLongTermAssetCharges": 153100000, "totalAssets": 277522000000, "accountsPayable": 16309200000, "shortLongTermDebt": 20776700000, "otherCurrentLiab": 10490100000, "longTermDebt": 35331800000, "otherLiab": 32812400000, "minorityInterest": 7637700000, "totalCurrentLiabilities": 70883500000, "totalLiab": 140907700000, "commonStock": 2547600000, "retainedEarnings": 77082700000, "treasuryStock": 36757400000, "capitalSurplus": 12588900000, "otherStockholderEquity": 36757400000, "totalStockholderEquity": 128976600000, "netTangibleAssets": 28982000000}, {"maxAge": 1, "endDate": "2019-03-31", "cash": 18883800000, "shortTermInvestments": 498200000, "netReceivables": 19383500000, "inventory": 17255800000, "otherCurrentAssets": 1404500000, "totalCurrentAssets": 80983100000, "longTermInvestments": 33636700000, "propertyPlantEquipment": 50292500000, "goodWill": 18590300000, "intangibleAssets": 74093300000, "otherAssets": 11453300000, "deferredLongTermAssetCharges": 362400000, "totalAssets": 269049200000, "accountsPayable": 14753300000, "shortLongTermDebt": 10075300000, "otherCurrentLiab": 8190500000, "longTermDebt": 47874700000, "otherLiab": 28992900000, "minorityInterest": 29146700000, "totalCurrentLiabilities": 39486400000, "totalLiab": 116489800000, "commonStock": 2547600000, "retainedEarnings": 64753300000, "treasuryStock": 43522900000, "capitalSurplus": 12588900000, "otherStockholderEquity": 43522900000, "totalStockholderEquity": 123412700000, "netTangibleAssets": 30729100000}, {"maxAge": 1, "endDate": "2018-03-31", "cash": 39459300000, "shortTermInvestments": 5249800000, "netReceivables": 16543500000, "inventory": 14622700000, "otherCurrentAssets": 12665800000, "totalCurrentAssets": 90395500000, "longTermInvestments": 27621100000, "propertyPlantEquipment": 43610400000, "goodWill": 17318500000, "intangibleAssets": 70747500000, "otherAssets": 9093400000, "deferredLongTermAssetCharges": 208100000, "totalAssets": 258786400000, "accountsPayable": 14785800000, "shortLongTermDebt": 5735800000, "otherCurrentLiab": 12280600000, "longTermDebt": 53755900000, "otherLiab": 29624200000, "minorityInterest": 27171600000, "totalCurrentLiabilities": 37033300000, "totalLiab": 120597700000, "commonStock": 2547600000, "retainedEarnings": 59085500000, "treasuryStock": 36795100000, "capitalSurplus": 12588900000, "otherStockholderEquity": 36795100000, "totalStockholderEquity": 111017100000, "netTangibleAssets": 22951100000}, {"maxAge": 1, "endDate": "2017-03-31", "cash": 14514500000, "shortTermInvestments": 2038700000, "netReceivables": 22713700000, "inventory": 13861100000, "otherCurrentAssets": 17116200000, "totalCurrentAssets": 73744700000, "longTermInvestments": 25700500000, "propertyPlantEquipment": 41896200000, "goodWill": 16984100000, "intangibleAssets": 70834300000, "otherAssets": 6944800000, "deferredLongTermAssetCharges": 236700000, "totalAssets": 236104600000, "accountsPayable": 13182300000, "shortLongTermDebt": 19748900000, "otherCurrentLiab": 12709500000, "longTermDebt": 43460400000, "otherLiab": 31072900000, "minorityInterest": 26238900000, "totalCurrentLiabilities": 56055000000, "totalLiab": 130783300000, "commonStock": 2547600000, "retainedEarnings": 27918600000, "treasuryStock": 36027300000, "capitalSurplus": 12588900000, "otherStockholderEquity": 36027300000, "totalStockholderEquity": 79082400000, "netTangibleAssets": -8736000000}], "maxAge": 86400}, "earningsTrend": {"trend": [{"maxAge": 1, "period": "0q", "endDate": "2018-12-31", "growth": {}, "earningsEstimate": {"avg": 0.0, "low": 0.0, "high": 0.0, "yearAgoEps": 19.07, "numberOfAnalysts": 0, "growth": {}}, "revenueEstimate": {"avg": 29102000000, "low": 29102000000, "high": 29102000000, "numberOfAnalysts": 1, "yearAgoRevenue": 25739100000, "growth": 0.131}, "epsTrend": {"current": 0.0, "7daysAgo": 0.0, "30daysAgo": 0.0, "60daysAgo": 0.0, "90daysAgo": 0.0}, "epsRevisions": {"upLast7days": 0, "upLast30days": 0, "downLast30days": 0, "downLast90days": {}}}, {"maxAge": 1, "period": "+1q", "endDate": "2019-03-31", "growth": {}, "earningsEstimate": {"avg": 0.0, "low": 0.0, "high": 0.0, "yearAgoEps": -4.04, "numberOfAnalysts": 0, "growth": {}}, "revenueEstimate": {"avg": 29107000000, "low": 29107000000, "high": 29107000000, "numberOfAnalysts": 1, "yearAgoRevenue": 25550800000, "growth": 0.139}, "epsTrend": {"current": 0.0, "7daysAgo": 0.0, "30daysAgo": 0.0, "60daysAgo": 0.0, "90daysAgo": 0.0}, "epsRevisions": {"upLast7days": 0, "upLast30days": 0, "downLast30days": 0, "downLast90days": {}}}, {"maxAge": 1, "period": "0y", "endDate": "2019-03-31", "growth": {}, "earningsEstimate": {"avg": 0.0, "low": 0.0, "high": 0.0, "yearAgoEps": {}, "numberOfAnalysts": 0, "growth": {}}, "revenueEstimate": {"avg": 114326000000, "low": 110401000000, "high": 117683000000, "numberOfAnalysts": 7, "yearAgoRevenue": 102697000000, "growth": 0.113000005}, "epsTrend": {"current": 0.0, "7daysAgo": 43.62, "30daysAgo": 43.62, "60daysAgo": 43.62, "90daysAgo": 43.62}, "epsRevisions": {"upLast7days": 0, "upLast30days": 0, "downLast30days": 0, "downLast90days": {}}}, {"maxAge": 1, "period": "+1y", "endDate": "2020-03-31", "growth": {}, "earningsEstimate": {"avg": 0.0, "low": 0.0, "high": 0.0, "yearAgoEps": {}, "numberOfAnalysts": 0, "growth": {}}, "revenueEstimate": {"avg": 125401000000, "low": 121639000000, "high": 129160000000, "numberOfAnalysts": 7, "yearAgoRevenue": 114326000000, "growth": 0.096999995}, "epsTrend": {"current": 0.0, "7daysAgo": 50.62, "30daysAgo": 50.62, "60daysAgo": 50.62, "90daysAgo": 50.62}, "epsRevisions": {"upLast7days": 0, "upLast30days": 0, "downLast30days": 0, "downLast90days": {}}}, {"maxAge": 1, "period": "+5y", "endDate": null, "growth": 0.1165, "earningsEstimate": {"avg": {}, "low": {}, "high": {}, "yearAgoEps": {}, "numberOfAnalysts": {}, "growth": {}}, "revenueEstimate": {"avg": {}, "low": {}, "high": {}, "numberOfAnalysts": {}, "yearAgoRevenue": {}, "growth": {}}, "epsTrend": {"current": {}, "7daysAgo": {}, "30daysAgo": {}, "60daysAgo": {}, "90daysAgo": {}}, "epsRevisions": {"upLast7days": {}, "upLast30days": {}, "downLast30days": {}, "downLast90days": {}}}, {"maxAge": 1, "period": "-5y", "endDate": null, "growth": {}, "earningsEstimate": {"avg": {}, "low": {}, "high": {}, "yearAgoEps": {}, "numberOfAnalysts": {}, "growth": {}}, "revenueEstimate": {"avg": {}, "low": {}, "high": {}, "numberOfAnalysts": {}, "yearAgoRevenue": {}, "growth": {}}, "epsTrend": {"current": {}, "7daysAgo": {}, "30daysAgo": {}, "60daysAgo": {}, "90daysAgo": {}}, "epsRevisions": {"upLast7days": {}, "upLast30days": {}, "downLast30days": {}, "downLast90days": {}}}], "maxAge": 1}, "financialData": {"maxAge": 86400, "currentPrice": 793.0, "targetHighPrice": 933.0, "targetLowPrice": 690.0, "targetMeanPrice": 792.43, "targetMedianPrice": 804.0, "recommendationKey": "none", "numberOfAnalystOpinions": 7, "grossProfits": 79433700000, "financialCurrency": "INR"}}}