{"TATIAGLOB.BO": {"cashflowStatementHistory": {"cashflowStatements": [{"maxAge": 1, "endDate": "2020-03-31", "netIncome": -65618602, "depreciation": 34862, "changeToNetincome": 200960, "changeToLiabilities": 0, "changeToOperatingActivities": 64217614, "totalCashFromOperatingActivities": -1165166, "capitalExpenditures": -19308, "totalCashflowsFromInvestingActivities": -19308, "netBorrowings": -2127499, "otherCashflowsFromFinancingActivities": -1429460, "totalCashFromFinancingActivities": -3556959, "changeInCash": -4741432}, {"maxAge": 1, "endDate": "2019-03-31", "netIncome": 12948231, "depreciation": 29723, "changeToNetincome": 968153, "changeToLiabilities": 0, "changeToOperatingActivities": -6353852, "totalCashFromOperatingActivities": 7592255, "capitalExpenditures": -64836, "totalCashflowsFromInvestingActivities": -64836, "netBorrowings": -2104169, "otherCashflowsFromFinancingActivities": -1646066, "totalCashFromFinancingActivities": -3750235, "changeInCash": 3777185}, {"maxAge": 1, "endDate": "2018-03-31", "netIncome": 5246236, "depreciation": 32758, "changeToNetincome": 5222765, "changeToLiabilities": 0, "changeToOperatingActivities": -11266215, "totalCashFromOperatingActivities": -764456, "capitalExpenditures": -53616, "totalCashflowsFromInvestingActivities": -28116, "netBorrowings": 4196672, "otherCashflowsFromFinancingActivities": -1555409, "totalCashFromFinancingActivities": 2641263, "changeInCash": 1848691}, {"maxAge": 1, "endDate": "2017-03-31", "netIncome": -3707398, "depreciation": 1686712, "changeToNetincome": 5222765, "changeToLiabilities": 0, "changeToOperatingActivities": -4129744, "totalCashFromOperatingActivities": -6150430, "capitalExpenditures": -53616, "investments": 6307500, "totalCashflowsFromInvestingActivities": 6307500, "netBorrowings": 4196672, "otherCashflowsFromFinancingActivities": 379802, "totalCashFromFinancingActivities": 379802, "changeInCash": 536872}], "maxAge": 86400}, "institutionOwnership": {"ownershipList": [], "maxAge": 1}, "balanceSheetHistoryQuarterly": {"balanceSheetStatements": [{"maxAge": 1, "endDate": "2020-06-30", "totalStockholderEquity": 221308549, "netTangibleAssets": 221308549}, {"maxAge": 1, "endDate": "2020-03-31", "cash": 2435152, "shortTermInvestments": 1412971, "netReceivables": 235307649, "inventory": 87769727, "otherCurrentAssets": 2356248, "totalCurrentAssets": 329281747, "longTermInvestments": 11602500, "propertyPlantEquipment": 67597, "totalAssets": 340951844, "accountsPayable": 39205549, "otherCurrentLiab": 68985564, "longTermDebt": 11272501, "totalCurrentLiabilities": 108370794, "totalLiab": 119643295, "commonStock": 151620000, "retainedEarnings": -54212951, "treasuryStock": -1228500, "capitalSurplus": 125130000, "otherStockholderEquity": -1228500, "totalStockholderEquity": 221308549, "netTangibleAssets": 221308549}, {"maxAge": 1, "endDate": "2019-12-31", "totalStockholderEquity": 297410000, "netTangibleAssets": 297410000}, {"maxAge": 1, "endDate": "2019-09-30", "cash": 1482000, "netReceivables": 76906000, "inventory": 87770000, "otherCurrentAssets": 10745000, "totalCurrentAssets": 176903000, "longTermInvestments": 12831000, "propertyPlantEquipment": 85000, "otherAssets": 224132000, "totalAssets": 413951000, "accountsPayable": 100573000, "otherCurrentLiab": 2801000, "longTermDebt": 13167000, "totalCurrentLiabilities": 103374000, "totalLiab": 116541000, "commonStock": 151620000, "treasuryStock": 145790000, "otherStockholderEquity": 145790000, "totalStockholderEquity": 297410000, "netTangibleAssets": 297410000}], "maxAge": 86400}, "indexTrend": {"maxAge": 1, "symbol": "SP5", "peRatio": 19.7411, "pegRatio": 1.34172, "estimates": [{"period": "0q", "growth": 0.549}, {"period": "+1q", "growth": 0.431}, {"period": "0y", "growth": 0.305}, {"period": "+1y", "growth": 0.109}, {"period": "+5y", "growth": 0.120859005}, {"period": "-5y"}]}, "insiderTransactions": {"transactions": [{"maxAge": 1, "shares": 96587, "filerUrl": "", "transactionText": "", "filerName": "Carus Trading Pvt Ltd", "filerRelation": "Institution- Corporation", "moneyText": "", "startDate": "2014-09-17", "ownership": "D"}, {"maxAge": 1, "shares": 44095, "filerUrl": "", "transactionText": "", "filerName": "Tatia (Sangita)", "filerRelation": "Promoter", "moneyText": "", "startDate": "2013-07-15", "ownership": "D"}, {"maxAge": 1, "shares": 3320000, "filerUrl": "", "transactionText": "", "filerName": "Kreon Financial Services Ltd", "filerRelation": "Promoter", "moneyText": "", "startDate": "2013-01-02", "ownership": "D"}, {"maxAge": 1, "shares": 125000, "filerUrl": "", "transactionText": "", "filerName": "Tatia (Sangita)", "filerRelation": "Promoter", "moneyText": "", "startDate": "2012-07-06", "ownership": "D"}, {"maxAge": 1, "shares": 100000, "filerUrl": "", "transactionText": "", "filerName": "Tatia (Sangita)", "filerRelation": "Promoter", "moneyText": "", "startDate": "2012-06-27", "ownership": "D"}, {"maxAge": 1, "shares": 100000, "filerUrl": "", "transactionText": "", "filerName": "Tatia (Sangita)", "filerRelation": "Promoter", "moneyText": "", "startDate": "2012-06-26", "ownership": "D"}, {"maxAge": 1, "shares": 200000, "filerUrl": "", "transactionText": "", "filerName": "Tatia (Sangita)", "filerRelation": "Promoter", "moneyText": "", "startDate": "2012-06-25", "ownership": "D"}, {"maxAge": 1, "shares": 100000, "filerUrl": "", "transactionText": "", "filerName": "Tatia (Sangita)", "filerRelation": "Promoter", "moneyText": "", "startDate": "2012-06-20", "ownership": "D"}, {"maxAge": 1, "shares": 200000, "filerUrl": "", "transactionText": "", "filerName": "Tatia (Sangita)", "filerRelation": "Promoter", "moneyText": "", "startDate": "2012-06-18", "ownership": "D"}, {"maxAge": 1, "shares": 179559, "filerUrl": "", "transactionText": "", "filerName": "Tatia (Sangita)", "filerRelation": "Promoter", "moneyText": "", "startDate": "2012-06-15", "ownership": "D"}, {"maxAge": 1, "shares": 100000, "filerUrl": "", "transactionText": "", "filerName": "Tatia (Sangita)", "filerRelation": "Promoter", "moneyText": "", "startDate": "2012-06-14", "ownership": "D"}, {"maxAge": 1, "shares": 500000, "filerUrl": "", "transactionText": "", "filerName": "Tatia (Sangita)", "filerRelation": "Promoter", "moneyText": "", "startDate": "2012-06-13", "ownership": "D"}, {"maxAge": 1, "shares": 103498, "filerUrl": "", "transactionText": "", "filerName": "Tatia (Sangita)", "filerRelation": "Promoter", "moneyText": "", "startDate": "2012-04-19", "ownership": "D"}, {"maxAge": 1, "shares": 325335, "filerUrl": "", "transactionText": "", "filerName": "Tatia (Sangita)", "filerRelation": "Promoter", "moneyText": "", "startDate": "2012-04-18", "ownership": "D"}, {"maxAge": 1, "shares": 494460, "filerUrl": "", "transactionText": "", "filerName": "Tatia (Sangita)", "filerRelation": "Promoter", "moneyText": "", "startDate": "2012-04-12", "ownership": "D"}, {"maxAge": 1, "shares": 5849032, "filerUrl": "", "transactionText": "", "filerName": "Tatia (Sangita)", "filerRelation": "Promoter", "moneyText": "", "startDate": "2012-04-10", "ownership": "D"}, {"maxAge": 1, "shares": 1100000, "filerUrl": "", "transactionText": "", "filerName": "Kreon Financial Services Ltd", "filerRelation": "Promoter", "moneyText": "", "startDate": "2012-03-21", "ownership": "D"}, {"maxAge": 1, "shares": 2924775, "filerUrl": "", "transactionText": "", "filerName": "Kreon Financial Services Ltd", "filerRelation": "Promoter", "moneyText": "", "startDate": "2012-03-20", "ownership": "D"}, {"maxAge": 1, "shares": 450000, "filerUrl": "", "transactionText": "", "filerName": "Tatia (Chandrakantha)", "filerRelation": "UNREPORTED", "moneyText": "", "startDate": "2009-09-30", "ownership": "D"}, {"maxAge": 1, "shares": 400000, "filerUrl": "", "transactionText": "", "filerName": "Tatia (Sangita)", "filerRelation": "Promoter", "moneyText": "", "startDate": "2009-06-30", "ownership": "D"}, {"maxAge": 1, "shares": 700000, "filerUrl": "", "transactionText": "", "filerName": "Tatia (Pannalal Jain S) HUF", "filerRelation": "UNREPORTED", "moneyText": "", "startDate": "2009-06-30", "ownership": "D"}, {"maxAge": 1, "shares": 200000, "filerUrl": "", "transactionText": "", "filerName": "Tatia (Pannalal Jain S)", "filerRelation": "Chairman of the Board", "moneyText": "", "startDate": "2009-06-30", "ownership": "D"}, {"maxAge": 1, "shares": 200000, "filerUrl": "", "transactionText": "", "filerName": "Tatia (Bharat Jain)", "filerRelation": "UNREPORTED", "moneyText": "", "startDate": "2009-06-30", "ownership": "D"}, {"maxAge": 1, "shares": 700000, "filerUrl": "", "transactionText": "", "filerName": "Tatia (Bharat Jain & Sons) HUF", "filerRelation": "UNREPORTED", "moneyText": "", "startDate": "2009-06-30", "ownership": "D"}], "maxAge": 1}, "quoteType": {"exchange": "BSE", "quoteType": "EQUITY", "symbol": "TATIAGLOB.BO", "underlyingSymbol": "TATIAGLOB.BO", "shortName": "TATIA GLOBAL VENNTURE LTD.", "longName": "Tatia Global Vennture Limited", "firstTradeDateEpochUtc": "2000-01-10 09:15:00", "timeZoneFullName": "Asia/Kolkata", "timeZoneShortName": "IST", "uuid": "d0b86140-98e8-38f2-97fb-3cef92a2a6e6", "gmtOffSetMilliseconds": 19800000, "maxAge": 1}, "incomeStatementHistory": {"incomeStatementHistory": [{"maxAge": 1, "endDate": "2020-03-31", "totalRevenue": 11037269, "costOfRevenue": 130932, "grossProfit": 10906337, "researchDevelopment": {}, "sellingGeneralAdministrative": 3490983, "nonRecurring": {}, "otherOperatingExpenses": 71184134, "totalOperatingExpenses": 74840911, "operatingIncome": -63803642, "totalOtherIncomeExpenseNet": -1429460, "ebit": -63803642, "interestExpense": -1396008, "incomeBeforeTax": -65233102, "incomeTaxExpense": 385500, "minorityInterest": {}, "netIncomeFromContinuingOps": -65618602, "discontinuedOperations": {}, "extraordinaryItems": {}, "effectOfAccountingCharges": {}, "otherItems": {}, "netIncome": -65618602, "netIncomeApplicableToCommonShares": -65618602}, {"maxAge": 1, "endDate": "2019-03-31", "totalRevenue": 21300175, "costOfRevenue": 126033, "grossProfit": 21174142, "researchDevelopment": {}, "sellingGeneralAdministrative": 3308902, "nonRecurring": {}, "otherOperatingExpenses": 2486080, "totalOperatingExpenses": 5950738, "operatingIncome": 15349437, "totalOtherIncomeExpenseNet": -1646066, "ebit": 15349437, "interestExpense": -1640248, "incomeBeforeTax": 13703371, "incomeTaxExpense": 755140, "minorityInterest": {}, "netIncomeFromContinuingOps": 12948231, "discontinuedOperations": {}, "extraordinaryItems": {}, "effectOfAccountingCharges": {}, "otherItems": {}, "netIncome": 12948231, "netIncomeApplicableToCommonShares": 12948231}, {"maxAge": 1, "endDate": "2018-03-31", "totalRevenue": 19510811, "costOfRevenue": 41235, "grossProfit": 19469576, "researchDevelopment": {}, "sellingGeneralAdministrative": 2892699, "nonRecurring": {}, "otherOperatingExpenses": 2150098, "totalOperatingExpenses": 5116790, "operatingIncome": 14394021, "totalOtherIncomeExpenseNet": -5261409, "ebit": 14394021, "interestExpense": -1551858, "incomeBeforeTax": 9132612, "incomeTaxExpense": 3886376, "minorityInterest": {}, "netIncomeFromContinuingOps": 5246236, "discontinuedOperations": {}, "extraordinaryItems": {}, "effectOfAccountingCharges": {}, "otherItems": {}, "netIncome": 5246236, "netIncomeApplicableToCommonShares": 5246236}, {"maxAge": 1, "endDate": "2017-03-31", "totalRevenue": 14401313, "costOfRevenue": 121460, "grossProfit": 14279853, "researchDevelopment": {}, "sellingGeneralAdministrative": 1924221, "nonRecurring": {}, "otherOperatingExpenses": 5820646, "totalOperatingExpenses": 9553039, "operatingIncome": 4848274, "totalOtherIncomeExpenseNet": -6684872, "ebit": 4848274, "interestExpense": -1125289, "incomeBeforeTax": -1836598, "incomeTaxExpense": 1870800, "minorityInterest": {}, "netIncomeFromContinuingOps": -3707398, "discontinuedOperations": {}, "extraordinaryItems": {}, "effectOfAccountingCharges": {}, "otherItems": {}, "netIncome": -3707398, "netIncomeApplicableToCommonShares": -3707398}], "maxAge": 86400}, "fundOwnership": {"ownershipList": [], "maxAge": 1}, "summaryDetail": {"maxAge": 1, "priceHint": 4, "previousClose": 0.62, "open": 0.62, "dayLow": 0.62, "dayHigh": 0.62, "regularMarketPreviousClose": 0.62, "regularMarketOpen": 0.62, "regularMarketDayLow": 0.62, "regularMarketDayHigh": 0.62, "volume": 1003, "regularMarketVolume": 1003, "averageVolume": 8961, "averageVolume10days": 8998, "averageDailyVolume10Day": 8998, "bid": 0.63, "ask": 0.0, "marketCap": 94004400, "fiftyTwoWeekLow": 0.21, "fiftyTwoWeekHigh": 0.67, "fiftyDayAverage": 0.47151515, "twoHundredDayAverage": 0.34779412, "currency": "INR", "fromCurrency": null, "lastMarket": null, "algorithm": null, "tradeable": false}, "incomeStatementHistoryQuarterly": {"incomeStatementHistory": [{"maxAge": 1, "endDate": "2020-06-30", "totalRevenue": 2599000, "costOfRevenue": 0, "grossProfit": 2599000, "researchDevelopment": {}, "sellingGeneralAdministrative": 276000, "nonRecurring": {}, "otherOperatingExpenses": 447000, "totalOperatingExpenses": 728000, "operatingIncome": 1871000, "totalOtherIncomeExpenseNet": -337000, "ebit": 1871000, "interestExpense": -337000, "incomeBeforeTax": 1534000, "incomeTaxExpense": 0, "minorityInterest": {}, "netIncomeFromContinuingOps": 1534000, "discontinuedOperations": {}, "extraordinaryItems": {}, "effectOfAccountingCharges": {}, "otherItems": {}, "netIncome": 1534000, "netIncomeApplicableToCommonShares": 1534000}, {"maxAge": 1, "endDate": "2020-03-31", "totalRevenue": -5281731, "costOfRevenue": 130932, "grossProfit": -5412663, "researchDevelopment": {}, "sellingGeneralAdministrative": 954983, "nonRecurring": {}, "otherOperatingExpenses": 69078134, "totalOperatingExpenses": -2396089, "operatingIncome": -2885642, "totalOtherIncomeExpenseNet": -298460, "ebit": -2885642, "interestExpense": -266008, "incomeBeforeTax": -3184102, "incomeTaxExpense": 14500, "minorityInterest": {}, "netIncomeFromContinuingOps": -3198602, "discontinuedOperations": {}, "extraordinaryItems": {}, "effectOfAccountingCharges": {}, "otherItems": {}, "netIncome": -3198602, "netIncomeApplicableToCommonShares": -3198602}, {"maxAge": 1, "endDate": "2019-12-31", "totalRevenue": 2555000, "costOfRevenue": 0, "grossProfit": 2555000, "researchDevelopment": {}, "sellingGeneralAdministrative": 877000, "nonRecurring": {}, "otherOperatingExpenses": 454000, "totalOperatingExpenses": 73910000, "operatingIncome": -71355000, "totalOtherIncomeExpenseNet": -349000, "ebit": -71355000, "interestExpense": -349000, "incomeBeforeTax": -71704000, "incomeTaxExpense": -28000, "minorityInterest": {}, "netIncomeFromContinuingOps": -71676000, "discontinuedOperations": {}, "extraordinaryItems": {}, "effectOfAccountingCharges": {}, "otherItems": {}, "netIncome": -71676000, "netIncomeApplicableToCommonShares": -71676000}, {"maxAge": 1, "endDate": "2019-09-30", "totalRevenue": 6862000, "costOfRevenue": 0, "grossProfit": 6862000, "researchDevelopment": {}, "sellingGeneralAdministrative": 933000, "nonRecurring": {}, "otherOperatingExpenses": 637000, "totalOperatingExpenses": 1579000, "operatingIncome": 5283000, "totalOtherIncomeExpenseNet": -385000, "ebit": 5283000, "interestExpense": -385000, "incomeBeforeTax": 4898000, "incomeTaxExpense": 399000, "minorityInterest": {}, "netIncomeFromContinuingOps": 4499000, "discontinuedOperations": {}, "extraordinaryItems": {}, "effectOfAccountingCharges": {}, "otherItems": {}, "netIncome": 4499000, "netIncomeApplicableToCommonShares": 4499000}], "maxAge": 86400}, "cashflowStatementHistoryQuarterly": {"cashflowStatements": [{"maxAge": 1, "endDate": "2020-06-30", "netIncome": 1534000, "changeToLiabilities": 0}, {"maxAge": 1, "endDate": "2020-03-31", "netIncome": -3198602, "changeToLiabilities": 0}, {"maxAge": 1, "endDate": "2019-12-31", "netIncome": -71676000, "changeToLiabilities": 0}, {"maxAge": 1, "endDate": "2019-09-30", "netIncome": 4499000, "changeToLiabilities": 0}], "maxAge": 86400}, "insiderHolders": {"holders": [{"maxAge": 1, "name": "Carus Trading Pvt Ltd", "relation": "Institution- Corporation", "url": "", "transactionDescription": "Sale", "latestTransDate": "2014-09-17", "positionDirect": 9190813, "positionDirectDate": "2014-09-17"}, {"maxAge": 1, "name": "Kreon Financial Services Ltd", "relation": "Promoter", "url": "", "transactionDescription": "Purchase", "latestTransDate": "2013-01-02", "positionDirect": 12381985, "positionDirectDate": "2013-01-02"}, {"maxAge": 1, "name": "Tatia (Bharat Jain & Sons) HUF", "relation": "UNREPORTED", "url": "", "transactionDescription": "Acquisition", "latestTransDate": "2009-06-30", "positionDirect": 700000, "positionDirectDate": "2009-06-30"}, {"maxAge": 1, "name": "Tatia (Bharat Jain)", "relation": "UNREPORTED", "url": "", "transactionDescription": "Acquisition", "latestTransDate": "2009-06-30", "positionDirect": 870428, "positionDirectDate": "2009-06-30"}, {"maxAge": 1, "name": "Tatia (Chandrakantha)", "relation": "UNREPORTED", "url": "", "transactionDescription": "Acquisition", "latestTransDate": "2009-09-30", "positionDirect": 828092, "positionDirectDate": "2009-09-30"}, {"maxAge": 1, "name": "Tatia (Pannalal Jain S)", "relation": "Chairman of the Board", "url": "", "transactionDescription": "Acquisition", "latestTransDate": "2009-06-30", "positionDirect": 693524, "positionDirectDate": "2009-06-30"}, {"maxAge": 1, "name": "Tatia (Pannalal Jain S) HUF", "relation": "UNREPORTED", "url": "", "transactionDescription": "Acquisition", "latestTransDate": "2009-06-30", "positionDirect": 700000, "positionDirectDate": "2009-06-30"}, {"maxAge": 1, "name": "Tatia (Sangita)", "relation": "Promoter", "url": "", "transactionDescription": "Sale", "latestTransDate": "2013-07-15", "positionDirect": 3980773, "positionDirectDate": "2013-07-15"}], "maxAge": 1}, "calendarEvents": {"maxAge": 1, "earnings": {"earningsDate": []}}, "upgradeDowngradeHistory": {"history": [], "maxAge": 86400}, "price": {"maxAge": 1, "regularMarketChangePercent": 0.0, "regularMarketChange": 0.0, "regularMarketTime": "2021-04-30 13:40:54", "priceHint": 4, "regularMarketPrice": 0.62, "regularMarketDayHigh": 0.62, "regularMarketDayLow": 0.62, "regularMarketVolume": 1003, "averageDailyVolume10Day": 8998, "averageDailyVolume3Month": 8961, "regularMarketPreviousClose": 0.62, "regularMarketSource": "FREE_REALTIME", "regularMarketOpen": 0.62, "exchange": "BSE", "exchangeName": "BSE", "exchangeDataDelayedBy": 0, "marketState": "CLOSED", "quoteType": "EQUITY", "symbol": "TATIAGLOB.BO", "underlyingSymbol": null, "shortName": "TATIA GLOBAL VENNTURE LTD.", "longName": "Tatia Global Vennture Limited", "currency": "INR", "quoteSourceName": "Delayed Quote", "currencySymbol": "\u20b9", "fromCurrency": null, "lastMarket": null, "marketCap": 94004400}, "balanceSheetHistory": {"balanceSheetStatements": [{"maxAge": 1, "endDate": "2020-03-31", "cash": 2435152, "shortTermInvestments": 1412971, "netReceivables": 235307649, "inventory": 87769727, "otherCurrentAssets": 2356248, "totalCurrentAssets": 329281747, "longTermInvestments": 11602500, "propertyPlantEquipment": 67597, "totalAssets": 340951844, "accountsPayable": 39205549, "otherCurrentLiab": 68985564, "longTermDebt": 11272501, "totalCurrentLiabilities": 108370794, "totalLiab": 119643295, "commonStock": 151620000, "retainedEarnings": -54212951, "treasuryStock": -1228500, "capitalSurplus": 125130000, "otherStockholderEquity": -1228500, "totalStockholderEquity": 221308549, "netTangibleAssets": 221308549}, {"maxAge": 1, "endDate": "2019-03-31", "cash": 7176586, "shortTermInvestments": 816002, "netReceivables": 231622737, "inventory": 87769727, "otherCurrentAssets": 3540256, "totalCurrentAssets": 330925308, "longTermInvestments": 12831000, "propertyPlantEquipment": 83151, "otherAssets": -1, "totalAssets": 343839458, "accountsPayable": 39240426, "otherCurrentLiab": 224390, "longTermDebt": 13400000, "totalCurrentLiabilities": 42283495, "totalLiab": 55683495, "commonStock": 151620000, "retainedEarnings": 5828963, "treasuryStock": 5577000, "capitalSurplus": 125130000, "otherStockholderEquity": 5577000, "totalStockholderEquity": 288155963, "netTangibleAssets": 288155963}, {"maxAge": 1, "endDate": "2018-03-31", "cash": 3399400, "shortTermInvestments": 5090437, "netReceivables": 18044775, "inventory": 87769727, "otherCurrentAssets": 4084669, "totalCurrentAssets": 118389008, "longTermInvestments": 7254000, "propertyPlantEquipment": 48038, "otherAssets": 203490156, "totalAssets": 329181202, "accountsPayable": 40047328, "otherCurrentLiab": 3389125, "longTermDebt": 15504169, "otherLiab": 452348, "totalCurrentLiabilities": 43593953, "totalLiab": 59550470, "commonStock": 151620000, "retainedEarnings": -7119268, "capitalSurplus": 125130000, "totalStockholderEquity": 269630732, "netTangibleAssets": 269630732}, {"maxAge": 1, "endDate": "2017-03-31", "cash": 1550709, "shortTermInvestments": 91032, "netReceivables": 78954311, "inventory": 87769727, "otherCurrentAssets": 2853593, "totalCurrentAssets": 171219372, "longTermInvestments": 10960000, "propertyPlantEquipment": 52680, "otherAssets": 194470735, "totalAssets": 376702787, "accountsPayable": 100169042, "otherCurrentLiab": 155260, "longTermDebt": 11307497, "otherLiab": 490992, "totalCurrentLiabilities": 100519802, "totalLiab": 112318291, "commonStock": 151620000, "retainedEarnings": -12365504, "capitalSurplus": 125130000, "totalStockholderEquity": 264384496, "netTangibleAssets": 264384496}], "maxAge": 86400}, "financialData": {"maxAge": 86400, "currentPrice": 0.62, "recommendationKey": "none", "grossProfits": 10906337, "financialCurrency": "INR"}}}