{"TBZ.BO": {"recommendationTrend": {"trend": [{"period": "0m", "strongBuy": 0, "buy": 0, "hold": 0, "sell": 0, "strongSell": 0}, {"period": "-1m", "strongBuy": 0, "buy": 0, "hold": 0, "sell": 0, "strongSell": 0}, {"period": "-2m", "strongBuy": 0, "buy": 0, "hold": 0, "sell": 0, "strongSell": 0}, {"period": "-3m", "strongBuy": 0, "buy": 0, "hold": 0, "sell": 0, "strongSell": 0}], "maxAge": 86400}, "cashflowStatementHistory": {"cashflowStatements": [{"maxAge": 1, "endDate": "2020-03-31", "netIncome": 214151000, "depreciation": 315073000, "changeToNetincome": 513860000, "changeToAccountReceivables": 225724000, "changeToLiabilities": -21450000, "changeToInventory": -14866000, "changeToOperatingActivities": 247205000, "totalCashFromOperatingActivities": 1487125000, "capitalExpenditures": -30946000, "investments": -55221000, "otherCashflowsFromInvestingActivities": 23918000, "totalCashflowsFromInvestingActivities": -56210000, "dividendsPaid": -116779000, "netBorrowings": -872502000, "otherCashflowsFromFinancingActivities": -483781000, "totalCashFromFinancingActivities": -1473062000, "changeInCash": -42147000}, {"maxAge": 1, "endDate": "2019-03-31", "netIncome": 155638000, "depreciation": 94632000, "changeToNetincome": 413766000, "changeToAccountReceivables": -29217000, "changeToLiabilities": 1045569000, "changeToInventory": -1579097000, "changeToOperatingActivities": 214997000, "totalCashFromOperatingActivities": 323618000, "capitalExpenditures": -150010000, "investments": -67362000, "otherCashflowsFromInvestingActivities": 8072000, "totalCashflowsFromInvestingActivities": -208921000, "dividendsPaid": -50048000, "netBorrowings": 368023000, "otherCashflowsFromFinancingActivities": -477152000, "totalCashFromFinancingActivities": -159177000, "changeInCash": -44480000}, {"maxAge": 1, "endDate": "2018-03-31", "netIncome": 212606000, "depreciation": 84232000, "changeToNetincome": 397133000, "changeToAccountReceivables": -207503000, "changeToLiabilities": 14601000, "changeToInventory": 146230000, "changeToOperatingActivities": -236339000, "totalCashFromOperatingActivities": 415076000, "capitalExpenditures": -92238000, "investments": -1163000, "otherCashflowsFromInvestingActivities": 4249000, "totalCashflowsFromInvestingActivities": -88716000, "dividendsPaid": -50048000, "netBorrowings": 128074000, "otherCashflowsFromFinancingActivities": -396970000, "totalCashFromFinancingActivities": -268896000, "changeInCash": 57464000}, {"maxAge": 1, "endDate": "2017-03-31", "netIncome": 129289000, "depreciation": 84445000, "changeToNetincome": 503600000, "changeToAccountReceivables": -15925000, "changeToLiabilities": -133202000, "changeToInventory": 1002408000, "changeToOperatingActivities": -46789000, "totalCashFromOperatingActivities": 1529682000, "capitalExpenditures": -74901000, "investments": 58386000, "otherCashflowsFromInvestingActivities": 18805000, "totalCashflowsFromInvestingActivities": 4171000, "dividendsPaid": -50048000, "netBorrowings": -1045846000, "otherCashflowsFromFinancingActivities": -506841000, "totalCashFromFinancingActivities": -1552687000, "changeInCash": -18834000}], "maxAge": 86400}, "institutionOwnership": {"maxAge": 1, "ownershipList": []}, "balanceSheetHistoryQuarterly": {"balanceSheetStatements": [{"maxAge": 1, "endDate": "2020-06-30", "totalStockholderEquity": 4807404000, "netTangibleAssets": 4785365000}, {"maxAge": 1, "endDate": "2020-03-31", "cash": 23640000, "shortTermInvestments": 387290000, "netReceivables": 43031000, "inventory": 11807198000, "otherCurrentAssets": 442835000, "totalCurrentAssets": 12730591000, "longTermInvestments": 113000, "propertyPlantEquipment": 1722644000, "intangibleAssets": 22039000, "otherAssets": 207122000, "deferredLongTermAssetCharges": 67136000, "totalAssets": 14682509000, "accountsPayable": 1939196000, "shortLongTermDebt": 1708000, "otherCurrentLiab": 1019424000, "longTermDebt": 4932000, "otherLiab": 71918000, "totalCurrentLiabilities": 9192106000, "totalLiab": 9875105000, "commonStock": 667306000, "retainedEarnings": 2485027000, "treasuryStock": -24064000, "capitalSurplus": 1679135000, "otherStockholderEquity": -24064000, "totalStockholderEquity": 4807404000, "netTangibleAssets": 4785365000}, {"maxAge": 1, "endDate": "2019-12-31", "totalStockholderEquity": 4717313000, "netTangibleAssets": 4687086000}, {"maxAge": 1, "endDate": "2019-09-30", "cash": 454090000, "shortTermInvestments": 6301000, "netReceivables": 132829000, "inventory": 11583541000, "otherCurrentAssets": 430538000, "totalCurrentAssets": 12600998000, "longTermInvestments": 189000, "propertyPlantEquipment": 1756313000, "intangibleAssets": 30227000, "otherAssets": 191744000, "deferredLongTermAssetCharges": 53132000, "totalAssets": 14579471000, "accountsPayable": 1864394000, "otherCurrentLiab": 1444257000, "longTermDebt": 13000, "otherLiab": 83460000, "totalCurrentLiabilities": 9188718000, "totalLiab": 9862158000, "commonStock": 667306000, "treasuryStock": 4050007000, "otherStockholderEquity": 4050007000, "totalStockholderEquity": 4717313000, "netTangibleAssets": 4687086000}], "maxAge": 86400}, "earningsHistory": {"history": [{"maxAge": 1, "epsActual": {}, "epsEstimate": {}, "epsDifference": {}, "surprisePercent": {}, "quarter": {}, "period": "-4q"}, {"maxAge": 1, "epsActual": {}, "epsEstimate": {}, "epsDifference": {}, "surprisePercent": {}, "quarter": {}, "period": "-3q"}, {"maxAge": 1, "epsActual": 0.87, "epsEstimate": 0.9, "epsDifference": -0.03, "surprisePercent": -0.033, "quarter": "2017-06-30", "period": "-2q"}, {"maxAge": 1, "epsActual": 0.12, "epsEstimate": 0.96, "epsDifference": -0.84, "surprisePercent": -0.875, "quarter": "2017-09-30", "period": "-1q"}], "maxAge": 86400}, "indexTrend": {"maxAge": 1, "symbol": "SP5", "peRatio": 19.7411, "pegRatio": 1.34172, "estimates": [{"period": "0q", "growth": 0.549}, {"period": "+1q", "growth": 0.431}, {"period": "0y", "growth": 0.305}, {"period": "+1y", "growth": 0.109}, {"period": "+5y", "growth": 0.120865}, {"period": "-5y"}]}, "industryTrend": {"maxAge": 1, "symbol": null, "estimates": []}, "insiderTransactions": {"transactions": [{"maxAge": 1, "shares": 5003, "filerUrl": "", "transactionText": "", "filerName": "Shah (Divyesh Pramod)", "filerRelation": "UNREPORTED", "moneyText": "", "startDate": "2015-06-15", "ownership": "D"}, {"maxAge": 1, "shares": 5717, "filerUrl": "", "transactionText": "", "filerName": "Hinduja (Prem)", "filerRelation": "UNREPORTED", "moneyText": "", "startDate": "2015-06-15", "ownership": "D"}, {"maxAge": 1, "shares": 9353, "filerUrl": "", "transactionText": "", "filerName": "Shah (Divyesh Pramod)", "filerRelation": "Divisional Officer", "moneyText": "", "startDate": "2014-06-20", "ownership": "D"}, {"maxAge": 1, "shares": 5911, "filerUrl": "", "transactionText": "", "filerName": "Hinduja (Prem)", "filerRelation": "UNREPORTED", "moneyText": "", "startDate": "2014-06-17", "ownership": "D"}, {"maxAge": 1, "shares": 12000, "filerUrl": "", "transactionText": "", "filerName": "Hinduja (Prem)", "filerRelation": "UNREPORTED", "moneyText": "", "startDate": "2014-06-16", "ownership": "D"}, {"maxAge": 1, "shares": 76, "filerUrl": "", "transactionText": "", "filerName": "Hinduja (Prem)", "filerRelation": "UNREPORTED", "moneyText": "", "startDate": "2014-06-13", "ownership": "D"}, {"maxAge": 1, "shares": 6552, "filerUrl": "", "transactionText": "", "filerName": "Hinduja (Prem)", "filerRelation": "UNREPORTED", "moneyText": "", "startDate": "2014-06-10", "ownership": "D"}, {"maxAge": 1, "shares": 9353, "filerUrl": "", "transactionText": "", "filerName": "Shah (Divyesh Pramod)", "filerRelation": "Divisional Officer", "moneyText": "", "startDate": "2014-06-10", "ownership": "D"}, {"maxAge": 1, "shares": 4735, "filerUrl": "", "transactionText": "", "filerName": "Shah (Divyesh Pramod)", "filerRelation": "Divisional Officer", "moneyText": "", "startDate": "2014-05-29", "ownership": "D"}, {"maxAge": 1, "shares": 10000, "filerUrl": "", "transactionText": "", "filerName": "Zaveri (Shrikant Gopaldas)", "filerRelation": "Chairman of the Board", "moneyText": "", "startDate": "2014-03-19", "ownership": "D"}, {"maxAge": 1, "shares": 29584, "filerUrl": "", "transactionText": "", "filerName": "Smallcap World Fund, Inc.", "filerRelation": "Investment Advisor", "moneyText": "", "startDate": "2013-07-05", "ownership": "D"}, {"maxAge": 1, "shares": 6000, "filerUrl": "", "transactionText": "", "filerName": "Shah (Divyesh Pramod)", "filerRelation": "Divisional Officer", "moneyText": "", "startDate": "2013-06-11", "ownership": "D"}, {"maxAge": 1, "shares": 6441, "filerUrl": "", "transactionText": "", "filerName": "Dixit (Kiran Uddhav)", "filerRelation": "Divisional Officer", "moneyText": "", "startDate": "2013-06-06", "ownership": "D"}, {"maxAge": 1, "shares": 17987, "filerUrl": "", "transactionText": "", "filerName": "Hinduja (Prem)", "filerRelation": "Chief Financial Officer", "moneyText": "", "startDate": "2013-06-06", "ownership": "D"}, {"maxAge": 1, "shares": 10735, "filerUrl": "", "transactionText": "", "filerName": "Shah (Divyesh Pramod)", "filerRelation": "Divisional Officer", "moneyText": "", "startDate": "2013-06-06", "ownership": "D"}, {"maxAge": 1, "shares": 6300, "filerUrl": "", "transactionText": "", "filerName": "Asher (Sanjay Khatau)", "filerRelation": "Director (Non-Executive)", "moneyText": "", "startDate": "2012-12-14", "ownership": "D"}, {"maxAge": 1, "shares": 6112167, "filerUrl": "", "transactionText": "", "filerName": "HSBC Global Investment Funds A/C HSBC Global", "filerRelation": "Institution- Corporation", "moneyText": "", "startDate": "2012-05-03", "ownership": "D"}], "maxAge": 1}, "quoteType": {"exchange": "BSE", "quoteType": "EQUITY", "symbol": "TBZ.BO", "underlyingSymbol": "TBZ.BO", "shortName": "TRIBHOVANDAS BHIMJI ZAVERI LTD", "longName": "Tribhovandas Bhimji Zaveri Limited", "firstTradeDateEpochUtc": "2012-05-09 09:15:00", "timeZoneFullName": "Asia/Kolkata", "timeZoneShortName": "IST", "uuid": "6fb48eb9-2d75-334b-80b9-c7f852326e52", "messageBoardId": null, "gmtOffSetMilliseconds": 19800000, "maxAge": 1}, "incomeStatementHistory": {"incomeStatementHistory": [{"maxAge": 1, "endDate": "2020-03-31", "totalRevenue": 18100526000, "costOfRevenue": 15486979000, "grossProfit": 2613547000, "researchDevelopment": {}, "sellingGeneralAdministrative": 1121860000, "nonRecurring": {}, "otherOperatingExpenses": 341296000, "totalOperatingExpenses": 17280987000, "operatingIncome": 819539000, "totalOtherIncomeExpenseNet": -538943000, "ebit": 819539000, "interestExpense": -510835000, "incomeBeforeTax": 280596000, "incomeTaxExpense": 66445000, "minorityInterest": {}, "netIncomeFromContinuingOps": 214151000, "discontinuedOperations": {}, "extraordinaryItems": {}, "effectOfAccountingCharges": {}, "otherItems": {}, "netIncome": 214151000, "netIncomeApplicableToCommonShares": 214151000}, {"maxAge": 1, "endDate": "2019-03-31", "totalRevenue": 17638265000, "costOfRevenue": 15057261000, "grossProfit": 2581004000, "researchDevelopment": {}, "sellingGeneralAdministrative": 1452208000, "nonRecurring": {}, "otherOperatingExpenses": 371619000, "totalOperatingExpenses": 16983269000, "operatingIncome": 654996000, "totalOtherIncomeExpenseNet": -423544000, "ebit": 654996000, "interestExpense": -43263000, "incomeBeforeTax": 231452000, "incomeTaxExpense": 75814000, "minorityInterest": {}, "netIncomeFromContinuingOps": 155638000, "discontinuedOperations": {}, "extraordinaryItems": {}, "effectOfAccountingCharges": {}, "otherItems": {}, "netIncome": 155638000, "netIncomeApplicableToCommonShares": 155638000}, {"maxAge": 1, "endDate": "2018-03-31", "totalRevenue": 17514077000, "costOfRevenue": 14905780000, "grossProfit": 2608297000, "researchDevelopment": {}, "sellingGeneralAdministrative": 1432237000, "nonRecurring": {}, "otherOperatingExpenses": 417046000, "totalOperatingExpenses": 16843411000, "operatingIncome": 670666000, "totalOtherIncomeExpenseNet": -350984000, "ebit": 670666000, "interestExpense": -354120000, "incomeBeforeTax": 319682000, "incomeTaxExpense": 107076000, "minorityInterest": {}, "netIncomeFromContinuingOps": 212606000, "discontinuedOperations": {}, "extraordinaryItems": {}, "effectOfAccountingCharges": {}, "otherItems": {}, "netIncome": 212606000, "netIncomeApplicableToCommonShares": 212606000}, {"maxAge": 1, "endDate": "2017-03-31", "totalRevenue": 16900028000, "costOfRevenue": 14432471000, "grossProfit": 2467557000, "researchDevelopment": {}, "sellingGeneralAdministrative": 1329019000, "nonRecurring": {}, "otherOperatingExpenses": 453367000, "totalOperatingExpenses": 16305611000, "operatingIncome": 594417000, "totalOtherIncomeExpenseNet": -477172000, "ebit": 594417000, "interestExpense": -466133000, "incomeBeforeTax": 117245000, "incomeTaxExpense": -12044000, "minorityInterest": {}, "netIncomeFromContinuingOps": 129289000, "discontinuedOperations": {}, "extraordinaryItems": {}, "effectOfAccountingCharges": {}, "otherItems": {}, "netIncome": 129289000, "netIncomeApplicableToCommonShares": 129289000}], "maxAge": 86400}, "fundOwnership": {"maxAge": 1, "ownershipList": []}, "summaryDetail": {"maxAge": 1, "priceHint": 2, "previousClose": 62.4, "open": 62.0, "dayLow": 62.0, "dayHigh": 64.7, "regularMarketPreviousClose": 62.4, "regularMarketOpen": 62.0, "regularMarketDayLow": 62.0, "regularMarketDayHigh": 64.7, "forwardPE": 21.11111, "volume": 12152, "regularMarketVolume": 12152, "averageVolume": 171932, "averageVolume10days": 164007, "averageDailyVolume10Day": 164007, "bid": 62.35, "ask": 63.0, "bidSize": 0, "askSize": 0, "marketCap": 4184008704, "fiftyTwoWeekLow": 16.5, "fiftyTwoWeekHigh": 96.4, "fiftyDayAverage": 75.225, "twoHundredDayAverage": 48.29375, "trailingAnnualDividendRate": 0.75, "trailingAnnualDividendYield": 0.01201923, "currency": "INR", "fromCurrency": null, "toCurrency": null, "lastMarket": null, "algorithm": null, "tradeable": false}, "sectorTrend": {"maxAge": 1, "symbol": null, "estimates": []}, "incomeStatementHistoryQuarterly": {"incomeStatementHistory": [{"maxAge": 1, "endDate": "2020-06-30", "totalRevenue": 794633000, "costOfRevenue": 708385000, "grossProfit": 86248000, "researchDevelopment": {}, "sellingGeneralAdministrative": 131325000, "nonRecurring": {}, "otherOperatingExpenses": 51537000, "totalOperatingExpenses": 961562000, "operatingIncome": -166929000, "totalOtherIncomeExpenseNet": -105569000, "ebit": -166929000, "interestExpense": -149539000, "incomeBeforeTax": -272498000, "incomeTaxExpense": -65868000, "minorityInterest": {}, "netIncomeFromContinuingOps": -206630000, "discontinuedOperations": {}, "extraordinaryItems": {}, "effectOfAccountingCharges": {}, "otherItems": {}, "netIncome": -206630000, "netIncomeApplicableToCommonShares": -206630000}, {"maxAge": 1, "endDate": "2020-03-31", "totalRevenue": 3425200000, "costOfRevenue": 2915770000, "grossProfit": 509430000, "researchDevelopment": {}, "sellingGeneralAdministrative": 505512000, "nonRecurring": {}, "otherOperatingExpenses": -253640000, "totalOperatingExpenses": 3262412000, "operatingIncome": 162788000, "totalOtherIncomeExpenseNet": -149757000, "ebit": 162788000, "interestExpense": -91784000, "incomeBeforeTax": 13031000, "incomeTaxExpense": -15324000, "minorityInterest": {}, "netIncomeFromContinuingOps": 28355000, "discontinuedOperations": {}, "extraordinaryItems": {}, "effectOfAccountingCharges": {}, "otherItems": {}, "netIncome": 28355000, "netIncomeApplicableToCommonShares": 28355000}, {"maxAge": 1, "endDate": "2019-12-31", "totalRevenue": 6445594000, "costOfRevenue": 5614242000, "grossProfit": 831352000, "researchDevelopment": {}, "sellingGeneralAdministrative": 212184000, "nonRecurring": {}, "otherOperatingExpenses": 208556000, "totalOperatingExpenses": 6114581000, "operatingIncome": 331013000, "totalOtherIncomeExpenseNet": -125098000, "ebit": 331013000, "interestExpense": -133490000, "incomeBeforeTax": 205915000, "incomeTaxExpense": 60364000, "minorityInterest": {}, "netIncomeFromContinuingOps": 145551000, "discontinuedOperations": {}, "extraordinaryItems": {}, "effectOfAccountingCharges": {}, "otherItems": {}, "netIncome": 145551000, "netIncomeApplicableToCommonShares": 145551000}, {"maxAge": 1, "endDate": "2019-09-30", "totalRevenue": 3932002000, "costOfRevenue": 3353502000, "grossProfit": 578500000, "researchDevelopment": {}, "sellingGeneralAdministrative": 207327000, "nonRecurring": {}, "otherOperatingExpenses": 153175000, "totalOperatingExpenses": 3789184000, "operatingIncome": 142818000, "totalOtherIncomeExpenseNet": -133889000, "ebit": 142818000, "interestExpense": -144634000, "incomeBeforeTax": 8929000, "incomeTaxExpense": 3693000, "minorityInterest": {}, "netIncomeFromContinuingOps": 5236000, "discontinuedOperations": {}, "extraordinaryItems": {}, "effectOfAccountingCharges": {}, "otherItems": {}, "netIncome": 5236000, "netIncomeApplicableToCommonShares": 5236000}], "maxAge": 86400}, "cashflowStatementHistoryQuarterly": {"cashflowStatements": [{"maxAge": 1, "endDate": "2020-06-30", "netIncome": -206630000, "changeToLiabilities": 0}, {"maxAge": 1, "endDate": "2020-03-31", "netIncome": 28355000, "changeToLiabilities": 0}, {"maxAge": 1, "endDate": "2019-12-31", "netIncome": 145551000, "changeToLiabilities": 0}, {"maxAge": 1, "endDate": "2019-09-30", "netIncome": 5236000, "changeToLiabilities": 0}], "maxAge": 86400}, "insiderHolders": {"holders": [{"maxAge": 1, "name": "Asher (Sanjay Khatau)", "relation": "Director (Non-Executive)", "url": "", "transactionDescription": "Acquisition", "latestTransDate": "2012-12-14", "positionDirect": 6300, "positionDirectDate": "2012-12-14"}, {"maxAge": 1, "name": "Dixit (Kiran Uddhav)", "relation": "Divisional Officer", "url": "", "transactionDescription": "Other", "latestTransDate": "2013-06-06", "positionDirect": 6441, "positionDirectDate": "2013-06-06"}, {"maxAge": 1, "name": "HSBC Global Investment Funds A/C HSBC Global", "relation": "Institution- Corporation", "url": "", "transactionDescription": "Acquisition", "latestTransDate": "2012-05-03", "positionDirect": 6112167, "positionDirectDate": "2012-05-03"}, {"maxAge": 1, "name": "Hinduja (Prem)", "relation": "UNREPORTED", "url": "", "transactionDescription": "Other", "latestTransDate": "2015-06-15", "positionDirect": 12269, "positionDirectDate": "2015-06-15"}, {"maxAge": 1, "name": "Shah (Divyesh Pramod)", "relation": "UNREPORTED", "url": "", "transactionDescription": "Other", "latestTransDate": "2015-06-15", "positionDirect": 5003, "positionDirectDate": "2015-06-15"}, {"maxAge": 1, "name": "Smallcap World Fund, Inc.", "relation": "Investment Advisor", "url": "", "transactionDescription": "Acquisition", "latestTransDate": "2013-07-05", "positionDirect": 3338916, "positionDirectDate": "2013-07-05"}, {"maxAge": 1, "name": "Zaveri (Shrikant Gopaldas)", "relation": "Chairman of the Board", "url": "", "transactionDescription": "Acquisition", "latestTransDate": "2014-03-19", "positionDirect": 33402275, "positionDirectDate": "2014-03-19"}], "maxAge": 1}, "earnings": {"maxAge": 86400, "earningsChart": {"quarterly": [{"date": "2Q2017", "actual": 0.87, "estimate": 0.9}, {"date": "3Q2017", "actual": 0.12, "estimate": 0.96}], "currentQuarterEstimateDate": "4Q", "currentQuarterEstimateYear": 2017, "earningsDate": ["2020-11-09 05:30:S", "2020-11-14 05:30:S"]}, "financialsChart": {"yearly": [{"date": 2017, "revenue": 16900028000, "earnings": 129289000}, {"date": 2018, "revenue": 17514077000, "earnings": 212606000}, {"date": 2019, "revenue": 17638265000, "earnings": 155638000}, {"date": 2020, "revenue": 18100526000, "earnings": 214151000}], "quarterly": [{"date": "3Q2019", "revenue": 3932002000, "earnings": 5236000}, {"date": "4Q2019", "revenue": 6445594000, "earnings": 145551000}, {"date": "1Q2020", "revenue": 3425200000, "earnings": 28355000}, {"date": "2Q2020", "revenue": 794633000, "earnings": -206630000}]}, "financialCurrency": "INR"}, "calendarEvents": {"maxAge": 1, "earnings": {"earningsDate": ["2020-11-09 05:30:S", "2020-11-14 05:30:S"], "revenueAverage": 5476350000, "revenueLow": 5701000000, "revenueHigh": 5701000000}}, "price": {"maxAge": 1, "regularMarketChangePercent": 0.00480768, "regularMarketChange": 0.29999924, "regularMarketTime": "2021-04-30 15:27:35", "priceHint": 2, "regularMarketPrice": 62.7, "regularMarketDayHigh": 64.7, "regularMarketDayLow": 62.0, "regularMarketVolume": 12152, "averageDailyVolume10Day": 164007, "averageDailyVolume3Month": 171932, "regularMarketPreviousClose": 62.4, "regularMarketSource": "FREE_REALTIME", "regularMarketOpen": 62.0, "exchange": "BSE", "exchangeName": "BSE", "exchangeDataDelayedBy": 0, "marketState": "CLOSED", "quoteType": "EQUITY", "symbol": "TBZ.BO", "underlyingSymbol": null, "shortName": "TRIBHOVANDAS BHIMJI ZAVERI LTD", "longName": "Tribhovandas Bhimji Zaveri Limited", "currency": "INR", "quoteSourceName": "Delayed Quote", "currencySymbol": "\u20b9", "fromCurrency": null, "toCurrency": null, "lastMarket": null, "marketCap": 4184008704}, "balanceSheetHistory": {"balanceSheetStatements": [{"maxAge": 1, "endDate": "2020-03-31", "cash": 23640000, "shortTermInvestments": 387290000, "netReceivables": 43031000, "inventory": 11807198000, "otherCurrentAssets": 442835000, "totalCurrentAssets": 12730591000, "longTermInvestments": 113000, "propertyPlantEquipment": 1722644000, "intangibleAssets": 22039000, "otherAssets": 207122000, "deferredLongTermAssetCharges": 67136000, "totalAssets": 14682509000, "accountsPayable": 1939196000, "shortLongTermDebt": 1708000, "otherCurrentLiab": 1019424000, "longTermDebt": 4932000, "otherLiab": 71918000, "totalCurrentLiabilities": 9192106000, "totalLiab": 9875105000, "commonStock": 667306000, "retainedEarnings": 2485027000, "treasuryStock": -24064000, "capitalSurplus": 1679135000, "otherStockholderEquity": -24064000, "totalStockholderEquity": 4807404000, "netTangibleAssets": 4785365000}, {"maxAge": 1, "endDate": "2019-03-31", "cash": 65787000, "shortTermInvestments": 332414000, "netReceivables": 274349000, "inventory": 11792332000, "otherCurrentAssets": 431853000, "totalCurrentAssets": 12921731000, "longTermInvestments": 256000, "propertyPlantEquipment": 1075038000, "intangibleAssets": 32994000, "otherAssets": 203168000, "totalAssets": 14233187000, "accountsPayable": 1960647000, "shortLongTermDebt": 608000, "otherCurrentLiab": 866544000, "longTermDebt": 135000, "otherLiab": 81966000, "totalCurrentLiabilities": 9313046000, "totalLiab": 9395147000, "commonStock": 667306000, "retainedEarnings": 2504861000, "treasuryStock": -13262000, "capitalSurplus": 1679135000, "otherStockholderEquity": -13262000, "totalStockholderEquity": 4838040000, "netTangibleAssets": 4805046000}, {"maxAge": 1, "endDate": "2018-03-31", "cash": 110267000, "shortTermInvestments": 265157000, "netReceivables": 236920000, "inventory": 10213235000, "otherCurrentAssets": 54508000, "totalCurrentAssets": 10915632000, "longTermInvestments": 337000, "propertyPlantEquipment": 1026229000, "intangibleAssets": 7156000, "otherAssets": 240985000, "totalAssets": 12190339000, "accountsPayable": 915077000, "shortLongTermDebt": 513000, "otherCurrentLiab": 548760000, "longTermDebt": 790000, "otherLiab": 82825000, "totalCurrentLiabilities": 7340059000, "totalLiab": 7423674000, "commonStock": 667306000, "retainedEarnings": 2422946000, "treasuryStock": -2722000, "capitalSurplus": 1679135000, "otherStockholderEquity": -2722000, "totalStockholderEquity": 4766665000, "netTangibleAssets": 4759509000}, {"maxAge": 1, "endDate": "2017-03-31", "cash": 52803000, "shortTermInvestments": 262932000, "netReceivables": 31782000, "inventory": 10272158000, "otherCurrentAssets": 27455000, "totalCurrentAssets": 10667804000, "longTermInvestments": 1399000, "propertyPlantEquipment": 1034091000, "intangibleAssets": 10331000, "otherAssets": 209084000, "deferredLongTermAssetCharges": 8225000, "totalAssets": 11922709000, "accountsPayable": 782108000, "shortLongTermDebt": 530000, "otherCurrentLiab": 719225000, "longTermDebt": 1133000, "otherLiab": 49460000, "totalCurrentLiabilities": 7313844000, "totalLiab": 7364437000, "commonStock": 667306000, "retainedEarnings": 2210337000, "treasuryStock": 1494000, "capitalSurplus": 1679135000, "otherStockholderEquity": 1494000, "totalStockholderEquity": 4558272000, "netTangibleAssets": 4547941000}], "maxAge": 86400}, "earningsTrend": {"trend": [{"maxAge": 1, "period": "0q", "endDate": "2017-12-31", "growth": {}, "earningsEstimate": {"avg": 0.0, "low": 0.0, "high": 0.0, "yearAgoEps": {}, "numberOfAnalysts": 0, "growth": {}}, "revenueEstimate": {"avg": 5476350000, "low": 5701000000, "high": 5701000000, "numberOfAnalysts": 1, "yearAgoRevenue": {}, "growth": {}}, "epsTrend": {"current": 0.0, "7daysAgo": 0.0, "30daysAgo": 0.0, "60daysAgo": 0.0, "90daysAgo": 0.0}, "epsRevisions": {"upLast7days": 0, "upLast30days": 0, "downLast30days": 0, "downLast90days": {}}}, {"maxAge": 1, "period": "+1q", "endDate": "2018-03-31", "growth": {}, "earningsEstimate": {"avg": 0.0, "low": 0.0, "high": 0.0, "yearAgoEps": {}, "numberOfAnalysts": 0, "growth": {}}, "revenueEstimate": {"avg": 4334960000, "low": 4503000000, "high": 4503000000, "numberOfAnalysts": 1, "yearAgoRevenue": {}, "growth": {}}, "epsTrend": {"current": 0.0, "7daysAgo": 0.0, "30daysAgo": 0.0, "60daysAgo": 0.0, "90daysAgo": 0.0}, "epsRevisions": {"upLast7days": 0, "upLast30days": 0, "downLast30days": 0, "downLast90days": {}}}, {"maxAge": 1, "period": "0y", "endDate": "2018-03-31", "growth": {}, "earningsEstimate": {"avg": 0.0, "low": 0.0, "high": 0.0, "yearAgoEps": {}, "numberOfAnalysts": 0, "growth": {}}, "revenueEstimate": {"avg": 25283100000, "low": 17724000000, "high": 17724000000, "numberOfAnalysts": 1, "yearAgoRevenue": {}, "growth": {}}, "epsTrend": {"current": 0.0, "7daysAgo": 2.9, "30daysAgo": 2.9, "60daysAgo": 2.9, "90daysAgo": 2.9}, "epsRevisions": {"upLast7days": 0, "upLast30days": 0, "downLast30days": 0, "downLast90days": {}}}, {"maxAge": 1, "period": "+1y", "endDate": "2019-03-31", "growth": {}, "earningsEstimate": {"avg": 0.0, "low": 0.0, "high": 0.0, "yearAgoEps": {}, "numberOfAnalysts": 0, "growth": {}}, "revenueEstimate": {"avg": 19305900000, "low": 19305900000, "high": 19305900000, "numberOfAnalysts": 1, "yearAgoRevenue": 25283100000, "growth": -0.236}, "epsTrend": {"current": 0.0, "7daysAgo": 2.97, "30daysAgo": 2.97, "60daysAgo": 2.97, "90daysAgo": 2.97}, "epsRevisions": {"upLast7days": 0, "upLast30days": 0, "downLast30days": 0, "downLast90days": {}}}, {"maxAge": 1, "period": "+5y", "endDate": null, "growth": {}, "earningsEstimate": {"avg": {}, "low": {}, "high": {}, "yearAgoEps": {}, "numberOfAnalysts": {}, "growth": {}}, "revenueEstimate": {"avg": {}, "low": {}, "high": {}, "numberOfAnalysts": {}, "yearAgoRevenue": {}, "growth": {}}, "epsTrend": {"current": {}, "7daysAgo": {}, "30daysAgo": {}, "60daysAgo": {}, "90daysAgo": {}}, "epsRevisions": {"upLast7days": {}, "upLast30days": {}, "downLast30days": {}, "downLast90days": {}}}, {"maxAge": 1, "period": "-5y", "endDate": null, "growth": {}, "earningsEstimate": {"avg": {}, "low": {}, "high": {}, "yearAgoEps": {}, "numberOfAnalysts": {}, "growth": {}}, "revenueEstimate": {"avg": {}, "low": {}, "high": {}, "numberOfAnalysts": {}, "yearAgoRevenue": {}, "growth": {}}, "epsTrend": {"current": {}, "7daysAgo": {}, "30daysAgo": {}, "60daysAgo": {}, "90daysAgo": {}}, "epsRevisions": {"upLast7days": {}, "upLast30days": {}, "downLast30days": {}, "downLast90days": {}}}], "maxAge": 1}, "financialData": {"maxAge": 86400, "currentPrice": 62.7, "targetHighPrice": 78.0, "targetLowPrice": 78.0, "targetMeanPrice": 78.0, "targetMedianPrice": 78.0, "recommendationKey": "none", "numberOfAnalystOpinions": 1, "grossProfits": 2613547000, "financialCurrency": "INR"}}}