{"TCFCFINQ.BO": {"cashflowStatementHistory": {"cashflowStatements": [{"maxAge": 1, "endDate": "2020-03-31", "netIncome": 878387, "depreciation": 244878, "changeToNetincome": -3910369, "changeToAccountReceivables": 1119639, "changeToLiabilities": 0, "changeToInventory": 60322492, "changeToOperatingActivities": -51583011, "totalCashFromOperatingActivities": 7115981, "otherCashflowsFromInvestingActivities": 12312858, "totalCashflowsFromInvestingActivities": 12312858, "dividendsPaid": -15723194, "otherCashflowsFromFinancingActivities": -3200872, "totalCashFromFinancingActivities": -18924066, "changeInCash": 504774}, {"maxAge": 1, "endDate": "2019-03-31", "netIncome": 38439501, "depreciation": 263524, "changeToNetincome": -8991234, "changeToAccountReceivables": -1119639, "changeToLiabilities": 0, "changeToInventory": -20610449, "changeToOperatingActivities": 63603, "totalCashFromOperatingActivities": 8092302, "capitalExpenditures": -5959, "otherCashflowsFromInvestingActivities": 10505132, "totalCashflowsFromInvestingActivities": 10370288, "dividendsPaid": -15723194, "otherCashflowsFromFinancingActivities": -3200872, "totalCashFromFinancingActivities": -18924066, "changeInCash": -461476}, {"maxAge": 1, "endDate": "2018-03-31", "netIncome": 38795909, "depreciation": 341170, "changeToNetincome": -2934908, "changeToAccountReceivables": -1119639, "changeToLiabilities": 0, "changeToInventory": -35088110, "changeToOperatingActivities": -660153, "totalCashFromOperatingActivities": 453908, "capitalExpenditures": -240303, "otherCashflowsFromInvestingActivities": 10505132, "totalCashflowsFromInvestingActivities": -239303, "dividendsPaid": -15723194, "otherCashflowsFromFinancingActivities": -3200872, "totalCashFromFinancingActivities": -18924066, "changeInCash": 214605}, {"maxAge": 1, "endDate": "2017-03-31", "netIncome": -70937670, "depreciation": 301870, "changeToNetincome": 495180, "changeToAccountReceivables": -1119639, "changeToLiabilities": 0, "changeToInventory": -20852187, "changeToOperatingActivities": 92006930, "totalCashFromOperatingActivities": 1014123, "capitalExpenditures": -71150, "otherCashflowsFromInvestingActivities": 10505132, "totalCashflowsFromInvestingActivities": -71150, "dividendsPaid": -15723194, "otherCashflowsFromFinancingActivities": -3200872, "totalCashFromFinancingActivities": -18924066, "changeInCash": 942973}], "maxAge": 86400}, "institutionOwnership": {"maxAge": 1, "ownershipList": []}, "balanceSheetHistoryQuarterly": {"balanceSheetStatements": [{"maxAge": 1, "endDate": "2020-06-30", "totalStockholderEquity": 838652000, "netTangibleAssets": 838552000}, {"maxAge": 1, "endDate": "2020-03-31", "cash": 1534193, "shortTermInvestments": 51616718, "netReceivables": 7015620, "otherCurrentAssets": 3281443, "totalCurrentAssets": 762102701, "longTermInvestments": 90144008, "propertyPlantEquipment": 1711650, "intangibleAssets": 99834, "otherAssets": 60000, "totalAssets": 854118193, "otherCurrentLiab": 12821523, "otherLiab": 2580365, "totalCurrentLiabilities": 12885429, "totalLiab": 15465794, "commonStock": 104821290, "retainedEarnings": 753104091, "treasuryStock": -19272982, "otherStockholderEquity": 375, "totalStockholderEquity": 838652399, "netTangibleAssets": 838552565}, {"maxAge": 1, "endDate": "2019-12-31", "totalStockholderEquity": 864821000, "netTangibleAssets": 864699000}, {"maxAge": 1, "endDate": "2019-09-30", "cash": 34574000, "netReceivables": 161000, "totalCurrentAssets": 778364000, "longTermInvestments": 88348000, "propertyPlantEquipment": 1834000, "intangibleAssets": 122000, "otherAssets": 7905000, "totalAssets": 876573000, "otherCurrentLiab": 6213000, "otherLiab": 5539000, "totalCurrentLiabilities": 6213000, "totalLiab": 11752000, "commonStock": 104821000, "treasuryStock": 760000000, "otherStockholderEquity": 760000000, "totalStockholderEquity": 864821000, "netTangibleAssets": 864699000}], "maxAge": 86400}, "indexTrend": {"maxAge": 1, "symbol": "SP5", "peRatio": 19.7411, "pegRatio": 1.34172, "estimates": [{"period": "0q", "growth": 0.549}, {"period": "+1q", "growth": 0.431}, {"period": "0y", "growth": 0.305}, {"period": "+1y", "growth": 0.109}, {"period": "+5y", "growth": 0.120859005}, {"period": "-5y"}]}, "insiderTransactions": {"transactions": [{"maxAge": 1, "shares": 45, "filerUrl": "", "transactionText": "", "filerName": "20th Century Holdings Pvt Ltd", "filerRelation": "Promoter", "moneyText": "", "startDate": "2019-06-24", "ownership": "D"}, {"maxAge": 1, "shares": 0, "filerUrl": "", "transactionText": "", "filerName": "20th Century Holdings Pvt Ltd", "filerRelation": "Promoter", "moneyText": "", "startDate": "2019-06-24", "ownership": "I"}, {"maxAge": 1, "shares": 884, "filerUrl": "", "transactionText": "", "filerName": "20th Century Holdings Pvt Ltd", "filerRelation": "Promoter", "moneyText": "", "startDate": "2019-06-19", "ownership": "D"}, {"maxAge": 1, "shares": 505, "filerUrl": "", "transactionText": "", "filerName": "20th Century Holdings Pvt Ltd", "filerRelation": "Promoter", "moneyText": "", "startDate": "2019-06-14", "ownership": "D"}, {"maxAge": 1, "shares": 108, "filerUrl": "", "transactionText": "", "filerName": "20th Century Holdings Pvt Ltd", "filerRelation": "Promoter", "moneyText": "", "startDate": "2019-06-12", "ownership": "D"}, {"maxAge": 1, "shares": 1279, "filerUrl": "", "transactionText": "", "filerName": "20th Century Holdings Pvt Ltd", "filerRelation": "Promoter", "moneyText": "", "startDate": "2019-06-11", "ownership": "D"}, {"maxAge": 1, "shares": 59, "filerUrl": "", "transactionText": "", "filerName": "20th Century Holdings Pvt Ltd", "filerRelation": "Promoter", "moneyText": "", "startDate": "2019-05-21", "ownership": "D"}, {"maxAge": 1, "shares": 134, "filerUrl": "", "transactionText": "", "filerName": "20th Century Holdings Pvt Ltd", "filerRelation": "Promoter", "moneyText": "", "startDate": "2019-03-26", "ownership": "D"}, {"maxAge": 1, "shares": 100, "filerUrl": "", "transactionText": "", "filerName": "20th Century Holdings Pvt Ltd", "filerRelation": "Promoter", "moneyText": "", "startDate": "2019-03-01", "ownership": "D"}, {"maxAge": 1, "shares": 293, "filerUrl": "", "transactionText": "", "filerName": "20th Century Holdings Pvt Ltd", "filerRelation": "Promoter", "moneyText": "", "startDate": "2019-02-28", "ownership": "D"}, {"maxAge": 1, "shares": 263, "filerUrl": "", "transactionText": "", "filerName": "20th Century Holdings Pvt Ltd", "filerRelation": "Promoter", "moneyText": "", "startDate": "2019-02-27", "ownership": "D"}, {"maxAge": 1, "shares": 50, "filerUrl": "", "transactionText": "", "filerName": "20th Century Holdings Pvt Ltd", "filerRelation": "Promoter", "moneyText": "", "startDate": "2019-02-26", "ownership": "D"}, {"maxAge": 1, "shares": 50, "filerUrl": "", "transactionText": "", "filerName": "20th Century Holdings Pvt Ltd", "filerRelation": "Promoter", "moneyText": "", "startDate": "2019-02-22", "ownership": "D"}, {"maxAge": 1, "shares": 31, "filerUrl": "", "transactionText": "", "filerName": "20th Century Holdings Pvt Ltd", "filerRelation": "Promoter", "moneyText": "", "startDate": "2019-02-20", "ownership": "D"}, {"maxAge": 1, "shares": 536, "filerUrl": "", "transactionText": "", "filerName": "20th Century Holdings Pvt Ltd", "filerRelation": "Promoter", "moneyText": "", "startDate": "2019-02-18", "ownership": "D"}, {"maxAge": 1, "shares": 53, "filerUrl": "", "transactionText": "", "filerName": "20th Century Holdings Pvt Ltd", "filerRelation": "Promoter", "moneyText": "", "startDate": "2019-01-18", "ownership": "D"}, {"maxAge": 1, "shares": 270, "filerUrl": "", "transactionText": "", "filerName": "20th Century Holdings Pvt Ltd", "filerRelation": "Promoter", "moneyText": "", "startDate": "2019-01-03", "ownership": "D"}, {"maxAge": 1, "shares": 12, "filerUrl": "", "transactionText": "", "filerName": "20th Century Holdings Pvt Ltd", "filerRelation": "Promoter", "moneyText": "", "startDate": "2018-12-24", "ownership": "D"}, {"maxAge": 1, "shares": 4, "filerUrl": "", "transactionText": "", "filerName": "20th Century Holdings Pvt Ltd", "filerRelation": "Promoter", "moneyText": "", "startDate": "2018-12-06", "ownership": "D"}, {"maxAge": 1, "shares": 47, "filerUrl": "", "transactionText": "", "filerName": "20th Century Holdings Pvt Ltd", "filerRelation": "Promoter", "moneyText": "", "startDate": "2018-12-03", "ownership": "D"}, {"maxAge": 1, "shares": 447, "filerUrl": "", "transactionText": "", "filerName": "20th Century Holdings Pvt Ltd", "filerRelation": "Promoter", "moneyText": "", "startDate": "2018-10-24", "ownership": "D"}, {"maxAge": 1, "shares": 42, "filerUrl": "", "transactionText": "", "filerName": "20th Century Holdings Pvt Ltd", "filerRelation": "Promoter", "moneyText": "", "startDate": "2018-10-23", "ownership": "D"}, {"maxAge": 1, "shares": 455, "filerUrl": "", "transactionText": "", "filerName": "20th Century Holdings Pvt Ltd", "filerRelation": "Promoter", "moneyText": "", "startDate": "2018-10-22", "ownership": "D"}], "maxAge": 1}, "quoteType": {"exchange": "BSE", "quoteType": "EQUITY", "symbol": "TCFCFINQ.BO", "underlyingSymbol": "TCFCFINQ.BO", "shortName": "TCFC FINANCE LTD.", "longName": "TCFC Finance Limited", "firstTradeDateEpochUtc": "2001-12-10 09:15:00", "timeZoneFullName": "Asia/Kolkata", "timeZoneShortName": "IST", "uuid": "d678ebc8-cfcf-34ef-8c52-4da2ed645f2a", "messageBoardId": null, "gmtOffSetMilliseconds": 19800000, "maxAge": 1}, "incomeStatementHistory": {"incomeStatementHistory": [{"maxAge": 1, "endDate": "2020-03-31", "totalRevenue": 12312858, "costOfRevenue": 250173, "grossProfit": 12062685, "researchDevelopment": {}, "sellingGeneralAdministrative": 7107391, "nonRecurring": {}, "otherOperatingExpenses": 2554842, "totalOperatingExpenses": 10201249, "operatingIncome": 2111609, "totalOtherIncomeExpenseNet": -6331166, "ebit": 2111609, "interestExpense": {}, "incomeBeforeTax": -4219557, "incomeTaxExpense": -5097944, "minorityInterest": {}, "netIncomeFromContinuingOps": 878387, "discontinuedOperations": {}, "extraordinaryItems": {}, "effectOfAccountingCharges": {}, "otherItems": {}, "netIncome": 878387, "netIncomeApplicableToCommonShares": 878387}, {"maxAge": 1, "endDate": "2019-03-31", "totalRevenue": 59836775, "costOfRevenue": 235785, "grossProfit": 59600990, "researchDevelopment": {}, "sellingGeneralAdministrative": 6631987, "nonRecurring": {}, "otherOperatingExpenses": 2109059, "totalOperatingExpenses": 9287351, "operatingIncome": 50549424, "totalOtherIncomeExpenseNet": 0, "ebit": 50549424, "interestExpense": {}, "incomeBeforeTax": 50549424, "incomeTaxExpense": 12109923, "minorityInterest": {}, "netIncomeFromContinuingOps": 38439501, "discontinuedOperations": {}, "extraordinaryItems": {}, "effectOfAccountingCharges": {}, "otherItems": {}, "netIncome": 38439501, "netIncomeApplicableToCommonShares": 38439501}, {"maxAge": 1, "endDate": "2018-03-31", "totalRevenue": 695400645, "costOfRevenue": 633977785, "grossProfit": 61422860, "researchDevelopment": {}, "sellingGeneralAdministrative": 6144924, "nonRecurring": {}, "otherOperatingExpenses": 5046132, "totalOperatingExpenses": 645510011, "operatingIncome": 49890634, "totalOtherIncomeExpenseNet": -3430, "ebit": 49890634, "interestExpense": {}, "incomeBeforeTax": 49887204, "incomeTaxExpense": 11091295, "minorityInterest": {}, "netIncomeFromContinuingOps": 38795909, "discontinuedOperations": {}, "extraordinaryItems": {}, "effectOfAccountingCharges": {}, "otherItems": {}, "netIncome": 38795909, "netIncomeApplicableToCommonShares": 38795909}, {"maxAge": 1, "endDate": "2017-03-31", "totalRevenue": 866674698, "costOfRevenue": 809470227, "grossProfit": 57204471, "researchDevelopment": {}, "sellingGeneralAdministrative": 5948925, "nonRecurring": {}, "otherOperatingExpenses": 4598056, "totalOperatingExpenses": 820319078, "operatingIncome": 46355620, "totalOtherIncomeExpenseNet": -109658412, "ebit": 46355620, "interestExpense": {}, "incomeBeforeTax": -63302792, "incomeTaxExpense": 7634878, "minorityInterest": {}, "netIncomeFromContinuingOps": -70937670, "discontinuedOperations": {}, "extraordinaryItems": {}, "effectOfAccountingCharges": {}, "otherItems": {}, "netIncome": -70937670, "netIncomeApplicableToCommonShares": -70937670}], "maxAge": 86400}, "fundOwnership": {"maxAge": 1, "ownershipList": []}, "summaryDetail": {"maxAge": 1, "priceHint": 2, "previousClose": 25.7, "open": 27.0, "dayLow": 26.0, "dayHigh": 29.0, "regularMarketPreviousClose": 25.7, "regularMarketOpen": 27.0, "regularMarketDayLow": 26.0, "regularMarketDayHigh": 29.0, "trailingPE": 15.788013, "volume": 5502, "regularMarketVolume": 5502, "averageVolume": 3243, "averageVolume10days": 1971, "averageDailyVolume10Day": 1971, "bid": 27.15, "ask": 28.4, "bidSize": 0, "askSize": 0, "marketCap": 298215744, "fiftyTwoWeekLow": 15.5, "fiftyTwoWeekHigh": 30.0, "fiftyDayAverage": 24.362858, "twoHundredDayAverage": 20.475912, "trailingAnnualDividendRate": 1.5, "trailingAnnualDividendYield": 0.05836576, "currency": "INR", "fromCurrency": null, "toCurrency": null, "lastMarket": null, "algorithm": null, "tradeable": false}, "incomeStatementHistoryQuarterly": {"incomeStatementHistory": [{"maxAge": 1, "endDate": "2020-06-30", "totalRevenue": 31537000, "costOfRevenue": 0, "grossProfit": 31537000, "researchDevelopment": {}, "sellingGeneralAdministrative": 1670000, "nonRecurring": {}, "otherOperatingExpenses": 63000, "totalOperatingExpenses": 1804000, "operatingIncome": 29733000, "totalOtherIncomeExpenseNet": 0, "ebit": 29733000, "interestExpense": {}, "incomeBeforeTax": 29733000, "incomeTaxExpense": 2768000, "minorityInterest": {}, "netIncomeFromContinuingOps": 26965000, "discontinuedOperations": {}, "extraordinaryItems": {}, "effectOfAccountingCharges": {}, "otherItems": {}, "netIncome": 26965000, "netIncomeApplicableToCommonShares": 26965000}, {"maxAge": 1, "endDate": "2020-03-31", "totalRevenue": -30452142, "costOfRevenue": 250173, "grossProfit": -30702315, "researchDevelopment": {}, "sellingGeneralAdministrative": 2110391, "nonRecurring": {}, "otherOperatingExpenses": 97842, "totalOperatingExpenses": 2530249, "operatingIncome": -32982391, "totalOtherIncomeExpenseNet": -6331166, "ebit": -32982391, "interestExpense": {}, "incomeBeforeTax": -39313557, "incomeTaxExpense": -9703944, "minorityInterest": {}, "netIncomeFromContinuingOps": -29609613, "discontinuedOperations": {}, "extraordinaryItems": {}, "effectOfAccountingCharges": {}, "otherItems": {}, "netIncome": -29609613, "netIncomeApplicableToCommonShares": -29609613}, {"maxAge": 1, "endDate": "2019-12-31", "totalRevenue": 19362000, "costOfRevenue": 0, "grossProfit": 19362000, "researchDevelopment": {}, "sellingGeneralAdministrative": 1756000, "nonRecurring": {}, "otherOperatingExpenses": -47000, "totalOperatingExpenses": 1782000, "operatingIncome": 17580000, "totalOtherIncomeExpenseNet": 0, "ebit": 17580000, "interestExpense": {}, "incomeBeforeTax": 17580000, "incomeTaxExpense": 399000, "minorityInterest": {}, "netIncomeFromContinuingOps": 17181000, "discontinuedOperations": {}, "extraordinaryItems": {}, "effectOfAccountingCharges": {}, "otherItems": {}, "netIncome": 17181000, "netIncomeApplicableToCommonShares": 17181000}, {"maxAge": 1, "endDate": "2019-09-30", "totalRevenue": 9350000, "costOfRevenue": 0, "grossProfit": 9350000, "researchDevelopment": {}, "sellingGeneralAdministrative": 1627000, "nonRecurring": {}, "otherOperatingExpenses": 1745000, "totalOperatingExpenses": 3445000, "operatingIncome": 5905000, "totalOtherIncomeExpenseNet": -1000, "ebit": 5905000, "interestExpense": {}, "incomeBeforeTax": 5904000, "incomeTaxExpense": 644000, "minorityInterest": {}, "netIncomeFromContinuingOps": 5260000, "discontinuedOperations": {}, "extraordinaryItems": {}, "effectOfAccountingCharges": {}, "otherItems": {}, "netIncome": 5260000, "netIncomeApplicableToCommonShares": 5260000}], "maxAge": 86400}, "cashflowStatementHistoryQuarterly": {"cashflowStatements": [{"maxAge": 1, "endDate": "2020-06-30", "netIncome": 26965000, "changeToLiabilities": 0}, {"maxAge": 1, "endDate": "2020-03-31", "netIncome": -29609613, "changeToLiabilities": 0}, {"maxAge": 1, "endDate": "2019-12-31", "netIncome": 17181000, "changeToLiabilities": 0}, {"maxAge": 1, "endDate": "2019-09-30", "netIncome": 5260000, "changeToLiabilities": 0}], "maxAge": 86400}, "insiderHolders": {"holders": [{"maxAge": 1, "name": "20th Century Holdings Pvt Ltd", "relation": "Promoter", "url": "", "transactionDescription": "Acquisition", "latestTransDate": "2019-06-24", "positionDirect": 2167949, "positionDirectDate": "2019-06-24"}], "maxAge": 1}, "calendarEvents": {"maxAge": 1, "earnings": {"earningsDate": []}}, "price": {"maxAge": 1, "regularMarketChangePercent": 0.10700389, "regularMarketChange": 2.75, "regularMarketTime": "2021-04-30 15:28:20", "priceHint": 2, "regularMarketPrice": 28.45, "regularMarketDayHigh": 29.0, "regularMarketDayLow": 26.0, "regularMarketVolume": 5502, "averageDailyVolume10Day": 1971, "averageDailyVolume3Month": 3243, "regularMarketPreviousClose": 25.7, "regularMarketSource": "FREE_REALTIME", "regularMarketOpen": 27.0, "exchange": "BSE", "exchangeName": "BSE", "exchangeDataDelayedBy": 0, "marketState": "CLOSED", "quoteType": "EQUITY", "symbol": "TCFCFINQ.BO", "underlyingSymbol": null, "shortName": "TCFC FINANCE LTD.", "longName": "TCFC Finance Limited", "currency": "INR", "quoteSourceName": "Delayed Quote", "currencySymbol": "\u20b9", "fromCurrency": null, "toCurrency": null, "lastMarket": null, "marketCap": 298215744}, "balanceSheetHistory": {"balanceSheetStatements": [{"maxAge": 1, "endDate": "2020-03-31", "cash": 1534193, "shortTermInvestments": 51616718, "netReceivables": 7015620, "otherCurrentAssets": 3281443, "totalCurrentAssets": 762102701, "longTermInvestments": 90144008, "propertyPlantEquipment": 1711650, "intangibleAssets": 99834, "otherAssets": 60000, "totalAssets": 854118193, "otherCurrentLiab": 12821523, "otherLiab": 2580365, "totalCurrentLiabilities": 12885429, "totalLiab": 15465794, "commonStock": 104821290, "retainedEarnings": 753104091, "treasuryStock": -19272982, "otherStockholderEquity": 375, "totalStockholderEquity": 838652399, "netTangibleAssets": 838552565}, {"maxAge": 1, "endDate": "2019-03-31", "cash": 1029417, "netReceivables": 8172660, "otherCurrentAssets": 2750568, "totalCurrentAssets": 784836613, "longTermInvestments": 90139406, "propertyPlantEquipment": 1956528, "intangibleAssets": 143799, "otherAssets": 59999, "totalAssets": 877136345, "otherCurrentLiab": 18291304, "otherLiab": 1938697, "totalCurrentLiabilities": 18409143, "totalLiab": 20347840, "commonStock": 104821290, "retainedEarnings": 771240197, "treasuryStock": -19272982, "otherStockholderEquity": 375, "totalStockholderEquity": 856788505, "netTangibleAssets": 856644706}, {"maxAge": 1, "endDate": "2018-03-31", "cash": 4097568, "netReceivables": 4394920, "otherCurrentAssets": 24001, "totalCurrentAssets": 711663716, "longTermInvestments": 104232357, "propertyPlantEquipment": 2154624, "intangibleAssets": 121379, "otherAssets": 7279197, "totalAssets": 825451273, "otherCurrentLiab": 21797159, "otherLiab": 830080, "totalCurrentLiabilities": 22604803, "totalLiab": 23434883, "commonStock": 104821290, "retainedEarnings": 697194725, "treasuryStock": 375, "otherStockholderEquity": 375, "totalStockholderEquity": 802016390, "netTangibleAssets": 801895011}, {"maxAge": 1, "endDate": "2017-03-31", "cash": 3882965, "netReceivables": 4394920, "otherCurrentAssets": 53000, "totalCurrentAssets": 676361733, "longTermInvestments": 104232357, "propertyPlantEquipment": 2297348, "intangibleAssets": 83952, "otherAssets": 4249562, "totalAssets": 787224952, "otherCurrentLiab": 3637220, "otherLiab": 798665, "totalCurrentLiabilities": 4281741, "totalLiab": 5080406, "commonStock": 104821290, "retainedEarnings": 677322881, "treasuryStock": 375, "otherStockholderEquity": 375, "totalStockholderEquity": 782144546, "netTangibleAssets": 782060594}], "maxAge": 86400}, "financialData": {"maxAge": 86400, "currentPrice": 28.45, "recommendationKey": "none", "grossProfits": 12062685, "financialCurrency": "INR"}}}