{"TCIDEVELOP.BO": {"cashflowStatementHistory": {"cashflowStatements": [{"maxAge": 1, "endDate": "2020-03-31", "netIncome": 18451127, "depreciation": 14817476, "changeToNetincome": 505809, "changeToAccountReceivables": -9800110, "changeToLiabilities": 0, "changeToOperatingActivities": -24849461, "totalCashFromOperatingActivities": -875159, "capitalExpenditures": -51982255, "otherCashflowsFromInvestingActivities": 3997499, "totalCashflowsFromInvestingActivities": -27984756, "dividendsPaid": -2115000, "netBorrowings": -7181307, "otherCashflowsFromFinancingActivities": -2599579, "totalCashFromFinancingActivities": -74045886, "changeInCash": -102905801}, {"maxAge": 1, "endDate": "2019-03-31", "netIncome": 140531662, "depreciation": 14965449, "changeToNetincome": -140670221, "changeToAccountReceivables": -111994, "changeToLiabilities": 0, "changeToOperatingActivities": -6238632, "totalCashFromOperatingActivities": 8476264, "capitalExpenditures": -29534455, "investments": -52711612, "otherCashflowsFromInvestingActivities": 60127323, "totalCashflowsFromInvestingActivities": 194255232, "dividendsPaid": -2115000, "netBorrowings": -69454972, "otherCashflowsFromFinancingActivities": -4506390, "totalCashFromFinancingActivities": -73961362, "changeInCash": 128770134}, {"maxAge": 1, "endDate": "2018-03-31", "netIncome": 29575638, "depreciation": 15171943, "changeToNetincome": -5626545, "changeToAccountReceivables": 3037266, "changeToLiabilities": 0, "changeToOperatingActivities": 147257, "totalCashFromOperatingActivities": 42305559, "capitalExpenditures": -5781354, "investments": -52711612, "otherCashflowsFromInvestingActivities": 1605660, "totalCashflowsFromInvestingActivities": 9924699, "dividendsPaid": -2115000, "netBorrowings": -137042875, "otherCashflowsFromFinancingActivities": -15863827, "totalCashFromFinancingActivities": -155021702, "changeInCash": -102791444}, {"maxAge": 1, "endDate": "2017-03-31", "netIncome": 34807770, "depreciation": 15713494, "changeToNetincome": 11040748, "changeToAccountReceivables": 5374918, "changeToLiabilities": 0, "changeToOperatingActivities": 10297508, "totalCashFromOperatingActivities": 77234438, "capitalExpenditures": -2321420, "investments": -52711612, "otherCashflowsFromInvestingActivities": 4310869, "totalCashflowsFromInvestingActivities": 18143405, "dividendsPaid": -2115000, "netBorrowings": 19997101, "otherCashflowsFromFinancingActivities": -27283908, "totalCashFromFinancingActivities": -9401807, "changeInCash": 85976036}], "maxAge": 86400}, "institutionOwnership": {"maxAge": 1, "ownershipList": []}, "balanceSheetHistoryQuarterly": {"balanceSheetStatements": [{"maxAge": 1, "endDate": "2020-06-30", "totalStockholderEquity": 825227719, "netTangibleAssets": 825027554}, {"maxAge": 1, "endDate": "2020-03-31", "cash": 28915895, "netReceivables": 10955718, "inventory": 28468268, "otherCurrentAssets": 23585501, "totalCurrentAssets": 91925382, "propertyPlantEquipment": 917043604, "goodWill": 195915, "intangibleAssets": 4250, "otherAssets": 66694907, "totalAssets": 1075864058, "accountsPayable": 3676340, "shortLongTermDebt": 1252551, "otherCurrentLiab": 116205959, "longTermDebt": 99468295, "otherLiab": 4443800, "deferredLongTermLiab": 1677240, "minorityInterest": 22604505, "totalCurrentLiabilities": 124119739, "totalLiab": 228031834, "commonStock": 37294310, "retainedEarnings": 787752115, "treasuryStock": 181294, "otherStockholderEquity": 181294, "totalStockholderEquity": 825227719, "netTangibleAssets": 825027554}, {"maxAge": 1, "endDate": "2019-12-31", "totalStockholderEquity": 837606000, "netTangibleAssets": 837406000}, {"maxAge": 1, "endDate": "2019-09-30", "cash": 68349000, "netReceivables": 10897000, "inventory": 27915000, "otherCurrentAssets": 29086000, "totalCurrentAssets": 136247000, "propertyPlantEquipment": 877957000, "goodWill": 196000, "intangibleAssets": 4000, "otherAssets": 54127000, "totalAssets": 1068531000, "otherCurrentLiab": 122797000, "longTermDebt": 99958000, "otherLiab": 6805000, "totalCurrentLiabilities": 124162000, "totalLiab": 230925000, "commonStock": 37294000, "treasuryStock": 800312000, "otherStockholderEquity": 800312000, "totalStockholderEquity": 837606000, "netTangibleAssets": 837406000}], "maxAge": 86400}, "indexTrend": {"maxAge": 1, "symbol": "SP5", "peRatio": 19.7411, "pegRatio": 1.34172, "estimates": [{"period": "0q", "growth": 0.549}, {"period": "+1q", "growth": 0.431}, {"period": "0y", "growth": 0.305}, {"period": "+1y", "growth": 0.109}, {"period": "+5y", "growth": 0.120865}, {"period": "-5y"}]}, "insiderTransactions": {"transactions": [{"maxAge": 1, "shares": 22, "value": 89, "filerUrl": "", "transactionText": "Sale at price 4.08 per share.", "filerName": "Agarwal (Prashant)", "filerRelation": "UNREPORTED", "moneyText": "", "startDate": "2020-09-18", "ownership": "D"}, {"maxAge": 1, "shares": 127, "value": 514, "filerUrl": "", "transactionText": "Sale at price 4.05 per share.", "filerName": "Kumar (Baranwal Naresh)", "filerRelation": "UNREPORTED", "moneyText": "", "startDate": "2020-09-08", "ownership": "D"}, {"maxAge": 1, "shares": 150, "value": 604, "filerUrl": "", "transactionText": "Sale at price 4.03 per share.", "filerName": "Naresh (Kavita)", "filerRelation": "UNREPORTED", "moneyText": "", "startDate": "2020-09-08", "ownership": "D"}, {"maxAge": 1, "shares": 798489, "filerUrl": "", "transactionText": "", "filerName": "Bhoruka Finance Corporation of India Ltd", "filerRelation": "Promoter", "moneyText": "", "startDate": "2019-07-03", "ownership": "D"}, {"maxAge": 1, "shares": 557910, "filerUrl": "", "transactionText": "", "filerName": "Bhoruka International Pvt Ltd", "filerRelation": "Promoter", "moneyText": "", "startDate": "2019-07-03", "ownership": "D"}, {"maxAge": 1, "shares": 1749191, "filerUrl": "", "transactionText": "", "filerName": "TDL Real Estate Holdings Ltd.", "filerRelation": "Institution- Corporation", "moneyText": "", "startDate": "2019-07-03", "ownership": "D"}, {"maxAge": 1, "shares": 49242, "filerUrl": "", "transactionText": "", "filerName": "XPS Cargo Services Ltd", "filerRelation": "Promoter", "moneyText": "", "startDate": "2019-07-03", "ownership": "D"}], "maxAge": 1}, "quoteType": {"exchange": "BSE", "quoteType": "EQUITY", "symbol": "TCIDEVELOP.BO", "underlyingSymbol": "TCIDEVELOP.BO", "shortName": "TCI DEVELOPERS LTD.", "longName": "TCI Developers Limited", "firstTradeDateEpochUtc": "2011-04-19 09:15:00", "timeZoneFullName": "Asia/Kolkata", "timeZoneShortName": "IST", "uuid": "4a1a0942-78d1-3368-9a98-e65fe6d00a10", "messageBoardId": null, "gmtOffSetMilliseconds": 19800000, "maxAge": 1}, "incomeStatementHistory": {"incomeStatementHistory": [{"maxAge": 1, "endDate": "2020-03-31", "totalRevenue": 99693953, "costOfRevenue": 4214247, "grossProfit": 95479706, "researchDevelopment": {}, "sellingGeneralAdministrative": 38085292, "nonRecurring": {}, "otherOperatingExpenses": 14178633, "totalOperatingExpenses": 71295648, "operatingIncome": 28398305, "totalOtherIncomeExpenseNet": -717079, "ebit": 28398305, "interestExpense": -4714579, "incomeBeforeTax": 27681226, "incomeTaxExpense": 7728016, "minorityInterest": 22604505, "netIncomeFromContinuingOps": 19953210, "discontinuedOperations": {}, "extraordinaryItems": {}, "effectOfAccountingCharges": {}, "otherItems": {}, "netIncome": 18451127, "netIncomeApplicableToCommonShares": 18451127}, {"maxAge": 1, "endDate": "2019-03-31", "totalRevenue": 90536929, "costOfRevenue": 6382076, "grossProfit": 84154853, "researchDevelopment": {}, "sellingGeneralAdministrative": 32272038, "nonRecurring": {}, "otherOperatingExpenses": 69366361, "totalOperatingExpenses": 122985924, "operatingIncome": -32448995, "totalOtherIncomeExpenseNet": 185021386, "ebit": -32448995, "interestExpense": -4506390, "incomeBeforeTax": 152572391, "incomeTaxExpense": 11882220, "minorityInterest": 21102422, "netIncomeFromContinuingOps": 140690171, "discontinuedOperations": {}, "extraordinaryItems": {}, "effectOfAccountingCharges": {}, "otherItems": {}, "netIncome": 140531662, "netIncomeApplicableToCommonShares": 140531662}, {"maxAge": 1, "endDate": "2018-03-31", "totalRevenue": 107088700, "costOfRevenue": 6353854, "grossProfit": 100734846, "researchDevelopment": {}, "sellingGeneralAdministrative": 31975309, "nonRecurring": {}, "otherOperatingExpenses": 13626834, "totalOperatingExpenses": 67127940, "operatingIncome": 39960760, "totalOtherIncomeExpenseNet": -3336007, "ebit": 39960760, "interestExpense": -17978827, "incomeBeforeTax": 36624753, "incomeTaxExpense": 6970736, "minorityInterest": 20943913, "netIncomeFromContinuingOps": 29654017, "discontinuedOperations": {}, "extraordinaryItems": {}, "effectOfAccountingCharges": {}, "otherItems": {}, "netIncome": 29575638, "netIncomeApplicableToCommonShares": 29575638}, {"maxAge": 1, "endDate": "2017-03-31", "totalRevenue": 102964912, "costOfRevenue": 1446036, "grossProfit": 101518876, "researchDevelopment": {}, "sellingGeneralAdministrative": 21764360, "nonRecurring": {}, "otherOperatingExpenses": 11178911, "totalOperatingExpenses": 50102801, "operatingIncome": 52862111, "totalOtherIncomeExpenseNet": -9217159, "ebit": 52862111, "interestExpense": -29398908, "incomeBeforeTax": 43644952, "incomeTaxExpense": 8616474, "minorityInterest": 20865534, "netIncomeFromContinuingOps": 35028478, "discontinuedOperations": {}, "extraordinaryItems": {}, "effectOfAccountingCharges": {}, "otherItems": {}, "netIncome": 34807770, "netIncomeApplicableToCommonShares": 34807770}], "maxAge": 86400}, "fundOwnership": {"maxAge": 1, "ownershipList": []}, "summaryDetail": {"maxAge": 1, "priceHint": 2, "previousClose": 312.0, "open": 311.95, "dayLow": 311.95, "dayHigh": 314.1, "regularMarketPreviousClose": 312.0, "regularMarketOpen": 311.95, "regularMarketDayLow": 311.95, "regularMarketDayHigh": 314.1, "trailingPE": 66.4762, "volume": 32, "regularMarketVolume": 32, "averageVolume": 841, "averageVolume10days": 243, "averageDailyVolume10Day": 243, "bid": 300.5, "ask": 314.0, "bidSize": 0, "askSize": 0, "marketCap": 1171414016, "fiftyTwoWeekLow": 205.55, "fiftyTwoWeekHigh": 444.75, "fiftyDayAverage": 316.79706, "twoHundredDayAverage": 304.71472, "currency": "INR", "fromCurrency": null, "toCurrency": null, "lastMarket": null, "algorithm": null, "tradeable": false}, "incomeStatementHistoryQuarterly": {"incomeStatementHistory": [{"maxAge": 1, "endDate": "2020-06-30", "totalRevenue": 23669000, "costOfRevenue": 0, "grossProfit": 23669000, "researchDevelopment": {}, "sellingGeneralAdministrative": 8740000, "nonRecurring": {}, "otherOperatingExpenses": 2391000, "totalOperatingExpenses": 14835000, "operatingIncome": 8834000, "totalOtherIncomeExpenseNet": -257000, "ebit": 8834000, "interestExpense": -550000, "incomeBeforeTax": 8577000, "incomeTaxExpense": 2553000, "minorityInterest": {}, "netIncomeFromContinuingOps": 6024000, "discontinuedOperations": {}, "extraordinaryItems": {}, "effectOfAccountingCharges": {}, "otherItems": {}, "netIncome": 5567000, "netIncomeApplicableToCommonShares": 5567000}, {"maxAge": 1, "endDate": "2020-03-31", "totalRevenue": 24200953, "costOfRevenue": 4214247, "grossProfit": 19986706, "researchDevelopment": {}, "sellingGeneralAdministrative": 10395292, "nonRecurring": {}, "otherOperatingExpenses": 832633, "totalOperatingExpenses": 19143648, "operatingIncome": 5057305, "totalOtherIncomeExpenseNet": -8078, "ebit": 5057305, "interestExpense": -508579, "incomeBeforeTax": 5049226, "incomeTaxExpense": 1371016, "minorityInterest": 22604505, "netIncomeFromContinuingOps": 3678210, "discontinuedOperations": {}, "extraordinaryItems": {}, "effectOfAccountingCharges": {}, "otherItems": {}, "netIncome": 3295127, "netIncomeApplicableToCommonShares": 3295127}, {"maxAge": 1, "endDate": "2019-12-31", "totalRevenue": 25210000, "costOfRevenue": 0, "grossProfit": 25210000, "researchDevelopment": {}, "sellingGeneralAdministrative": 9163000, "nonRecurring": {}, "otherOperatingExpenses": 5186000, "totalOperatingExpenses": 18041000, "operatingIncome": 7169000, "totalOtherIncomeExpenseNet": 351000, "ebit": 7169000, "interestExpense": -495000, "incomeBeforeTax": 7520000, "incomeTaxExpense": 1154000, "minorityInterest": 22604505, "netIncomeFromContinuingOps": 6366000, "discontinuedOperations": {}, "extraordinaryItems": {}, "effectOfAccountingCharges": {}, "otherItems": {}, "netIncome": 5988000, "netIncomeApplicableToCommonShares": 5988000}, {"maxAge": 1, "endDate": "2019-09-30", "totalRevenue": 24322000, "costOfRevenue": 0, "grossProfit": 24322000, "researchDevelopment": {}, "sellingGeneralAdministrative": 9282000, "nonRecurring": {}, "otherOperatingExpenses": 4300000, "totalOperatingExpenses": 17314000, "operatingIncome": 7008000, "totalOtherIncomeExpenseNet": -2055000, "ebit": 7008000, "interestExpense": -3027000, "incomeBeforeTax": 4953000, "incomeTaxExpense": 1862000, "minorityInterest": 22604505, "netIncomeFromContinuingOps": 3091000, "discontinuedOperations": {}, "extraordinaryItems": {}, "effectOfAccountingCharges": {}, "otherItems": {}, "netIncome": 2575000, "netIncomeApplicableToCommonShares": 2575000}], "maxAge": 86400}, "cashflowStatementHistoryQuarterly": {"cashflowStatements": [{"maxAge": 1, "endDate": "2020-06-30", "netIncome": 5567000, "changeToLiabilities": 0}, {"maxAge": 1, "endDate": "2020-03-31", "netIncome": 3295127, "changeToLiabilities": 0}, {"maxAge": 1, "endDate": "2019-12-31", "netIncome": 5988000, "changeToLiabilities": 0}, {"maxAge": 1, "endDate": "2019-09-30", "netIncome": 2575000, "changeToLiabilities": 0}], "maxAge": 86400}, "insiderHolders": {"holders": [{"maxAge": 1, "name": "Agarwal (Prashant)", "relation": "UNREPORTED", "url": "", "transactionDescription": "Sale", "latestTransDate": "2020-09-18", "positionDirect": 0, "positionDirectDate": "2020-09-18"}, {"maxAge": 1, "name": "Bhoruka Finance Corporation of India Ltd", "relation": "Promoter", "url": "", "transactionDescription": "Other", "latestTransDate": "2019-07-03", "positionDirect": 0, "positionDirectDate": "2019-07-03"}, {"maxAge": 1, "name": "Bhoruka International Pvt Ltd", "relation": "Promoter", "url": "", "transactionDescription": "Other", "latestTransDate": "2019-07-03", "positionDirect": 0, "positionDirectDate": "2019-07-03"}, {"maxAge": 1, "name": "Kumar (Baranwal Naresh)", "relation": "UNREPORTED", "url": "", "transactionDescription": "Sale", "latestTransDate": "2020-09-08", "positionDirect": 0, "positionDirectDate": "2020-09-08"}, {"maxAge": 1, "name": "Naresh (Kavita)", "relation": "UNREPORTED", "url": "", "transactionDescription": "Sale", "latestTransDate": "2020-09-08", "positionDirect": 0, "positionDirectDate": "2020-09-08"}, {"maxAge": 1, "name": "TDL Real Estate Holdings Ltd.", "relation": "Institution- Corporation", "url": "", "transactionDescription": "Other", "latestTransDate": "2019-07-03", "positionDirect": 1749191, "positionDirectDate": "2019-07-03"}, {"maxAge": 1, "name": "XPS Cargo Services Ltd", "relation": "Promoter", "url": "", "transactionDescription": "Other", "latestTransDate": "2019-07-03", "positionDirect": 0, "positionDirectDate": "2019-07-03"}], "maxAge": 1}, "calendarEvents": {"maxAge": 1, "earnings": {"earningsDate": []}}, "price": {"maxAge": 1, "regularMarketChangePercent": 0.006730789, "regularMarketChange": 2.100006, "regularMarketTime": "2021-04-30 14:31:49", "priceHint": 2, "regularMarketPrice": 314.1, "regularMarketDayHigh": 314.1, "regularMarketDayLow": 311.95, "regularMarketVolume": 32, "averageDailyVolume10Day": 243, "averageDailyVolume3Month": 841, "regularMarketPreviousClose": 312.0, "regularMarketSource": "FREE_REALTIME", "regularMarketOpen": 311.95, "exchange": "BSE", "exchangeName": "BSE", "exchangeDataDelayedBy": 0, "marketState": "CLOSED", "quoteType": "EQUITY", "symbol": "TCIDEVELOP.BO", "underlyingSymbol": null, "shortName": "TCI DEVELOPERS LTD.", "longName": "TCI Developers Limited", "currency": "INR", "quoteSourceName": "Delayed Quote", "currencySymbol": "\u20b9", "fromCurrency": null, "toCurrency": null, "lastMarket": null, "marketCap": 1171414016}, "balanceSheetHistory": {"balanceSheetStatements": [{"maxAge": 1, "endDate": "2020-03-31", "cash": 28915895, "netReceivables": 10955718, "inventory": 28468268, "otherCurrentAssets": 23585501, "totalCurrentAssets": 91925382, "propertyPlantEquipment": 917043604, "goodWill": 195915, "intangibleAssets": 4250, "otherAssets": 66694907, "totalAssets": 1075864058, "accountsPayable": 3676340, "shortLongTermDebt": 1252551, "otherCurrentLiab": 116205959, "longTermDebt": 99468295, "otherLiab": 4443800, "deferredLongTermLiab": 1677240, "minorityInterest": 22604505, "totalCurrentLiabilities": 124119739, "totalLiab": 228031834, "commonStock": 37294310, "retainedEarnings": 787752115, "treasuryStock": 181294, "otherStockholderEquity": 181294, "totalStockholderEquity": 825227719, "netTangibleAssets": 825027554}, {"maxAge": 1, "endDate": "2019-03-31", "cash": 131821695, "netReceivables": 21073831, "inventory": 28396051, "otherCurrentAssets": 25718301, "totalCurrentAssets": 207009878, "propertyPlantEquipment": 879878825, "goodWill": 195915, "intangibleAssets": 4250, "otherAssets": 40339877, "totalAssets": 1127428745, "accountsPayable": 2757644, "shortLongTermDebt": 8849714, "otherCurrentLiab": 117126064, "longTermDebt": 99052439, "otherLiab": 7322511, "deferredLongTermLiab": 1677240, "minorityInterest": 21102422, "totalCurrentLiabilities": 193356075, "totalLiab": 299731025, "commonStock": 37294310, "retainedEarnings": 769300988, "treasuryStock": 790404000, "otherStockholderEquity": 790404000, "totalStockholderEquity": 806595298, "netTangibleAssets": 806395133}, {"maxAge": 1, "endDate": "2018-03-31", "cash": 3051561, "netReceivables": 2087091, "inventory": 28265687, "otherCurrentAssets": 23038694, "totalCurrentAssets": 56443033, "propertyPlantEquipment": 976711112, "goodWill": 195915, "intangibleAssets": 4250, "otherAssets": 16518298, "totalAssets": 1049872608, "accountsPayable": 255683, "shortLongTermDebt": 28748840, "otherCurrentLiab": 113398372, "longTermDebt": 148608285, "otherLiab": 4783716, "deferredLongTermLiab": 3365698, "minorityInterest": 20943913, "totalCurrentLiabilities": 209473058, "totalLiab": 362865059, "commonStock": 37294310, "retainedEarnings": 628769326, "totalStockholderEquity": 666063636, "netTangibleAssets": 665863471}, {"maxAge": 1, "endDate": "2017-03-31", "cash": 105843005, "netReceivables": 4062579, "inventory": 28396355, "otherCurrentAssets": 13511814, "totalCurrentAssets": 151813753, "propertyPlantEquipment": 987164934, "goodWill": 195915, "intangibleAssets": 4250, "otherAssets": 18325298, "totalAssets": 1157504150, "accountsPayable": 273683, "shortLongTermDebt": 52062500, "otherCurrentLiab": 104309774, "longTermDebt": 324487500, "otherLiab": 9576543, "deferredLongTermLiab": 3365698, "minorityInterest": 20865534, "totalCurrentLiabilities": 166086575, "totalLiab": 500150618, "commonStock": 37294310, "retainedEarnings": 599193688, "totalStockholderEquity": 636487998, "netTangibleAssets": 636287833}], "maxAge": 86400}, "financialData": {"maxAge": 86400, "currentPrice": 314.1, "recommendationKey": "none", "grossProfits": 95479706, "financialCurrency": "INR"}}}