{"TCIFINANCE.NS": {"assetProfile": {"address1": "Plot No. 20", "address2": "4th Floor, Survey No-12 Kothaguda Kondapur", "city": "Hyderabad", "zip": "500084", "country": "India", "phone": "91 40 7120 4284", "fax": "91 40 2311 2318", "website": "http://www.tcifl.in", "industry": "Credit Services", "sector": "Financial Services", "longBusinessSummary": "TCI Finance Limited operates as a non-banking finance company in India. The company offers loans against securities, commercial vehicle finance, global IP convention, IP valuation, and other financial services, as well as patents, trademark, and copyright services. The company was incorporated in 1973 and is based in Hyderabad, India.", "fullTimeEmployees": 5, "companyOfficers": [{"maxAge": 1, "name": "Ms. Srishti  Soni", "age": 27, "title": "Company Sec. & Compliance Officer", "yearBorn": 1993, "fiscalYear": 2020, "totalPay": 432000, "exercisedValue": 0, "unexercisedValue": 0}, {"maxAge": 1, "name": "Mr. Santhosh  Kumar", "age": 54, "title": "Chief Financial Officer", "yearBorn": 1966, "exercisedValue": 0, "unexercisedValue": 0}], "compensationAsOfEpochDate": "2020-12-31 05:30:00", "maxAge": 86400}, "cashflowStatementHistory": {"cashflowStatements": [{"maxAge": 1, "endDate": "2020-03-31", "netIncome": -523188000, "depreciation": 215000, "changeToNetincome": 244592000, "changeToLiabilities": -74000, "changeToOperatingActivities": 49784000, "totalCashFromOperatingActivities": -228666000, "capitalExpenditures": -316000, "investments": 251235000, "otherCashflowsFromInvestingActivities": 3414000, "totalCashflowsFromInvestingActivities": 254333000, "netBorrowings": -25242000, "totalCashFromFinancingActivities": -25242000, "changeInCash": 426000}, {"maxAge": 1, "endDate": "2019-03-31", "netIncome": 24661000, "depreciation": 204000, "changeToNetincome": 167040000, "changeToLiabilities": -605000, "changeToOperatingActivities": -47255000, "totalCashFromOperatingActivities": 144050000, "capitalExpenditures": -316000, "investments": 26286000, "otherCashflowsFromInvestingActivities": 4454000, "totalCashflowsFromInvestingActivities": 31908000, "netBorrowings": -177055000, "totalCashFromFinancingActivities": -177055000, "changeInCash": -1098000}, {"maxAge": 1, "endDate": "2018-03-31", "netIncome": 16736118, "depreciation": 428983, "changeToNetincome": -27337829, "changeToLiabilities": 2027085, "changeToOperatingActivities": 40795697, "totalCashFromOperatingActivities": 32651698, "capitalExpenditures": -17700, "investments": 3869701, "otherCashflowsFromInvestingActivities": 4824220, "totalCashflowsFromInvestingActivities": 8676221, "netBorrowings": -41422835, "totalCashFromFinancingActivities": -41422835, "changeInCash": -94916}, {"maxAge": 1, "endDate": "2017-03-31", "netIncome": 36425086, "depreciation": 622801, "changeToNetincome": 7528379, "changeToLiabilities": 2529138, "changeToOperatingActivities": -15356878, "totalCashFromOperatingActivities": 31748526, "capitalExpenditures": -209952, "investments": -210000, "otherCashflowsFromInvestingActivities": 8454215, "totalCashflowsFromInvestingActivities": 19034263, "netBorrowings": -49920896, "totalCashFromFinancingActivities": -49920896, "changeInCash": 861893}], "maxAge": 86400}, "institutionOwnership": {"maxAge": 1, "ownershipList": []}, "majorHoldersBreakdown": {"maxAge": 1, "insidersPercentHeld": 0.39736998, "institutionsPercentHeld": 0.0, "institutionsFloatPercentHeld": 0.0, "institutionsCount": 0}, "balanceSheetHistoryQuarterly": {"balanceSheetStatements": [{"maxAge": 1, "endDate": "2020-12-31", "totalStockholderEquity": -397600000, "netTangibleAssets": -397600000}, {"maxAge": 1, "endDate": "2020-09-30", "cash": 1500000, "netReceivables": 417400000, "otherCurrentAssets": 16200000, "totalCurrentAssets": 435100000, "longTermInvestments": 282600000, "propertyPlantEquipment": 4100000, "otherAssets": 8800000, "totalAssets": 730600000, "accountsPayable": 3500000, "longTermDebt": 315300000, "otherLiab": 809400000, "totalCurrentLiabilities": 3500000, "totalLiab": 1128200000, "commonStock": 128700000, "treasuryStock": -526300000, "otherStockholderEquity": -526300000, "totalStockholderEquity": -397600000, "netTangibleAssets": -397600000}, {"maxAge": 1, "endDate": "2020-06-30", "totalStockholderEquity": -430771000, "netTangibleAssets": -430777000}, {"maxAge": 1, "endDate": "2019-12-31"}], "maxAge": 86400}, "indexTrend": {"maxAge": 1, "symbol": "SP5", "peRatio": 19.7411, "pegRatio": 1.34172, "estimates": [{"period": "0q", "growth": 0.549}, {"period": "+1q", "growth": 0.431}, {"period": "0y", "growth": 0.305}, {"period": "+1y", "growth": 0.109}, {"period": "+5y", "growth": 0.120865}, {"period": "-5y"}]}, "defaultKeyStatistics": {"maxAge": 1, "priceHint": 4, "enterpriseValue": 376875200, "profitMargins": 0.0, "floatShares": 6882536, "sharesOutstanding": 12872500, "heldPercentInsiders": 0.39736998, "heldPercentInstitutions": 0.0, "beta": 1.53449, "category": null, "bookValue": -30.672, "fundFamily": null, "legalType": null, "lastFiscalYearEnd": "2020-03-31 05:30:00", "nextFiscalYearEnd": "2022-03-31 05:30:00", "mostRecentQuarter": "2020-12-31 05:30:00", "netIncomeToCommon": -452488000, "trailingEps": -40.644, "lastSplitFactor": null, "enterpriseToRevenue": -3.082, "52WeekChange": -0.17543858, "SandP52WeekChange": 0.48148263}, "summaryProfile": {"address1": "Plot No. 20", "address2": "4th Floor, Survey No-12 Kothaguda Kondapur", "city": "Hyderabad", "zip": "500084", "country": "India", "phone": "91 40 7120 4284", "fax": "91 40 2311 2318", "website": "http://www.tcifl.in", "industry": "Credit Services", "sector": "Financial Services", "longBusinessSummary": "TCI Finance Limited operates as a non-banking finance company in India. The company offers loans against securities, commercial vehicle finance, global IP convention, IP valuation, and other financial services, as well as patents, trademark, and copyright services. The company was incorporated in 1973 and is based in Hyderabad, India.", "fullTimeEmployees": 5, "companyOfficers": [], "maxAge": 86400}, "netSharePurchaseActivity": {"maxAge": 1, "period": "6m", "buyInfoCount": 0, "buyInfoShares": 0, "sellInfoCount": 0, "netInfoCount": 0, "netInfoShares": 0, "netPercentInsiderShares": 0.0, "totalInsiderShares": 5115142}, "insiderTransactions": {"transactions": [{"maxAge": 1, "shares": 355479, "filerUrl": "", "transactionText": "", "filerName": "Dhruv Agarwal Benefit Trust", "filerRelation": "Promoter", "moneyText": "", "startDate": "2019-12-13", "ownership": "D"}, {"maxAge": 1, "shares": 400300, "filerUrl": "", "transactionText": "", "filerName": "Gati Intellect Systems Ltd", "filerRelation": "Promoter", "moneyText": "", "startDate": "2019-11-01", "ownership": "D"}, {"maxAge": 1, "shares": 1600300, "filerUrl": "", "transactionText": "", "filerName": "Gati Ltd", "filerRelation": "Promoter", "moneyText": "", "startDate": "2019-11-01", "ownership": "D"}, {"maxAge": 1, "shares": 1200000, "filerUrl": "", "transactionText": "", "filerName": "Giri Roadlines and Commercial Trading Pvt. Ltd.", "filerRelation": "Promoter", "moneyText": "", "startDate": "2019-11-01", "ownership": "D"}, {"maxAge": 1, "shares": 14100, "filerUrl": "", "transactionText": "", "filerName": "Manish Agarwal Benefit Trust", "filerRelation": "Promoter", "moneyText": "", "startDate": "2017-08-30", "ownership": "D"}, {"maxAge": 1, "shares": 4650, "filerUrl": "", "transactionText": "", "filerName": "Dhruv Agarwal Benefit Trust", "filerRelation": "Promoter", "moneyText": "", "startDate": "2017-08-30", "ownership": "D"}, {"maxAge": 1, "shares": 15066, "filerUrl": "", "transactionText": "", "filerName": "Manish Agarwal Benefit Trust", "filerRelation": "Promoter", "moneyText": "", "startDate": "2017-08-29", "ownership": "D"}, {"maxAge": 1, "shares": 16625, "filerUrl": "", "transactionText": "", "filerName": "Dhruv Agarwal Benefit Trust", "filerRelation": "Promoter", "moneyText": "", "startDate": "2016-08-12", "ownership": "D"}, {"maxAge": 1, "shares": 80000, "filerUrl": "", "transactionText": "", "filerName": "Manish Agarwal Benefit Trust", "filerRelation": "Promoter", "moneyText": "", "startDate": "2016-08-12", "ownership": "D"}, {"maxAge": 1, "shares": 2000, "filerUrl": "", "transactionText": "", "filerName": "Dhruv Agarwal Benefit Trust", "filerRelation": "Promoter", "moneyText": "", "startDate": "2016-08-12", "ownership": "D"}, {"maxAge": 1, "shares": 30000, "filerUrl": "", "transactionText": "", "filerName": "Manish Agarwal Benefit Trust", "filerRelation": "Promoter", "moneyText": "", "startDate": "2016-08-12", "ownership": "D"}, {"maxAge": 1, "shares": 6059, "filerUrl": "", "transactionText": "", "filerName": "Dhruv Agarwal Benefit Trust", "filerRelation": "Promoter", "moneyText": "", "startDate": "2016-08-11", "ownership": "D"}, {"maxAge": 1, "shares": 17316, "filerUrl": "", "transactionText": "", "filerName": "Dhruv Agarwal Benefit Trust", "filerRelation": "Promoter", "moneyText": "", "startDate": "2016-08-11", "ownership": "D"}, {"maxAge": 1, "shares": 55400, "filerUrl": "", "transactionText": "", "filerName": "Jubilee Commercial & Trading Pvt Ltd", "filerRelation": "Promoter", "moneyText": "", "startDate": "2015-12-16", "ownership": "D"}, {"maxAge": 1, "shares": 9700, "filerUrl": "", "transactionText": "", "filerName": "Manish Agarwal Benefit Trust", "filerRelation": "Promoter", "moneyText": "", "startDate": "2015-12-14", "ownership": "D"}, {"maxAge": 1, "shares": 3642, "filerUrl": "", "transactionText": "", "filerName": "Dhruv Agarwal Benefit Trust", "filerRelation": "Promoter", "moneyText": "", "startDate": "2015-12-14", "ownership": "D"}, {"maxAge": 1, "shares": 77700, "filerUrl": "", "transactionText": "", "filerName": "Jubilee Commercial & Trading Pvt Ltd", "filerRelation": "Promoter", "moneyText": "", "startDate": "2015-09-04", "ownership": "D"}, {"maxAge": 1, "shares": 27534, "filerUrl": "", "transactionText": "", "filerName": "Bunny Investments & Finance Pvt. Ltd", "filerRelation": "Promoter", "moneyText": "", "startDate": "2015-08-26", "ownership": "D"}, {"maxAge": 1, "shares": 27280, "filerUrl": "", "transactionText": "", "filerName": "Jubilee Commercial & Trading Pvt Ltd", "filerRelation": "Promoter", "moneyText": "", "startDate": "2015-08-24", "ownership": "D"}, {"maxAge": 1, "shares": 85375, "filerUrl": "", "transactionText": "", "filerName": "Manish Agarwal Benefit Trust", "filerRelation": "Promoter", "moneyText": "", "startDate": "2015-08-21", "ownership": "D"}, {"maxAge": 1, "shares": 95000, "filerUrl": "", "transactionText": "", "filerName": "Jubilee Commercial & Trading Pvt Ltd", "filerRelation": "Promoter", "moneyText": "", "startDate": "2015-06-26", "ownership": "D"}, {"maxAge": 1, "shares": 61950, "filerUrl": "", "transactionText": "", "filerName": "Jubilee Commercial & Trading Pvt Ltd", "filerRelation": "UNREPORTED", "moneyText": "", "startDate": "2015-06-18", "ownership": "D"}, {"maxAge": 1, "shares": 97440, "filerUrl": "", "transactionText": "", "filerName": "Dhruv Agarwal Benefit Trust", "filerRelation": "Promoter", "moneyText": "", "startDate": "2015-05-29", "ownership": "D"}, {"maxAge": 1, "shares": 52000, "filerUrl": "", "transactionText": "", "filerName": "Dhruv Agarwal Benefit Trust", "filerRelation": "Promoter", "moneyText": "", "startDate": "2015-05-07", "ownership": "D"}, {"maxAge": 1, "shares": 14247, "filerUrl": "", "transactionText": "", "filerName": "Dhruv Agarwal Benefit Trust", "filerRelation": "Promoter", "moneyText": "", "startDate": "2015-05-06", "ownership": "D"}, {"maxAge": 1, "shares": 19979, "filerUrl": "", "transactionText": "", "filerName": "Manish Agarwal Benefit Trust", "filerRelation": "Promoter", "moneyText": "", "startDate": "2015-05-06", "ownership": "D"}, {"maxAge": 1, "shares": 9500, "filerUrl": "", "transactionText": "", "filerName": "Manish Agarwal Benefit Trust", "filerRelation": "Promoter", "moneyText": "", "startDate": "2015-05-05", "ownership": "D"}, {"maxAge": 1, "shares": 9500, "filerUrl": "", "transactionText": "", "filerName": "Manish Agarwal Benefit Trust", "filerRelation": "Promoter", "moneyText": "", "startDate": "2015-03-26", "ownership": "D"}, {"maxAge": 1, "shares": 23000, "filerUrl": "", "transactionText": "", "filerName": "Agarwal (Mahendra Kumar)", "filerRelation": "Promoter", "moneyText": "", "startDate": "2015-03-25", "ownership": "D"}, {"maxAge": 1, "shares": 3000, "filerUrl": "", "transactionText": "", "filerName": "Dhruv Agarwal Benefit Trust", "filerRelation": "Promoter", "moneyText": "", "startDate": "2015-03-25", "ownership": "D"}, {"maxAge": 1, "shares": 6000, "filerUrl": "", "transactionText": "", "filerName": "Manish Agarwal Benefit Trust", "filerRelation": "Promoter", "moneyText": "", "startDate": "2014-12-31", "ownership": "D"}, {"maxAge": 1, "shares": 42000, "filerUrl": "", "transactionText": "", "filerName": "Dhruv Agarwal Benefit Trust", "filerRelation": "Promoter", "moneyText": "", "startDate": "2014-12-31", "ownership": "D"}, {"maxAge": 1, "shares": 38826, "filerUrl": "", "transactionText": "", "filerName": "Manish Agarwal Benefit Trust", "filerRelation": "Promoter", "moneyText": "", "startDate": "2014-12-30", "ownership": "D"}, {"maxAge": 1, "shares": 3000, "filerUrl": "", "transactionText": "", "filerName": "Dhruv Agarwal Benefit Trust", "filerRelation": "Promoter", "moneyText": "", "startDate": "2014-12-30", "ownership": "D"}, {"maxAge": 1, "shares": 13391, "filerUrl": "", "transactionText": "", "filerName": "Manish Agarwal Benefit Trust", "filerRelation": "Promoter", "moneyText": "", "startDate": "2014-12-29", "ownership": "D"}, {"maxAge": 1, "shares": 16523, "filerUrl": "", "transactionText": "", "filerName": "Manish Agarwal Benefit Trust", "filerRelation": "Institution- Corporation", "moneyText": "", "startDate": "2014-09-15", "ownership": "D"}, {"maxAge": 1, "shares": 16000, "filerUrl": "", "transactionText": "", "filerName": "Dhruv Agarwal Benefit Trust", "filerRelation": "Promoter", "moneyText": "", "startDate": "2014-09-15", "ownership": "D"}, {"maxAge": 1, "shares": 20564, "filerUrl": "", "transactionText": "", "filerName": "Manish Agarwal Benefit Trust", "filerRelation": "Institution- Corporation", "moneyText": "", "startDate": "2014-09-11", "ownership": "D"}, {"maxAge": 1, "shares": 17500, "filerUrl": "", "transactionText": "", "filerName": "Dhruv Agarwal Benefit Trust", "filerRelation": "Promoter", "moneyText": "", "startDate": "2014-08-26", "ownership": "D"}, {"maxAge": 1, "shares": 60000, "filerUrl": "", "transactionText": "", "filerName": "Dhruv Agarwal Benefit Trust", "filerRelation": "Promoter", "moneyText": "", "startDate": "2014-08-25", "ownership": "D"}, {"maxAge": 1, "shares": 10000, "filerUrl": "", "transactionText": "", "filerName": "Bunny Investments & Finance Pvt. Ltd", "filerRelation": "Promoter", "moneyText": "", "startDate": "2012-04-16", "ownership": "D"}, {"maxAge": 1, "shares": 14509, "filerUrl": "", "transactionText": "", "filerName": "Bunny Investments & Finance Pvt. Ltd", "filerRelation": "Promoter", "moneyText": "", "startDate": "2012-04-12", "ownership": "D"}], "maxAge": 1}, "quoteType": {"exchange": "NSI", "quoteType": "EQUITY", "symbol": "TCIFINANCE.NS", "underlyingSymbol": "TCIFINANCE.NS", "shortName": "TCI FINANCE LTD", "longName": "TCI Finance Limited", "firstTradeDateEpochUtc": "2003-05-23 09:15:00", "timeZoneFullName": "Asia/Kolkata", "timeZoneShortName": "IST", "uuid": "9bd2f0ad-1739-32b8-a782-bbbaadab8165", "messageBoardId": "finmb_20684135", "gmtOffSetMilliseconds": 19800000, "maxAge": 1}, "incomeStatementHistory": {"incomeStatementHistory": [{"maxAge": 1, "endDate": "2020-03-31", "totalRevenue": -161384000, "costOfRevenue": 0, "grossProfit": -161384000, "researchDevelopment": {}, "sellingGeneralAdministrative": 7311000, "nonRecurring": {}, "otherOperatingExpenses": 5286000, "totalOperatingExpenses": 12817000, "operatingIncome": -174201000, "totalOtherIncomeExpenseNet": -348726000, "ebit": 0, "interestExpense": {}, "incomeBeforeTax": -522927000, "incomeTaxExpense": 261000, "minorityInterest": {}, "netIncomeFromContinuingOps": -523188000, "discontinuedOperations": {}, "extraordinaryItems": {}, "effectOfAccountingCharges": {}, "otherItems": {}, "netIncome": -523188000, "netIncomeApplicableToCommonShares": -523188000}, {"maxAge": 1, "endDate": "2019-03-31", "totalRevenue": 35664000, "costOfRevenue": 0, "grossProfit": 35664000, "researchDevelopment": {}, "sellingGeneralAdministrative": 6656000, "nonRecurring": {}, "otherOperatingExpenses": -1778000, "totalOperatingExpenses": 5087000, "operatingIncome": 30577000, "totalOtherIncomeExpenseNet": 4406000, "ebit": 0, "interestExpense": {}, "incomeBeforeTax": 34983000, "incomeTaxExpense": 10322000, "minorityInterest": {}, "netIncomeFromContinuingOps": 24661000, "discontinuedOperations": {}, "extraordinaryItems": {}, "effectOfAccountingCharges": {}, "otherItems": {}, "netIncome": 24661000, "netIncomeApplicableToCommonShares": 24661000}, {"maxAge": 1, "endDate": "2018-03-31", "totalRevenue": 46095827, "costOfRevenue": 0, "grossProfit": 46095827, "researchDevelopment": {}, "sellingGeneralAdministrative": 9229162, "nonRecurring": {}, "otherOperatingExpenses": 16146068, "totalOperatingExpenses": 25805857, "operatingIncome": 20289970, "totalOtherIncomeExpenseNet": 194616, "ebit": 0, "interestExpense": {}, "incomeBeforeTax": 20484586, "incomeTaxExpense": 3748468, "minorityInterest": {}, "netIncomeFromContinuingOps": 16736118, "discontinuedOperations": {}, "extraordinaryItems": {}, "effectOfAccountingCharges": {}, "otherItems": {}, "netIncome": 16736118, "netIncomeApplicableToCommonShares": 16736118}, {"maxAge": 1, "endDate": "2017-03-31", "totalRevenue": 52769928, "costOfRevenue": 0, "grossProfit": 52769928, "researchDevelopment": {}, "sellingGeneralAdministrative": 11604001, "nonRecurring": {}, "otherOperatingExpenses": 15643504, "totalOperatingExpenses": 28167466, "operatingIncome": 24602462, "totalOtherIncomeExpenseNet": 18487441, "ebit": 0, "interestExpense": {}, "incomeBeforeTax": 43089903, "incomeTaxExpense": 6664817, "minorityInterest": {}, "netIncomeFromContinuingOps": 36425086, "discontinuedOperations": {}, "extraordinaryItems": {}, "effectOfAccountingCharges": {}, "otherItems": {}, "netIncome": 36425086, "netIncomeApplicableToCommonShares": 36425086}], "maxAge": 86400}, "fundOwnership": {"maxAge": 1, "ownershipList": []}, "summaryDetail": {"maxAge": 1, "priceHint": 4, "previousClose": 4.9, "open": 4.9, "dayLow": 4.7, "dayHigh": 4.9, "regularMarketPreviousClose": 4.9, "regularMarketOpen": 4.9, "regularMarketDayLow": 4.7, "regularMarketDayHigh": 4.9, "payoutRatio": 0.0, "beta": 1.53449, "volume": 11507, "regularMarketVolume": 11507, "averageVolume": 14929, "averageVolume10days": 3486, "averageDailyVolume10Day": 3486, "bid": 0.0, "ask": 0.0, "bidSize": 0, "askSize": 0, "marketCap": 61117856, "fiftyTwoWeekLow": 3.95, "fiftyTwoWeekHigh": 8.7, "priceToSalesTrailing12Months": -0.49980256, "fiftyDayAverage": 5.409091, "twoHundredDayAverage": 5.040845, "currency": "INR", "fromCurrency": null, "toCurrency": null, "lastMarket": null, "algorithm": null, "tradeable": false}, "incomeStatementHistoryQuarterly": {"incomeStatementHistory": [{"maxAge": 1, "endDate": "2020-12-31", "totalRevenue": 12400000, "costOfRevenue": 0, "grossProfit": 12400000, "researchDevelopment": {}, "sellingGeneralAdministrative": 1300000, "nonRecurring": {}, "otherOperatingExpenses": 1800000, "totalOperatingExpenses": 3200000, "operatingIncome": 9200000, "totalOtherIncomeExpenseNet": 0, "ebit": 0, "interestExpense": {}, "incomeBeforeTax": 9200000, "incomeTaxExpense": 4900000, "minorityInterest": {}, "netIncomeFromContinuingOps": 4300000, "discontinuedOperations": {}, "extraordinaryItems": {}, "effectOfAccountingCharges": {}, "otherItems": {}, "netIncome": 4300000, "netIncomeApplicableToCommonShares": 4300000}, {"maxAge": 1, "endDate": "2020-09-30", "totalRevenue": 11300000, "costOfRevenue": 0, "grossProfit": 11300000, "researchDevelopment": {}, "sellingGeneralAdministrative": 1100000, "nonRecurring": {}, "otherOperatingExpenses": 3200000, "totalOperatingExpenses": 4300000, "operatingIncome": 7000000, "totalOtherIncomeExpenseNet": 0, "ebit": 0, "interestExpense": {}, "incomeBeforeTax": 7000000, "incomeTaxExpense": 0, "minorityInterest": {}, "netIncomeFromContinuingOps": 7000000, "discontinuedOperations": {}, "extraordinaryItems": {}, "effectOfAccountingCharges": {}, "otherItems": {}, "netIncome": 7000000, "netIncomeApplicableToCommonShares": 7000000}, {"maxAge": 1, "endDate": "2020-06-30", "totalRevenue": 10400000, "costOfRevenue": 0, "grossProfit": 10400000, "researchDevelopment": {}, "sellingGeneralAdministrative": 1000000, "nonRecurring": {}, "otherOperatingExpenses": 1200000, "totalOperatingExpenses": 2300000, "operatingIncome": 8100000, "totalOtherIncomeExpenseNet": 0, "ebit": 0, "interestExpense": {}, "incomeBeforeTax": 8100000, "incomeTaxExpense": 0, "minorityInterest": {}, "netIncomeFromContinuingOps": 8100000, "discontinuedOperations": {}, "extraordinaryItems": {}, "effectOfAccountingCharges": {}, "otherItems": {}, "netIncome": 8100000, "netIncomeApplicableToCommonShares": 8100000}, {"maxAge": 1, "endDate": "2019-12-31", "totalRevenue": 1000000, "costOfRevenue": 0, "grossProfit": 1000000, "researchDevelopment": {}, "sellingGeneralAdministrative": 1300000, "nonRecurring": {}, "otherOperatingExpenses": 900000, "totalOperatingExpenses": 2200000, "operatingIncome": -1200000, "totalOtherIncomeExpenseNet": 0, "ebit": 0, "interestExpense": {}, "incomeBeforeTax": -1200000, "incomeTaxExpense": 0, "minorityInterest": {}, "netIncomeFromContinuingOps": -1200000, "discontinuedOperations": {}, "extraordinaryItems": {}, "effectOfAccountingCharges": {}, "otherItems": {}, "netIncome": -1200000, "netIncomeApplicableToCommonShares": -1200000}], "maxAge": 86400}, "cashflowStatementHistoryQuarterly": {"cashflowStatements": [{"maxAge": 1, "endDate": "2020-12-31", "netIncome": 4300000, "changeToLiabilities": 0}, {"maxAge": 1, "endDate": "2020-09-30", "netIncome": 7000000, "changeToLiabilities": 0}, {"maxAge": 1, "endDate": "2020-06-30", "netIncome": 8100000, "changeToLiabilities": 0}, {"maxAge": 1, "endDate": "2019-12-31", "netIncome": -1200000, "changeToLiabilities": 0}], "maxAge": 86400}, "insiderHolders": {"holders": [{"maxAge": 1, "name": "Agarwal (Mahendra Kumar)", "relation": "Promoter", "url": "", "transactionDescription": "Acquisition", "latestTransDate": "2015-03-25", "positionDirect": 128265, "positionDirectDate": "2015-03-25"}, {"maxAge": 1, "name": "Bunny Investments & Finance Pvt. Ltd", "relation": "Promoter", "url": "", "transactionDescription": "Acquisition", "latestTransDate": "2015-08-26", "positionDirect": 554856, "positionDirectDate": "2015-08-26"}, {"maxAge": 1, "name": "Dhruv Agarwal Benefit Trust", "relation": "Promoter", "url": "", "transactionDescription": "Other", "latestTransDate": "2019-12-13", "positionDirect": 0, "positionDirectDate": "2019-12-13"}, {"maxAge": 1, "name": "Gati Intellect Systems Ltd", "relation": "Promoter", "url": "", "transactionDescription": "Purchase", "latestTransDate": "2019-11-01", "positionDirect": 415200, "positionDirectDate": "2019-11-01"}, {"maxAge": 1, "name": "Gati Ltd", "relation": "Promoter", "url": "", "transactionDescription": "Sale", "latestTransDate": "2019-11-01", "positionDirect": 0, "positionDirectDate": "2019-11-01"}, {"maxAge": 1, "name": "Giri Roadlines and Commercial Trading Pvt. Ltd.", "relation": "Promoter", "url": "", "transactionDescription": "Purchase", "latestTransDate": "2019-11-01", "positionDirect": 1219171, "positionDirectDate": "2019-11-01"}, {"maxAge": 1, "name": "Jubilee Commercial & Trading Pvt Ltd", "relation": "Promoter", "url": "", "transactionDescription": "Acquisition", "latestTransDate": "2015-12-16", "positionDirect": 320677, "positionDirectDate": "2015-12-16"}, {"maxAge": 1, "name": "Manish Agarwal Benefit Trust", "relation": "Promoter", "url": "", "transactionDescription": "Acquisition", "latestTransDate": "2017-08-30", "positionDirect": 380343, "positionDirectDate": "2017-08-30"}], "maxAge": 1}, "calendarEvents": {"maxAge": 1, "earnings": {"earningsDate": []}}, "price": {"maxAge": 1, "regularMarketChangePercent": -0.04081638, "regularMarketChange": -0.20000029, "regularMarketTime": "2021-04-30 15:14:50", "priceHint": 4, "regularMarketPrice": 4.7, "regularMarketDayHigh": 4.9, "regularMarketDayLow": 4.7, "regularMarketVolume": 11507, "averageDailyVolume10Day": 3486, "averageDailyVolume3Month": 14929, "regularMarketPreviousClose": 4.9, "regularMarketSource": "FREE_REALTIME", "regularMarketOpen": 4.9, "exchange": "NSI", "exchangeName": "NSE", "exchangeDataDelayedBy": 15, "marketState": "CLOSED", "quoteType": "EQUITY", "symbol": "TCIFINANCE.NS", "underlyingSymbol": null, "shortName": "TCI FINANCE LTD", "longName": "TCI Finance Limited", "currency": "INR", "quoteSourceName": "Delayed Quote", "currencySymbol": "\u20b9", "fromCurrency": null, "toCurrency": null, "lastMarket": null, "marketCap": 61117856}, "balanceSheetHistory": {"balanceSheetStatements": [{"maxAge": 1, "endDate": "2020-03-31", "cash": 1150000, "netReceivables": 435227000, "otherCurrentAssets": 12770000, "totalCurrentAssets": 449147000, "longTermInvestments": 235470000, "propertyPlantEquipment": 4055000, "intangibleAssets": 6000, "otherAssets": 8816000, "totalAssets": 697494000, "accountsPayable": 4207000, "shortLongTermDebt": 180502000, "longTermDebt": 136865000, "otherLiab": 806202000, "totalCurrentLiabilities": 185198000, "totalLiab": 1128265000, "commonStock": 128725000, "retainedEarnings": 113364000, "treasuryStock": -673023000, "capitalSurplus": 163000, "otherStockholderEquity": -673023000, "totalStockholderEquity": -430771000, "netTangibleAssets": -430777000}, {"maxAge": 1, "endDate": "2019-03-31", "cash": 681000, "netReceivables": 361433000, "otherCurrentAssets": 13598000, "totalCurrentAssets": 375712000, "longTermInvestments": 1010011000, "propertyPlantEquipment": 3953000, "intangibleAssets": 12000, "otherAssets": 9077000, "deferredLongTermAssetCharges": 261000, "totalAssets": 1398765000, "accountsPayable": 4281000, "shortLongTermDebt": 197598000, "longTermDebt": 145011000, "otherLiab": 675714000, "totalCurrentLiabilities": 202882000, "totalLiab": 1023607000, "commonStock": 128725000, "retainedEarnings": 374487000, "treasuryStock": -128217000, "capitalSurplus": 163000, "otherStockholderEquity": -128217000, "totalStockholderEquity": 375158000, "netTangibleAssets": 375146000}, {"maxAge": 1, "endDate": "2018-03-31", "cash": 3729280, "netReceivables": 494201136, "otherCurrentAssets": 1506080, "totalCurrentAssets": 499436496, "longTermInvestments": 482204856, "propertyPlantEquipment": 5672650, "otherAssets": 11565649, "deferredLongTermAssetCharges": 701094, "totalAssets": 998879651, "accountsPayable": 6303753, "shortLongTermDebt": 12971945, "otherCurrentLiab": 1039095, "longTermDebt": 163440658, "otherLiab": 1703318, "totalCurrentLiabilities": 367050273, "totalLiab": 532194249, "commonStock": 128724930, "retainedEarnings": 324559266, "treasuryStock": 13238120, "capitalSurplus": 163086, "otherStockholderEquity": 13238120, "totalStockholderEquity": 466685402, "netTangibleAssets": 466685402}, {"maxAge": 1, "endDate": "2017-03-31", "cash": 3824196, "netReceivables": 509306102, "otherCurrentAssets": 1376025, "totalCurrentAssets": 514506323, "longTermInvestments": 482633004, "propertyPlantEquipment": 6083933, "intangibleAssets": 1644, "otherAssets": 9636187, "deferredLongTermAssetCharges": 799562, "totalAssets": 1012861091, "accountsPayable": 4276668, "shortLongTermDebt": 9437872, "otherCurrentLiab": 1230245, "longTermDebt": 198897566, "otherLiab": 1716365, "totalCurrentLiabilities": 362297876, "totalLiab": 562911807, "commonStock": 128724930, "retainedEarnings": 307823148, "treasuryStock": 13238120, "capitalSurplus": 163086, "otherStockholderEquity": 13238120, "totalStockholderEquity": 449949284, "netTangibleAssets": 449947640}], "maxAge": 86400}, "financialData": {"maxAge": 86400, "currentPrice": 4.7, "recommendationKey": "none", "totalCash": 1500000, "totalCashPerShare": 0.117, "totalDebt": 315300000, "totalRevenue": -122284000, "revenuePerShare": -12.537, "grossProfits": -161384000, "revenueGrowth": 11.4, "grossMargins": 0.0, "ebitdaMargins": 0.0, "operatingMargins": 0.80714995, "profitMargins": 0.0, "financialCurrency": "INR"}}}