{"TCIFINANCE.BO": {"cashflowStatementHistory": {"cashflowStatements": [{"maxAge": 1, "endDate": "2020-03-31", "netIncome": -523188000, "depreciation": 215000, "changeToNetincome": 244592000, "changeToLiabilities": -74000, "changeToOperatingActivities": 49784000, "totalCashFromOperatingActivities": -228666000, "capitalExpenditures": -316000, "investments": 251235000, "otherCashflowsFromInvestingActivities": 3414000, "totalCashflowsFromInvestingActivities": 254333000, "netBorrowings": -25242000, "totalCashFromFinancingActivities": -25242000, "changeInCash": 426000}, {"maxAge": 1, "endDate": "2019-03-31", "netIncome": 24661000, "depreciation": 204000, "changeToNetincome": 167040000, "changeToLiabilities": -605000, "changeToOperatingActivities": -47255000, "totalCashFromOperatingActivities": 144050000, "capitalExpenditures": -316000, "investments": 26286000, "otherCashflowsFromInvestingActivities": 4454000, "totalCashflowsFromInvestingActivities": 31908000, "netBorrowings": -177055000, "totalCashFromFinancingActivities": -177055000, "changeInCash": -1098000}, {"maxAge": 1, "endDate": "2018-03-31", "netIncome": 16736118, "depreciation": 428983, "changeToNetincome": -27337829, "changeToLiabilities": 2027085, "changeToOperatingActivities": 40795697, "totalCashFromOperatingActivities": 32651698, "capitalExpenditures": -17700, "investments": 3869701, "otherCashflowsFromInvestingActivities": 4824220, "totalCashflowsFromInvestingActivities": 8676221, "netBorrowings": -41422835, "totalCashFromFinancingActivities": -41422835, "changeInCash": -94916}, {"maxAge": 1, "endDate": "2017-03-31", "netIncome": 36425086, "depreciation": 622801, "changeToNetincome": 7528379, "changeToLiabilities": 2529138, "changeToOperatingActivities": -15356878, "totalCashFromOperatingActivities": 31748526, "capitalExpenditures": -209952, "investments": -210000, "otherCashflowsFromInvestingActivities": 8454215, "totalCashflowsFromInvestingActivities": 19034263, "netBorrowings": -49920896, "totalCashFromFinancingActivities": -49920896, "changeInCash": 861893}], "maxAge": 86400}, "institutionOwnership": {"maxAge": 1, "ownershipList": []}, "balanceSheetHistoryQuarterly": {"balanceSheetStatements": [{"maxAge": 1, "endDate": "2020-06-30", "totalStockholderEquity": -430771000, "netTangibleAssets": -430777000}, {"maxAge": 1, "endDate": "2019-06-30", "totalStockholderEquity": 375158000, "netTangibleAssets": 375146000}, {"maxAge": 1, "endDate": "2010-03-31", "cash": 3982898, "netReceivables": 526039739, "otherCurrentAssets": 80717382, "totalCurrentAssets": 610740019, "longTermInvestments": 212254873, "propertyPlantEquipment": 22570486, "otherAssets": 518951, "deferredLongTermAssetCharges": 518951, "totalAssets": 846084329, "accountsPayable": 4553116, "shortLongTermDebt": 472500000, "otherCurrentLiab": 17027012, "longTermDebt": 125000000, "totalCurrentLiabilities": 496067092, "totalLiab": 621067092, "commonStock": 128724930, "retainedEarnings": 82891099, "treasuryStock": 13238120, "capitalSurplus": 163088, "otherStockholderEquity": 13238120, "totalStockholderEquity": 225017237, "netTangibleAssets": 225017237}, {"maxAge": 1, "endDate": "2009-12-31"}], "maxAge": 86400}, "indexTrend": {"maxAge": 1, "symbol": "SP5", "peRatio": 19.7411, "pegRatio": 1.34172, "estimates": [{"period": "0q", "growth": 0.549}, {"period": "+1q", "growth": 0.431}, {"period": "0y", "growth": 0.305}, {"period": "+1y", "growth": 0.109}, {"period": "+5y", "growth": 0.120865}, {"period": "-5y"}]}, "insiderTransactions": {"transactions": [{"maxAge": 1, "shares": 355479, "filerUrl": "", "transactionText": "", "filerName": "Dhruv Agarwal Benefit Trust", "filerRelation": "Promoter", "moneyText": "", "startDate": "2019-12-13", "ownership": "D"}, {"maxAge": 1, "shares": 400300, "filerUrl": "", "transactionText": "", "filerName": "Gati Intellect Systems Ltd", "filerRelation": "Promoter", "moneyText": "", "startDate": "2019-11-01", "ownership": "D"}, {"maxAge": 1, "shares": 1600300, "filerUrl": "", "transactionText": "", "filerName": "Gati Ltd", "filerRelation": "Promoter", "moneyText": "", "startDate": "2019-11-01", "ownership": "D"}, {"maxAge": 1, "shares": 1200000, "filerUrl": "", "transactionText": "", "filerName": "Giri Roadlines and Commercial Trading Pvt. Ltd.", "filerRelation": "Promoter", "moneyText": "", "startDate": "2019-11-01", "ownership": "D"}], "maxAge": 1}, "quoteType": {"exchange": "BSE", "quoteType": "EQUITY", "symbol": "TCIFINANCE.BO", "underlyingSymbol": "TCIFINANCE.BO", "shortName": "TCI FINANCE LTD.", "longName": "TCI Finance Limited", "firstTradeDateEpochUtc": "2000-10-11 09:15:00", "timeZoneFullName": "Asia/Kolkata", "timeZoneShortName": "IST", "uuid": "ca448785-7e3d-3bd2-bfbf-5e97a8493ae4", "messageBoardId": null, "gmtOffSetMilliseconds": 19800000, "maxAge": 1}, "incomeStatementHistory": {"incomeStatementHistory": [{"maxAge": 1, "endDate": "2020-03-31", "totalRevenue": -161384000, "costOfRevenue": 0, "grossProfit": -161384000, "researchDevelopment": {}, "sellingGeneralAdministrative": 7311000, "nonRecurring": {}, "otherOperatingExpenses": 5286000, "totalOperatingExpenses": 12817000, "operatingIncome": -174201000, "totalOtherIncomeExpenseNet": -348726000, "ebit": 0, "interestExpense": {}, "incomeBeforeTax": -522927000, "incomeTaxExpense": 261000, "minorityInterest": {}, "netIncomeFromContinuingOps": -523188000, "discontinuedOperations": {}, "extraordinaryItems": {}, "effectOfAccountingCharges": {}, "otherItems": {}, "netIncome": -523188000, "netIncomeApplicableToCommonShares": -523188000}, {"maxAge": 1, "endDate": "2019-03-31", "totalRevenue": 35664000, "costOfRevenue": 0, "grossProfit": 35664000, "researchDevelopment": {}, "sellingGeneralAdministrative": 6656000, "nonRecurring": {}, "otherOperatingExpenses": -1778000, "totalOperatingExpenses": 5087000, "operatingIncome": 30577000, "totalOtherIncomeExpenseNet": 4406000, "ebit": 0, "interestExpense": {}, "incomeBeforeTax": 34983000, "incomeTaxExpense": 10322000, "minorityInterest": {}, "netIncomeFromContinuingOps": 24661000, "discontinuedOperations": {}, "extraordinaryItems": {}, "effectOfAccountingCharges": {}, "otherItems": {}, "netIncome": 24661000, "netIncomeApplicableToCommonShares": 24661000}, {"maxAge": 1, "endDate": "2018-03-31", "totalRevenue": 46095827, "costOfRevenue": 0, "grossProfit": 46095827, "researchDevelopment": {}, "sellingGeneralAdministrative": 9229162, "nonRecurring": {}, "otherOperatingExpenses": 16146068, "totalOperatingExpenses": 25805857, "operatingIncome": 20289970, "totalOtherIncomeExpenseNet": 194616, "ebit": 0, "interestExpense": {}, "incomeBeforeTax": 20484586, "incomeTaxExpense": 3748468, "minorityInterest": {}, "netIncomeFromContinuingOps": 16736118, "discontinuedOperations": {}, "extraordinaryItems": {}, "effectOfAccountingCharges": {}, "otherItems": {}, "netIncome": 16736118, "netIncomeApplicableToCommonShares": 16736118}, {"maxAge": 1, "endDate": "2017-03-31", "totalRevenue": 52769928, "costOfRevenue": 0, "grossProfit": 52769928, "researchDevelopment": {}, "sellingGeneralAdministrative": 11604001, "nonRecurring": {}, "otherOperatingExpenses": 15643504, "totalOperatingExpenses": 28167466, "operatingIncome": 24602462, "totalOtherIncomeExpenseNet": 18487441, "ebit": 0, "interestExpense": {}, "incomeBeforeTax": 43089903, "incomeTaxExpense": 6664817, "minorityInterest": {}, "netIncomeFromContinuingOps": 36425086, "discontinuedOperations": {}, "extraordinaryItems": {}, "effectOfAccountingCharges": {}, "otherItems": {}, "netIncome": 36425086, "netIncomeApplicableToCommonShares": 36425086}], "maxAge": 86400}, "fundOwnership": {"maxAge": 1, "ownershipList": []}, "summaryDetail": {"maxAge": 1, "priceHint": 4, "previousClose": 4.95, "open": 4.9, "dayLow": 4.71, "dayHigh": 4.9, "regularMarketPreviousClose": 4.95, "regularMarketOpen": 4.9, "regularMarketDayLow": 4.71, "regularMarketDayHigh": 4.9, "volume": 3835, "regularMarketVolume": 3835, "averageVolume": 4965, "averageVolume10days": 22914, "averageDailyVolume10Day": 22914, "bid": 0.0, "ask": 4.71, "bidSize": 0, "askSize": 0, "marketCap": 60629476, "fiftyTwoWeekLow": 3.8, "fiftyTwoWeekHigh": 8.4, "fiftyDayAverage": 5.3438234, "twoHundredDayAverage": 5.047941, "currency": "INR", "fromCurrency": null, "toCurrency": null, "lastMarket": null, "algorithm": null, "tradeable": false}, "incomeStatementHistoryQuarterly": {"incomeStatementHistory": [{"maxAge": 1, "endDate": "2020-06-30", "totalRevenue": 10400000, "costOfRevenue": 0, "grossProfit": 10400000, "researchDevelopment": {}, "sellingGeneralAdministrative": 1000000, "nonRecurring": {}, "otherOperatingExpenses": 1200000, "totalOperatingExpenses": 2300000, "operatingIncome": 8100000, "totalOtherIncomeExpenseNet": 0, "ebit": 0, "interestExpense": {}, "incomeBeforeTax": 8100000, "incomeTaxExpense": 0, "minorityInterest": {}, "netIncomeFromContinuingOps": 8100000, "discontinuedOperations": {}, "extraordinaryItems": {}, "effectOfAccountingCharges": {}, "otherItems": {}, "netIncome": 8100000, "netIncomeApplicableToCommonShares": 8100000}, {"maxAge": 1, "endDate": "2019-06-30", "totalRevenue": -28400000, "costOfRevenue": 0, "grossProfit": -28400000, "researchDevelopment": {}, "sellingGeneralAdministrative": 2100000, "nonRecurring": {}, "otherOperatingExpenses": 1700000, "totalOperatingExpenses": 3800000, "operatingIncome": -32200000, "totalOtherIncomeExpenseNet": 0, "ebit": 0, "interestExpense": {}, "incomeBeforeTax": -32200000, "incomeTaxExpense": 100000, "minorityInterest": {}, "netIncomeFromContinuingOps": -32300000, "discontinuedOperations": {}, "extraordinaryItems": {}, "effectOfAccountingCharges": {}, "otherItems": {}, "netIncome": -32300000, "netIncomeApplicableToCommonShares": -32300000}, {"maxAge": 1, "endDate": "2010-03-31", "totalRevenue": 47019934, "costOfRevenue": 0, "grossProfit": 47019934, "researchDevelopment": {}, "sellingGeneralAdministrative": 42962511, "nonRecurring": {}, "otherOperatingExpenses": -15460000, "totalOperatingExpenses": 28065941, "operatingIncome": 18953993, "totalOtherIncomeExpenseNet": -21244727, "ebit": 0, "interestExpense": {}, "incomeBeforeTax": -2290734, "incomeTaxExpense": 3028637, "minorityInterest": {}, "netIncomeFromContinuingOps": -5319371, "discontinuedOperations": {}, "extraordinaryItems": {}, "effectOfAccountingCharges": {}, "otherItems": {}, "netIncome": -5319371, "netIncomeApplicableToCommonShares": -5319371}, {"maxAge": 1, "endDate": "2009-12-31", "totalRevenue": -1300000, "costOfRevenue": 0, "grossProfit": -1300000, "researchDevelopment": {}, "sellingGeneralAdministrative": 1400000, "nonRecurring": {}, "otherOperatingExpenses": 900000, "totalOperatingExpenses": 2500000, "operatingIncome": -3800000, "totalOtherIncomeExpenseNet": 4000000, "ebit": 0, "interestExpense": {}, "incomeBeforeTax": 200000, "incomeTaxExpense": 0, "minorityInterest": {}, "netIncomeFromContinuingOps": 200000, "discontinuedOperations": {}, "extraordinaryItems": {}, "effectOfAccountingCharges": {}, "otherItems": {}, "netIncome": 200000, "netIncomeApplicableToCommonShares": 200000}], "maxAge": 86400}, "cashflowStatementHistoryQuarterly": {"cashflowStatements": [{"maxAge": 1, "endDate": "2020-06-30", "netIncome": 8100000, "changeToLiabilities": 0}, {"maxAge": 1, "endDate": "2019-06-30", "netIncome": -32300000, "changeToLiabilities": 0}, {"maxAge": 1, "endDate": "2010-03-31", "netIncome": -5319371, "changeToLiabilities": 0}, {"maxAge": 1, "endDate": "2009-12-31", "netIncome": 200000, "changeToLiabilities": 0}], "maxAge": 86400}, "insiderHolders": {"holders": [{"maxAge": 1, "name": "Dhruv Agarwal Benefit Trust", "relation": "Promoter", "url": "", "transactionDescription": "Other", "latestTransDate": "2019-12-13", "positionDirect": 0, "positionDirectDate": "2019-12-13"}, {"maxAge": 1, "name": "Gati Intellect Systems Ltd", "relation": "Promoter", "url": "", "transactionDescription": "Purchase", "latestTransDate": "2019-11-01", "positionDirect": 415200, "positionDirectDate": "2019-11-01"}, {"maxAge": 1, "name": "Gati Ltd", "relation": "Promoter", "url": "", "transactionDescription": "Sale", "latestTransDate": "2019-11-01", "positionDirect": 0, "positionDirectDate": "2019-11-01"}, {"maxAge": 1, "name": "Giri Roadlines and Commercial Trading Pvt. Ltd.", "relation": "Promoter", "url": "", "transactionDescription": "Purchase", "latestTransDate": "2019-11-01", "positionDirect": 1219171, "positionDirectDate": "2019-11-01"}], "maxAge": 1}, "calendarEvents": {"maxAge": 1, "earnings": {"earningsDate": []}}, "price": {"maxAge": 1, "regularMarketChangePercent": -0.048484806, "regularMarketChange": -0.23999977, "regularMarketTime": "2021-04-30 15:15:00", "priceHint": 4, "regularMarketPrice": 4.71, "regularMarketDayHigh": 4.9, "regularMarketDayLow": 4.71, "regularMarketVolume": 3835, "averageDailyVolume10Day": 22914, "averageDailyVolume3Month": 4965, "regularMarketPreviousClose": 4.95, "regularMarketSource": "FREE_REALTIME", "regularMarketOpen": 4.9, "exchange": "BSE", "exchangeName": "BSE", "exchangeDataDelayedBy": 0, "marketState": "CLOSED", "quoteType": "EQUITY", "symbol": "TCIFINANCE.BO", "underlyingSymbol": null, "shortName": "TCI FINANCE LTD.", "longName": "TCI Finance Limited", "currency": "INR", "quoteSourceName": "Delayed Quote", "currencySymbol": "\u20b9", "fromCurrency": null, "toCurrency": null, "lastMarket": null, "marketCap": 60629476}, "balanceSheetHistory": {"balanceSheetStatements": [{"maxAge": 1, "endDate": "2020-03-31", "cash": 1150000, "netReceivables": 435227000, "otherCurrentAssets": 12770000, "totalCurrentAssets": 449147000, "longTermInvestments": 235470000, "propertyPlantEquipment": 4055000, "intangibleAssets": 6000, "otherAssets": 8816000, "totalAssets": 697494000, "accountsPayable": 4207000, "shortLongTermDebt": 180502000, "longTermDebt": 136865000, "otherLiab": 806202000, "totalCurrentLiabilities": 185198000, "totalLiab": 1128265000, "commonStock": 128725000, "retainedEarnings": 113364000, "treasuryStock": -673023000, "capitalSurplus": 163000, "otherStockholderEquity": -673023000, "totalStockholderEquity": -430771000, "netTangibleAssets": -430777000}, {"maxAge": 1, "endDate": "2019-03-31", "cash": 681000, "netReceivables": 361433000, "otherCurrentAssets": 13598000, "totalCurrentAssets": 375712000, "longTermInvestments": 1010011000, "propertyPlantEquipment": 3953000, "intangibleAssets": 12000, "otherAssets": 9077000, "deferredLongTermAssetCharges": 261000, "totalAssets": 1398765000, "accountsPayable": 4281000, "shortLongTermDebt": 197598000, "longTermDebt": 145011000, "otherLiab": 675714000, "totalCurrentLiabilities": 202882000, "totalLiab": 1023607000, "commonStock": 128725000, "retainedEarnings": 374487000, "treasuryStock": -128217000, "capitalSurplus": 163000, "otherStockholderEquity": -128217000, "totalStockholderEquity": 375158000, "netTangibleAssets": 375146000}, {"maxAge": 1, "endDate": "2018-03-31", "cash": 3729280, "netReceivables": 494201136, "otherCurrentAssets": 1506080, "totalCurrentAssets": 499436496, "longTermInvestments": 482204856, "propertyPlantEquipment": 5672650, "otherAssets": 11565649, "deferredLongTermAssetCharges": 701094, "totalAssets": 998879651, "accountsPayable": 6303753, "shortLongTermDebt": 12971945, "otherCurrentLiab": 1039095, "longTermDebt": 163440658, "otherLiab": 1703318, "totalCurrentLiabilities": 367050273, "totalLiab": 532194249, "commonStock": 128724930, "retainedEarnings": 324559266, "treasuryStock": 13238120, "capitalSurplus": 163086, "otherStockholderEquity": 13238120, "totalStockholderEquity": 466685402, "netTangibleAssets": 466685402}, {"maxAge": 1, "endDate": "2017-03-31", "cash": 3824196, "netReceivables": 509306102, "otherCurrentAssets": 1376025, "totalCurrentAssets": 514506323, "longTermInvestments": 482633004, "propertyPlantEquipment": 6083933, "intangibleAssets": 1644, "otherAssets": 9636187, "deferredLongTermAssetCharges": 799562, "totalAssets": 1012861091, "accountsPayable": 4276668, "shortLongTermDebt": 9437872, "otherCurrentLiab": 1230245, "longTermDebt": 198897566, "otherLiab": 1716365, "totalCurrentLiabilities": 362297876, "totalLiab": 562911807, "commonStock": 128724930, "retainedEarnings": 307823148, "treasuryStock": 13238120, "capitalSurplus": 163086, "otherStockholderEquity": 13238120, "totalStockholderEquity": 449949284, "netTangibleAssets": 449947640}], "maxAge": 86400}, "financialData": {"maxAge": 86400, "currentPrice": 4.71, "recommendationKey": "none", "grossProfits": -161384000, "financialCurrency": "INR"}}}