{"TEAMLEASE.BO": {"recommendationTrend": {"trend": [{"period": "0m", "strongBuy": 0, "buy": 0, "hold": 0, "sell": 0, "strongSell": 0}, {"period": "-1m", "strongBuy": 0, "buy": 0, "hold": 0, "sell": 0, "strongSell": 0}, {"period": "-2m", "strongBuy": 0, "buy": 0, "hold": 0, "sell": 0, "strongSell": 0}, {"period": "-3m", "strongBuy": 0, "buy": 0, "hold": 0, "sell": 0, "strongSell": 0}], "maxAge": 86400}, "cashflowStatementHistory": {"cashflowStatements": [{"maxAge": 1, "endDate": "2020-03-31", "netIncome": 349753000, "depreciation": 273691000, "changeToNetincome": -232012000, "changeToAccountReceivables": -313134000, "changeToLiabilities": -186294000, "changeToOperatingActivities": 192737000, "totalCashFromOperatingActivities": 96942000, "capitalExpenditures": -80159000, "investments": 451555000, "otherCashflowsFromInvestingActivities": 122493000, "totalCashflowsFromInvestingActivities": -472987000, "netBorrowings": 117284000, "otherCashflowsFromFinancingActivities": -118199000, "totalCashFromFinancingActivities": -788000, "changeInCash": -376833000, "issuanceOfStock": 127000}, {"maxAge": 1, "endDate": "2019-03-31", "netIncome": 980299000, "depreciation": 84658000, "changeToNetincome": -923869000, "changeToAccountReceivables": -480550000, "changeToLiabilities": 622195000, "changeToOperatingActivities": -426890000, "totalCashFromOperatingActivities": -123704000, "capitalExpenditures": -63720000, "investments": 196400000, "otherCashflowsFromInvestingActivities": 25695000, "totalCashflowsFromInvestingActivities": 17613000, "netBorrowings": -12284000, "otherCashflowsFromFinancingActivities": -49334000, "totalCashFromFinancingActivities": -61323000, "changeInCash": -167414000, "issuanceOfStock": 295000}, {"maxAge": 1, "endDate": "2018-03-31", "netIncome": 734559000, "depreciation": 58994000, "changeToNetincome": -689610000, "changeToAccountReceivables": -428032000, "changeToLiabilities": 53526000, "changeToOperatingActivities": 1030429000, "totalCashFromOperatingActivities": 792456000, "capitalExpenditures": -17368000, "investments": 145578000, "otherCashflowsFromInvestingActivities": -9864000, "totalCashflowsFromInvestingActivities": -235484000, "netBorrowings": -108621000, "otherCashflowsFromFinancingActivities": -24667000, "totalCashFromFinancingActivities": -132918000, "changeInCash": 424054000, "issuanceOfStock": 370000}, {"maxAge": 1, "endDate": "2017-03-31", "netIncome": 575704000, "depreciation": 28623000, "changeToNetincome": -338826000, "changeToAccountReceivables": -472459000, "changeToLiabilities": 289499000, "changeToOperatingActivities": 242409000, "totalCashFromOperatingActivities": 357374000, "capitalExpenditures": -8675000, "investments": 664240000, "otherCashflowsFromInvestingActivities": 47024000, "totalCashflowsFromInvestingActivities": -185988000, "netBorrowings": -216836000, "otherCashflowsFromFinancingActivities": -12564000, "totalCashFromFinancingActivities": -229096000, "changeInCash": -57710000, "issuanceOfStock": 304000}], "maxAge": 86400}, "institutionOwnership": {"maxAge": 1, "ownershipList": []}, "balanceSheetHistoryQuarterly": {"balanceSheetStatements": [{"maxAge": 1, "endDate": "2020-06-30", "totalStockholderEquity": 5720883000, "netTangibleAssets": 3495403000}, {"maxAge": 1, "endDate": "2020-03-31", "cash": 642407000, "shortTermInvestments": 62144000, "netReceivables": 4051107000, "otherCurrentAssets": 818210000, "totalCurrentAssets": 5673929000, "longTermInvestments": 256489000, "propertyPlantEquipment": 535254000, "goodWill": 1648345000, "intangibleAssets": 577135000, "otherAssets": 3861399000, "deferredLongTermAssetCharges": 144245000, "totalAssets": 12552551000, "accountsPayable": 378233000, "otherCurrentLiab": 822607000, "otherLiab": 769596000, "totalCurrentLiabilities": 5739827000, "totalLiab": 6831668000, "commonStock": 170968000, "retainedEarnings": 3072113000, "treasuryStock": 80530000, "capitalSurplus": 2397272000, "otherStockholderEquity": 80530000, "totalStockholderEquity": 5720883000, "netTangibleAssets": 3495403000}, {"maxAge": 1, "endDate": "2019-12-31", "totalStockholderEquity": 5738592000, "netTangibleAssets": 4092681000}, {"maxAge": 1, "endDate": "2019-09-30", "cash": 1136004000, "shortTermInvestments": 1856812000, "netReceivables": 3380850000, "otherCurrentAssets": 256132000, "totalCurrentAssets": 6629798000, "longTermInvestments": 783363000, "propertyPlantEquipment": 551154000, "goodWill": 1266492000, "intangibleAssets": 379419000, "otherAssets": 3422459000, "deferredLongTermAssetCharges": 788585000, "totalAssets": 13032685000, "accountsPayable": 340492000, "otherCurrentLiab": 4912709000, "otherLiab": 641988000, "totalCurrentLiabilities": 6261237000, "totalLiab": 7294093000, "commonStock": 170968000, "treasuryStock": 5567624000, "otherStockholderEquity": 5567624000, "totalStockholderEquity": 5738592000, "netTangibleAssets": 4092681000}], "maxAge": 86400}, "earningsHistory": {"history": [{"maxAge": 1, "epsActual": 10.76, "epsEstimate": 10.41, "epsDifference": 0.35, "surprisePercent": 0.034, "quarter": "2017-12-31", "period": "-4q"}, {"maxAge": 1, "epsActual": 12.41, "epsEstimate": 11.69, "epsDifference": 0.72, "surprisePercent": 0.062, "quarter": "2018-03-31", "period": "-3q"}, {"maxAge": 1, "epsActual": 12.76, "epsEstimate": 12.76, "epsDifference": 0.0, "surprisePercent": 0.0, "quarter": "2018-06-30", "period": "-2q"}, {"maxAge": 1, "epsActual": 14.58, "epsEstimate": 14.11, "epsDifference": 0.47, "surprisePercent": 0.033, "quarter": "2018-09-30", "period": "-1q"}], "maxAge": 86400}, "indexTrend": {"maxAge": 1, "symbol": "SP5", "peRatio": 19.7411, "pegRatio": 1.34172, "estimates": [{"period": "0q", "growth": 0.549}, {"period": "+1q", "growth": 0.431}, {"period": "0y", "growth": 0.305}, {"period": "+1y", "growth": 0.109}, {"period": "+5y", "growth": 0.120865}, {"period": "-5y"}]}, "industryTrend": {"maxAge": 1, "symbol": null, "estimates": []}, "insiderTransactions": {"transactions": [{"maxAge": 1, "shares": 186, "value": 4191, "filerUrl": "", "transactionText": "Sale at price 22.54 per share.", "filerName": "Kumar (Sudeep Sen)", "filerRelation": "UNREPORTED", "moneyText": "", "startDate": "2020-06-29", "ownership": "D"}, {"maxAge": 1, "shares": 1853, "filerUrl": "", "transactionText": "", "filerName": "Ravi (N Vishwanath)", "filerRelation": "UNREPORTED", "moneyText": "", "startDate": "2020-03-12", "ownership": "D"}, {"maxAge": 1, "shares": 41, "filerUrl": "", "transactionText": "", "filerName": "Dathi (Ramani)", "filerRelation": "UNREPORTED", "moneyText": "", "startDate": "2020-03-02", "ownership": "D"}, {"maxAge": 1, "shares": 2427, "filerUrl": "", "transactionText": "", "filerName": "Menon (Arati)", "filerRelation": "Promoter", "moneyText": "", "startDate": "2020-02-28", "ownership": "D"}, {"maxAge": 1, "shares": 500, "filerUrl": "", "transactionText": "", "filerName": "Kumar (Sudeep Sen)", "filerRelation": "UNREPORTED", "moneyText": "", "startDate": "2019-12-31", "ownership": "D"}, {"maxAge": 1, "shares": 650, "filerUrl": "", "transactionText": "", "filerName": "Kumar (Sudeep Sen)", "filerRelation": "UNREPORTED", "moneyText": "", "startDate": "2019-12-13", "ownership": "D"}, {"maxAge": 1, "shares": 42000, "filerUrl": "", "transactionText": "", "filerName": "Dhana Management Consultancy L.L.P.", "filerRelation": "Promoter", "moneyText": "", "startDate": "2019-11-20", "ownership": "D"}, {"maxAge": 1, "shares": 3105, "filerUrl": "", "transactionText": "", "filerName": "Ravi (N Vishwanath)", "filerRelation": "UNREPORTED", "moneyText": "", "startDate": "2019-09-25", "ownership": "D"}, {"maxAge": 1, "shares": 364, "filerUrl": "", "transactionText": "", "filerName": "S B (Tirtheshwara)", "filerRelation": "UNREPORTED", "moneyText": "", "startDate": "2019-06-28", "ownership": "D"}, {"maxAge": 1, "shares": 30655, "filerUrl": "", "transactionText": "", "filerName": "Ned Consultants LLP", "filerRelation": "Promoter", "moneyText": "", "startDate": "2019-06-07", "ownership": "D"}, {"maxAge": 1, "shares": 175, "filerUrl": "", "transactionText": "", "filerName": "Dheeraj (Gosain)", "filerRelation": "UNREPORTED", "moneyText": "", "startDate": "2019-06-06", "ownership": "D"}, {"maxAge": 1, "shares": 25000, "filerUrl": "", "transactionText": "", "filerName": "Ned Consultants LLP", "filerRelation": "Promoter", "moneyText": "", "startDate": "2019-06-06", "ownership": "D"}, {"maxAge": 1, "shares": 290, "filerUrl": "", "transactionText": "", "filerName": "Krishna (Hari)", "filerRelation": "UNREPORTED", "moneyText": "", "startDate": "2019-03-01", "ownership": "D"}, {"maxAge": 1, "shares": 569, "filerUrl": "", "transactionText": "", "filerName": "Ravi (N Vishwanath)", "filerRelation": "Chief Financial Officer", "moneyText": "", "startDate": "2019-02-19", "ownership": "D"}, {"maxAge": 1, "shares": 1128, "filerUrl": "", "transactionText": "", "filerName": "Kharnajor (Bernadine)", "filerRelation": "UNREPORTED", "moneyText": "", "startDate": "2019-02-18", "ownership": "D"}, {"maxAge": 1, "shares": 65, "filerUrl": "", "transactionText": "", "filerName": "Krishna (Hari)", "filerRelation": "UNREPORTED", "moneyText": "", "startDate": "2019-02-18", "ownership": "D"}, {"maxAge": 1, "shares": 3480, "filerUrl": "", "transactionText": "", "filerName": "Ravi (N Vishwanath)", "filerRelation": "Chief Financial Officer", "moneyText": "", "startDate": "2019-02-18", "ownership": "D"}, {"maxAge": 1, "shares": 830, "filerUrl": "", "transactionText": "", "filerName": "Kumar (Sudeep Sen)", "filerRelation": "UNREPORTED", "moneyText": "", "startDate": "2019-02-04", "ownership": "D"}], "maxAge": 1}, "quoteType": {"exchange": "BSE", "quoteType": "EQUITY", "symbol": "TEAMLEASE.BO", "underlyingSymbol": "TEAMLEASE.BO", "shortName": "TeamLease Services Limited", "longName": "TeamLease Services Limited", "firstTradeDateEpochUtc": "2016-02-12 09:15:00", "timeZoneFullName": "Asia/Kolkata", "timeZoneShortName": "IST", "uuid": "d4ff8ab7-1aef-34ed-aa95-5360b8bdf97e", "messageBoardId": null, "gmtOffSetMilliseconds": 19800000, "maxAge": 1}, "incomeStatementHistory": {"incomeStatementHistory": [{"maxAge": 1, "endDate": "2020-03-31", "totalRevenue": 52007226000, "costOfRevenue": 49494641000, "grossProfit": 2512585000, "researchDevelopment": {}, "sellingGeneralAdministrative": 156075000, "nonRecurring": {}, "otherOperatingExpenses": 1308413000, "totalOperatingExpenses": 51336313000, "operatingIncome": 670913000, "totalOtherIncomeExpenseNet": 158827000, "ebit": 670913000, "interestExpense": -122889000, "incomeBeforeTax": 829740000, "incomeTaxExpense": 479987000, "minorityInterest": {}, "netIncomeFromContinuingOps": 349753000, "discontinuedOperations": {}, "extraordinaryItems": {}, "effectOfAccountingCharges": {}, "otherItems": {}, "netIncome": 349753000, "netIncomeApplicableToCommonShares": 349753000}, {"maxAge": 1, "endDate": "2019-03-31", "totalRevenue": 44475995000, "costOfRevenue": 42083651000, "grossProfit": 2392344000, "researchDevelopment": {}, "sellingGeneralAdministrative": 193924000, "nonRecurring": {}, "otherOperatingExpenses": 1218313000, "totalOperatingExpenses": 43630478000, "operatingIncome": 845517000, "totalOtherIncomeExpenseNet": 118596000, "ebit": 845517000, "interestExpense": -52244000, "incomeBeforeTax": 964113000, "incomeTaxExpense": -16186000, "minorityInterest": {}, "netIncomeFromContinuingOps": 980299000, "discontinuedOperations": {}, "extraordinaryItems": {}, "effectOfAccountingCharges": {}, "otherItems": {}, "netIncome": 980299000, "netIncomeApplicableToCommonShares": 980299000}, {"maxAge": 1, "endDate": "2018-03-31", "totalRevenue": 36241154000, "costOfRevenue": 34788516000, "grossProfit": 1452638000, "researchDevelopment": {}, "sellingGeneralAdministrative": 179687000, "nonRecurring": {}, "otherOperatingExpenses": 566649000, "totalOperatingExpenses": 35639622000, "operatingIncome": 601532000, "totalOtherIncomeExpenseNet": 123805000, "ebit": 601532000, "interestExpense": -24667000, "incomeBeforeTax": 725337000, "incomeTaxExpense": -9222000, "minorityInterest": {}, "netIncomeFromContinuingOps": 734559000, "discontinuedOperations": {}, "extraordinaryItems": {}, "effectOfAccountingCharges": {}, "otherItems": {}, "netIncome": 734559000, "netIncomeApplicableToCommonShares": 734559000}, {"maxAge": 1, "endDate": "2017-03-31", "totalRevenue": 30412941000, "costOfRevenue": 29485808000, "grossProfit": 927133000, "researchDevelopment": {}, "sellingGeneralAdministrative": 127874000, "nonRecurring": {}, "otherOperatingExpenses": 412176000, "totalOperatingExpenses": 30098956000, "operatingIncome": 313985000, "totalOtherIncomeExpenseNet": 201074000, "ebit": 313985000, "interestExpense": -10971000, "incomeBeforeTax": 515059000, "incomeTaxExpense": -60645000, "minorityInterest": {}, "netIncomeFromContinuingOps": 575704000, "discontinuedOperations": {}, "extraordinaryItems": {}, "effectOfAccountingCharges": {}, "otherItems": {}, "netIncome": 575704000, "netIncomeApplicableToCommonShares": 575704000}], "maxAge": 86400}, "fundOwnership": {"maxAge": 1, "ownershipList": []}, "summaryDetail": {"maxAge": 1, "priceHint": 2, "previousClose": 3310.05, "open": 3301.0, "dayLow": 3200.0, "dayHigh": 3350.0, "regularMarketPreviousClose": 3310.05, "regularMarketOpen": 3301.0, "regularMarketDayLow": 3200.0, "regularMarketDayHigh": 3350.0, "trailingPE": 169.09543, "forwardPE": 40.616283, "volume": 619, "regularMarketVolume": 619, "averageVolume": 2745, "averageVolume10days": 6601, "averageDailyVolume10Day": 6601, "bid": 3222.6, "ask": 3299.0, "bidSize": 0, "askSize": 0, "marketCap": 56371679232, "fiftyTwoWeekLow": 1421.35, "fiftyTwoWeekHigh": 3766.4, "fiftyDayAverage": 2855.35, "twoHundredDayAverage": 2456.6257, "currency": "INR", "fromCurrency": null, "toCurrency": null, "lastMarket": null, "algorithm": null, "tradeable": false}, "sectorTrend": {"maxAge": 1, "symbol": null, "estimates": []}, "incomeStatementHistoryQuarterly": {"incomeStatementHistory": [{"maxAge": 1, "endDate": "2020-06-30", "totalRevenue": 11364469000, "costOfRevenue": 10906774000, "grossProfit": 457695000, "researchDevelopment": {}, "sellingGeneralAdministrative": {}, "nonRecurring": {}, "otherOperatingExpenses": 211816000, "totalOperatingExpenses": 11200962000, "operatingIncome": 163507000, "totalOtherIncomeExpenseNet": 12567000, "ebit": 163507000, "interestExpense": -25652000, "incomeBeforeTax": 176074000, "incomeTaxExpense": 5070000, "minorityInterest": {}, "netIncomeFromContinuingOps": 171004000, "discontinuedOperations": {}, "extraordinaryItems": {}, "effectOfAccountingCharges": {}, "otherItems": {}, "netIncome": 171004000, "netIncomeApplicableToCommonShares": 171004000}, {"maxAge": 1, "endDate": "2020-03-31", "totalRevenue": 13302988000, "costOfRevenue": 12745008000, "grossProfit": 557980000, "researchDevelopment": {}, "sellingGeneralAdministrative": 156075000, "nonRecurring": {}, "otherOperatingExpenses": 105319000, "totalOperatingExpenses": 13180760000, "operatingIncome": 122228000, "totalOtherIncomeExpenseNet": 101417000, "ebit": 122228000, "interestExpense": -36765000, "incomeBeforeTax": 223645000, "incomeTaxExpense": 517951000, "minorityInterest": {}, "netIncomeFromContinuingOps": -294306000, "discontinuedOperations": {}, "extraordinaryItems": {}, "effectOfAccountingCharges": {}, "otherItems": {}, "netIncome": -294306000, "netIncomeApplicableToCommonShares": -294306000}, {"maxAge": 1, "endDate": "2019-12-31", "totalRevenue": 13513959000, "costOfRevenue": 12817970000, "grossProfit": 695989000, "researchDevelopment": {}, "sellingGeneralAdministrative": 156075000, "nonRecurring": {}, "otherOperatingExpenses": 421098000, "totalOperatingExpenses": 13315328000, "operatingIncome": 198631000, "totalOtherIncomeExpenseNet": 39733000, "ebit": 198631000, "interestExpense": -28822000, "incomeBeforeTax": 238364000, "incomeTaxExpense": -16275000, "minorityInterest": {}, "netIncomeFromContinuingOps": 254639000, "discontinuedOperations": {}, "extraordinaryItems": {}, "effectOfAccountingCharges": {}, "otherItems": {}, "netIncome": 254639000, "netIncomeApplicableToCommonShares": 254639000}, {"maxAge": 1, "endDate": "2019-09-30", "totalRevenue": 12677959000, "costOfRevenue": 11995986000, "grossProfit": 681973000, "researchDevelopment": {}, "sellingGeneralAdministrative": 156075000, "nonRecurring": {}, "otherOperatingExpenses": 437096000, "totalOperatingExpenses": 12498661000, "operatingIncome": 179298000, "totalOtherIncomeExpenseNet": 15752000, "ebit": 179298000, "interestExpense": -29428000, "incomeBeforeTax": 195050000, "incomeTaxExpense": -6468000, "minorityInterest": {}, "netIncomeFromContinuingOps": 201518000, "discontinuedOperations": {}, "extraordinaryItems": {}, "effectOfAccountingCharges": {}, "otherItems": {}, "netIncome": 201518000, "netIncomeApplicableToCommonShares": 201518000}], "maxAge": 86400}, "cashflowStatementHistoryQuarterly": {"cashflowStatements": [{"maxAge": 1, "endDate": "2020-06-30", "netIncome": 171004000, "changeToLiabilities": 0}, {"maxAge": 1, "endDate": "2020-03-31", "netIncome": -294306000, "changeToLiabilities": 0}, {"maxAge": 1, "endDate": "2019-12-31", "netIncome": 254639000, "changeToLiabilities": 0}, {"maxAge": 1, "endDate": "2019-09-30", "netIncome": 201518000, "changeToLiabilities": 0}], "maxAge": 86400}, "insiderHolders": {"holders": [{"maxAge": 1, "name": "Dathi (Ramani)", "relation": "UNREPORTED", "url": "", "transactionDescription": "Sale", "latestTransDate": "2020-03-02", "positionDirect": 89, "positionDirectDate": "2020-03-02"}, {"maxAge": 1, "name": "Dhana Management Consultancy L.L.P.", "relation": "Promoter", "url": "", "transactionDescription": "Sale", "latestTransDate": "2019-11-20", "positionDirect": 852413, "positionDirectDate": "2019-11-20"}, {"maxAge": 1, "name": "Dheeraj (Gosain)", "relation": "UNREPORTED", "url": "", "transactionDescription": "Sale", "latestTransDate": "2019-06-06", "positionDirect": 50, "positionDirectDate": "2019-06-06"}, {"maxAge": 1, "name": "Kharnajor (Bernadine)", "relation": "UNREPORTED", "url": "", "transactionDescription": "Sale", "latestTransDate": "2019-02-18", "positionDirect": 342, "positionDirectDate": "2019-02-18"}, {"maxAge": 1, "name": "Krishna (Hari)", "relation": "UNREPORTED", "url": "", "transactionDescription": "Acquisition", "latestTransDate": "2019-03-01", "positionDirect": 605, "positionDirectDate": "2019-03-01"}, {"maxAge": 1, "name": "Kumar (Sudeep Sen)", "relation": "UNREPORTED", "url": "", "transactionDescription": "Sale", "latestTransDate": "2020-06-29", "positionDirect": 714, "positionDirectDate": "2020-06-29"}, {"maxAge": 1, "name": "Menon (Arati)", "relation": "Promoter", "url": "", "transactionDescription": "Sale", "latestTransDate": "2020-02-28", "positionDirect": 0, "positionDirectDate": "2020-02-28"}, {"maxAge": 1, "name": "Ned Consultants LLP", "relation": "Promoter", "url": "", "transactionDescription": "Sale", "latestTransDate": "2019-06-07", "positionDirect": 1453449, "positionDirectDate": "2019-06-07"}, {"maxAge": 1, "name": "Ravi (N Vishwanath)", "relation": "UNREPORTED", "url": "", "transactionDescription": "Sale", "latestTransDate": "2020-03-12", "positionDirect": 42882, "positionDirectDate": "2020-03-12"}, {"maxAge": 1, "name": "S B (Tirtheshwara)", "relation": "UNREPORTED", "url": "", "transactionDescription": "Sale", "latestTransDate": "2019-06-28", "positionDirect": 0, "positionDirectDate": "2019-06-28"}], "maxAge": 1}, "earnings": {"maxAge": 86400, "earningsChart": {"quarterly": [{"date": "4Q2017", "actual": 10.76, "estimate": 10.41}, {"date": "1Q2018", "actual": 12.41, "estimate": 11.69}, {"date": "2Q2018", "actual": 12.76, "estimate": 12.76}, {"date": "3Q2018", "actual": 14.58, "estimate": 14.11}], "currentQuarterEstimateDate": "4Q", "currentQuarterEstimateYear": 2018, "earningsDate": []}, "financialsChart": {"yearly": [{"date": 2017, "revenue": 30412941000, "earnings": 575704000}, {"date": 2018, "revenue": 36241154000, "earnings": 734559000}, {"date": 2019, "revenue": 44475995000, "earnings": 980299000}, {"date": 2020, "revenue": 52007226000, "earnings": 349753000}], "quarterly": [{"date": "3Q2019", "revenue": 12677959000, "earnings": 201518000}, {"date": "4Q2019", "revenue": 13513959000, "earnings": 254639000}, {"date": "1Q2020", "revenue": 13302988000, "earnings": -294306000}, {"date": "2Q2020", "revenue": 11364469000, "earnings": 171004000}]}, "financialCurrency": "INR"}, "calendarEvents": {"maxAge": 1, "earnings": {"earningsDate": [], "revenueAverage": 11455200000, "revenueLow": 11214000000, "revenueHigh": 11561000000}}, "price": {"maxAge": 1, "regularMarketChangePercent": -0.005468225, "regularMarketChange": -18.100098, "regularMarketTime": "2021-04-30 15:28:06", "priceHint": 2, "regularMarketPrice": 3291.95, "regularMarketDayHigh": 3350.0, "regularMarketDayLow": 3200.0, "regularMarketVolume": 619, "averageDailyVolume10Day": 6601, "averageDailyVolume3Month": 2745, "regularMarketPreviousClose": 3310.05, "regularMarketSource": "FREE_REALTIME", "regularMarketOpen": 3301.0, "exchange": "BSE", "exchangeName": "BSE", "exchangeDataDelayedBy": 0, "marketState": "CLOSED", "quoteType": "EQUITY", "symbol": "TEAMLEASE.BO", "underlyingSymbol": null, "shortName": "TeamLease Services Limited", "longName": "TeamLease Services Limited", "currency": "INR", "quoteSourceName": "Delayed Quote", "currencySymbol": "\u20b9", "fromCurrency": null, "toCurrency": null, "lastMarket": null, "marketCap": 56371679232}, "balanceSheetHistory": {"balanceSheetStatements": [{"maxAge": 1, "endDate": "2020-03-31", "cash": 642407000, "shortTermInvestments": 62144000, "netReceivables": 4051107000, "otherCurrentAssets": 818210000, "totalCurrentAssets": 5673929000, "longTermInvestments": 256489000, "propertyPlantEquipment": 535254000, "goodWill": 1648345000, "intangibleAssets": 577135000, "otherAssets": 3861399000, "deferredLongTermAssetCharges": 144245000, "totalAssets": 12552551000, "accountsPayable": 378233000, "otherCurrentLiab": 822607000, "otherLiab": 769596000, "totalCurrentLiabilities": 5739827000, "totalLiab": 6831668000, "commonStock": 170968000, "retainedEarnings": 3072113000, "treasuryStock": 80530000, "capitalSurplus": 2397272000, "otherStockholderEquity": 80530000, "totalStockholderEquity": 5720883000, "netTangibleAssets": 3495403000}, {"maxAge": 1, "endDate": "2019-03-31", "cash": 607611000, "shortTermInvestments": 38218000, "netReceivables": 3530430000, "otherCurrentAssets": 1153402000, "totalCurrentAssets": 5586887000, "longTermInvestments": 253987000, "propertyPlantEquipment": 93148000, "goodWill": 1256792000, "intangibleAssets": 227734000, "otherAssets": 3476886000, "deferredLongTermAssetCharges": 653134000, "totalAssets": 10895434000, "accountsPayable": 279837000, "otherCurrentLiab": 838722000, "otherLiab": 660551000, "totalCurrentLiabilities": 4843725000, "totalLiab": 5504276000, "commonStock": 170968000, "retainedEarnings": 2768876000, "treasuryStock": 54042000, "capitalSurplus": 2397272000, "otherStockholderEquity": 54042000, "totalStockholderEquity": 5391158000, "netTangibleAssets": 3906632000}, {"maxAge": 1, "endDate": "2018-03-31", "cash": 729299000, "shortTermInvestments": 139068000, "netReceivables": 2766727000, "otherCurrentAssets": 839882000, "totalCurrentAssets": 4862694000, "longTermInvestments": 269780000, "propertyPlantEquipment": 54265000, "goodWill": 1127512000, "intangibleAssets": 195918000, "otherAssets": 2350413000, "deferredLongTermAssetCharges": 399219000, "totalAssets": 8860582000, "accountsPayable": 176083000, "otherCurrentLiab": 924383000, "otherLiab": 486116000, "totalCurrentLiabilities": 3957794000, "totalLiab": 4443910000, "commonStock": 170968000, "retainedEarnings": 1796302000, "treasuryStock": 52130000, "capitalSurplus": 2397272000, "otherStockholderEquity": 52130000, "totalStockholderEquity": 4416672000, "netTangibleAssets": 3093242000}, {"maxAge": 1, "endDate": "2017-03-31", "cash": 255651000, "shortTermInvestments": 904923000, "netReceivables": 2244771000, "otherCurrentAssets": 617840000, "totalCurrentAssets": 4182110000, "longTermInvestments": 1764000, "propertyPlantEquipment": 27228000, "goodWill": 837363000, "intangibleAssets": 204635000, "otherAssets": 1523599000, "deferredLongTermAssetCharges": 248432000, "totalAssets": 6776699000, "accountsPayable": 98113000, "otherCurrentLiab": 410084000, "otherLiab": 423819000, "totalCurrentLiabilities": 2689400000, "totalLiab": 3113219000, "commonStock": 170968000, "retainedEarnings": 1059437000, "treasuryStock": 35803000, "capitalSurplus": 2397272000, "otherStockholderEquity": 35803000, "totalStockholderEquity": 3663480000, "netTangibleAssets": 2621482000}], "maxAge": 86400}, "earningsTrend": {"trend": [{"maxAge": 1, "period": "0q", "endDate": "2018-12-31", "growth": {}, "earningsEstimate": {"avg": 0.0, "low": 0.0, "high": 0.0, "yearAgoEps": 10.76, "numberOfAnalysts": 0, "growth": {}}, "revenueEstimate": {"avg": 11455200000, "low": 11214000000, "high": 11561000000, "numberOfAnalysts": 4, "yearAgoRevenue": 9180630000, "growth": 0.248}, "epsTrend": {"current": 0.0, "7daysAgo": 15.41, "30daysAgo": 15.41, "60daysAgo": 15.41, "90daysAgo": 15.41}, "epsRevisions": {"upLast7days": 0, "upLast30days": 0, "downLast30days": 0, "downLast90days": {}}}, {"maxAge": 1, "period": "+1q", "endDate": "2019-03-31", "growth": {}, "earningsEstimate": {"avg": 0.0, "low": 0.0, "high": 0.0, "yearAgoEps": 12.41, "numberOfAnalysts": 0, "growth": {}}, "revenueEstimate": {"avg": 11948500000, "low": 11441000000, "high": 12456000000, "numberOfAnalysts": 2, "yearAgoRevenue": 9774780000, "growth": 0.222}, "epsTrend": {"current": 0.0, "7daysAgo": 16.41, "30daysAgo": 16.41, "60daysAgo": 16.41, "90daysAgo": 16.41}, "epsRevisions": {"upLast7days": 0, "upLast30days": 0, "downLast30days": 0, "downLast90days": {}}}, {"maxAge": 1, "period": "0y", "endDate": "2019-03-31", "growth": {}, "earningsEstimate": {"avg": 0.0, "low": 0.0, "high": 0.0, "yearAgoEps": {}, "numberOfAnalysts": 0, "growth": {}}, "revenueEstimate": {"avg": 44352600000, "low": 42314000000, "high": 46284000000, "numberOfAnalysts": 14, "yearAgoRevenue": 36241200000, "growth": 0.22399999}, "epsTrend": {"current": 0.0, "7daysAgo": 60.71, "30daysAgo": 60.71, "60daysAgo": 60.71, "90daysAgo": 60.71}, "epsRevisions": {"upLast7days": 0, "upLast30days": 1, "downLast30days": 0, "downLast90days": {}}}, {"maxAge": 1, "period": "+1y", "endDate": "2020-03-31", "growth": {}, "earningsEstimate": {"avg": 0.0, "low": 0.0, "high": 0.0, "yearAgoEps": {}, "numberOfAnalysts": 0, "growth": {}}, "revenueEstimate": {"avg": 53409000000, "low": 48736000000, "high": 57145000000, "numberOfAnalysts": 15, "yearAgoRevenue": 44352600000, "growth": 0.204}, "epsTrend": {"current": 0.0, "7daysAgo": 81.05, "30daysAgo": 81.05, "60daysAgo": 81.05, "90daysAgo": 81.05}, "epsRevisions": {"upLast7days": 0, "upLast30days": 0, "downLast30days": 0, "downLast90days": {}}}, {"maxAge": 1, "period": "+5y", "endDate": null, "growth": 0.735, "earningsEstimate": {"avg": {}, "low": {}, "high": {}, "yearAgoEps": {}, "numberOfAnalysts": {}, "growth": {}}, "revenueEstimate": {"avg": {}, "low": {}, "high": {}, "numberOfAnalysts": {}, "yearAgoRevenue": {}, "growth": {}}, "epsTrend": {"current": {}, "7daysAgo": {}, "30daysAgo": {}, "60daysAgo": {}, "90daysAgo": {}}, "epsRevisions": {"upLast7days": {}, "upLast30days": {}, "downLast30days": {}, "downLast90days": {}}}, {"maxAge": 1, "period": "-5y", "endDate": null, "growth": {}, "earningsEstimate": {"avg": {}, "low": {}, "high": {}, "yearAgoEps": {}, "numberOfAnalysts": {}, "growth": {}}, "revenueEstimate": {"avg": {}, "low": {}, "high": {}, "numberOfAnalysts": {}, "yearAgoRevenue": {}, "growth": {}}, "epsTrend": {"current": {}, "7daysAgo": {}, "30daysAgo": {}, "60daysAgo": {}, "90daysAgo": {}}, "epsRevisions": {"upLast7days": {}, "upLast30days": {}, "downLast30days": {}, "downLast90days": {}}}], "maxAge": 1}, "financialData": {"maxAge": 86400, "currentPrice": 3291.95, "targetHighPrice": 3600.0, "targetLowPrice": 1925.0, "targetMeanPrice": 3040.33, "targetMedianPrice": 3000.0, "recommendationKey": "none", "numberOfAnalystOpinions": 15, "grossProfits": 2512585000, "financialCurrency": "INR"}}}