{"TECHM.NS": {"assetProfile": {"address1": "Plot No. 1, Phase III", "address2": "Rajiv Gandhi Infotech Park Hinjewadi", "city": "Pune", "zip": "411057", "country": "India", "phone": "91 20 4225 0000", "fax": "91 20 4225 2501", "website": "http://www.techmahindra.com", "industry": "Information Technology Services", "sector": "Technology", "longBusinessSummary": "Tech Mahindra Limited provides information technology (IT) services and solutions in the Americas, Europe, India, and internationally. The company operates through IT Business and Business Processing Outsourcing (BPO) segments. It offers IT outsourcing, consulting, application outsourcing, network, infrastructure outsourcing, integrated engineering, BPO, platform, and mobile value added services. The company also provides consulting-led integrated portfolio services to telecom equipment manufacturers and service providers, IT infrastructure service providers, and business process outsourcing service providers; and IT and IT-enabled enterprise solutions. In addition, it offers IT enabled, application development and maintenance, consulting and enterprise business solutions, extended engineering solutions, and infrastructure management services. Further, the company provides data and analytics; IT infrastructure and cloud services; customer experience solutions; enterprise platforms; and enterprise business solutions. Additionally, it offers testing, telecom product engineering, digital supply chain, performance engineering, and enterprise security and risk management services. The company serves insurance, banking and financial, manufacturing, telecommunication, transportation and logistics, engineering, entertainment, and public and government sectors; and retail and consumer goods industries. Tech Mahindra Limited has strategic partnerships with Openet, ChampTrax, Lucideus, and eNate Limited. The company was founded in 1986 and is based in Pune, India.", "fullTimeEmployees": 121054, "companyOfficers": [{"maxAge": 1, "name": "Mr. Chander Prakash Gurnani", "age": 61, "title": "MD, CEO & Director", "yearBorn": 1959, "fiscalYear": 2020, "totalPay": 37010000, "exercisedValue": 0, "unexercisedValue": 0}, {"maxAge": 1, "name": "Mr. Anil  Khatri", "title": "Company Sec. & Compliance Officer", "fiscalYear": 2020, "totalPay": 4370000, "exercisedValue": 0, "unexercisedValue": 0}, {"maxAge": 1, "name": "Mr. L.  Ravichandran", "title": "Pres & COO", "exercisedValue": 0, "unexercisedValue": 0}, {"maxAge": 1, "name": "Mr. Atul  Kunwar", "age": 56, "title": "Pres & CTO", "yearBorn": 1964, "exercisedValue": 0, "unexercisedValue": 0}, {"maxAge": 1, "name": "Mr. Milind  Kulkarni", "age": 62, "title": "Chief Financial Officer", "yearBorn": 1958, "fiscalYear": 2019, "exercisedValue": 0, "unexercisedValue": 0}, {"maxAge": 1, "name": "Kaustubh  Vaidya", "title": "Head of Investor Relations", "exercisedValue": 0, "unexercisedValue": 0}, {"maxAge": 1, "name": "Mr. Vineet  Vij", "title": "Gen. Counsel", "exercisedValue": 0, "unexercisedValue": 0}, {"maxAge": 1, "name": "Abhilasha  Gupta", "title": "Head of Corp. Communications & Public Affairs", "exercisedValue": 0, "unexercisedValue": 0}, {"maxAge": 1, "name": "Mr. Vivek Satish Agarwal", "title": "Pres of BFSI, HLS & Corp. Devel.", "exercisedValue": 0, "unexercisedValue": 0}, {"maxAge": 1, "name": "Mr. Harshvendra  Soin", "title": "Global Chief People Officer", "exercisedValue": 0, "unexercisedValue": 0}], "auditRisk": 1, "boardRisk": 3, "compensationRisk": 8, "shareHolderRightsRisk": 5, "overallRisk": 5, "governanceEpochDate": "2021-04-01 05:30:00", "compensationAsOfEpochDate": "2020-12-31 05:30:00", "maxAge": 86400}, "recommendationTrend": {"trend": [{"period": "0m", "strongBuy": 0, "buy": 0, "hold": 0, "sell": 0, "strongSell": 0}, {"period": "-1m", "strongBuy": 10, "buy": 15, "hold": 12, "sell": 5, "strongSell": 2}, {"period": "-2m", "strongBuy": 10, "buy": 16, "hold": 11, "sell": 4, "strongSell": 2}, {"period": "-3m", "strongBuy": 10, "buy": 17, "hold": 11, "sell": 4, "strongSell": 2}], "maxAge": 86400}, "cashflowStatementHistory": {"cashflowStatements": [{"maxAge": 1, "endDate": "2021-03-31", "netIncome": 44280000000, "depreciation": 14577000000, "changeToNetincome": 6446000000, "changeToAccountReceivables": 15495000000, "changeToLiabilities": -4936000000, "changeToOperatingActivities": 5076000000, "totalCashFromOperatingActivities": 80938000000, "capitalExpenditures": -6660000000, "investments": -39997000000, "otherCashflowsFromInvestingActivities": 2561000000, "totalCashflowsFromInvestingActivities": -54501000000, "dividendsPaid": -17594000000, "netBorrowings": -11743000000, "otherCashflowsFromFinancingActivities": -1101000000, "totalCashFromFinancingActivities": -29869000000, "effectOfExchangeRate": 169000000, "changeInCash": -3263000000, "issuanceOfStock": 569000000}, {"maxAge": 1, "endDate": "2020-03-31", "netIncome": 40330000000, "depreciation": 13324000000, "changeToNetincome": -5989000000, "changeToAccountReceivables": -23349000000, "changeToLiabilities": 18131000000, "changeToOperatingActivities": 5076000000, "totalCashFromOperatingActivities": 43581000000, "capitalExpenditures": -8446000000, "investments": 20420000000, "otherCashflowsFromInvestingActivities": 2837000000, "totalCashflowsFromInvestingActivities": 10286000000, "dividendsPaid": -24917000000, "netBorrowings": -444000000, "otherCashflowsFromFinancingActivities": -1883000000, "totalCashFromFinancingActivities": -44655000000, "effectOfExchangeRate": 528000000, "changeInCash": 9740000000, "repurchaseOfStock": -17879000000, "issuanceOfStock": 468000000}, {"maxAge": 1, "endDate": "2019-03-31", "netIncome": 42976000000, "depreciation": 9972000000, "changeToNetincome": 626000000, "changeToAccountReceivables": -16190000000, "changeToLiabilities": 5616000000, "changeToOperatingActivities": 5076000000, "totalCashFromOperatingActivities": 44320000000, "capitalExpenditures": -8046000000, "investments": -13818000000, "otherCashflowsFromInvestingActivities": 1797000000, "totalCashflowsFromInvestingActivities": -21164000000, "dividendsPaid": -14907000000, "netBorrowings": -4504000000, "otherCashflowsFromFinancingActivities": -1354000000, "totalCashFromFinancingActivities": -22512000000, "effectOfExchangeRate": 122000000, "changeInCash": 766000000, "repurchaseOfStock": -2106000000, "issuanceOfStock": 359000000}, {"maxAge": 1, "endDate": "2018-03-31", "netIncome": 37998000000, "depreciation": 9622000000, "changeToNetincome": -5481000000, "changeToAccountReceivables": -10442000000, "changeToLiabilities": 2610000000, "changeToOperatingActivities": 5076000000, "totalCashFromOperatingActivities": 35535000000, "capitalExpenditures": -10166000000, "investments": -16515000000, "otherCashflowsFromInvestingActivities": 1883000000, "totalCashflowsFromInvestingActivities": -33597000000, "dividendsPaid": -9438000000, "netBorrowings": 7486000000, "otherCashflowsFromFinancingActivities": -993000000, "totalCashFromFinancingActivities": -2694000000, "effectOfExchangeRate": 404000000, "changeInCash": -352000000, "repurchaseOfStock": -2106000000, "issuanceOfStock": 251000000}], "maxAge": 86400}, "indexTrend": {"maxAge": 1, "symbol": "SP5", "peRatio": 19.7411, "pegRatio": 1.34172, "estimates": [{"period": "0q", "growth": 0.549}, {"period": "+1q", "growth": 0.431}, {"period": "0y", "growth": 0.305}, {"period": "+1y", "growth": 0.109}, {"period": "+5y", "growth": 0.120865}, {"period": "-5y"}]}, "defaultKeyStatistics": {"maxAge": 1, "priceHint": 2, "enterpriseValue": 728258510848, "profitMargins": 0.116969995, "floatShares": 497741232, "sharesOutstanding": 968480000, "heldPercentInsiders": 0.36813998, "heldPercentInstitutions": 0.35909, "beta": 0.497487, "category": null, "bookValue": 284.428, "priceToBook": 3.3766015, "fundFamily": null, "legalType": null, "lastFiscalYearEnd": "2021-03-31 05:30:00", "nextFiscalYearEnd": "2023-03-31 05:30:00", "mostRecentQuarter": "2021-03-31 05:30:00", "earningsQuarterlyGrowth": 0.345, "netIncomeToCommon": 44280000512, "trailingEps": 50.19, "forwardEps": 53.62, "lastSplitFactor": "2:1", "lastSplitDate": "2015-03-19 05:30:00", "enterpriseToRevenue": 1.924, "enterpriseToEbitda": 10.636, "52WeekChange": 0.91143394, "SandP52WeekChange": 0.48148263, "lastDividendValue": 15.0, "lastDividendDate": 1603929600}, "industryTrend": {"maxAge": 1, "symbol": null, "estimates": []}, "quoteType": {"exchange": "NSI", "quoteType": "EQUITY", "symbol": "TECHM.NS", "underlyingSymbol": "TECHM.NS", "shortName": "TECH MAHINDRA", "longName": "Tech Mahindra Limited", "firstTradeDateEpochUtc": "2006-08-28 09:15:00", "timeZoneFullName": "Asia/Kolkata", "timeZoneShortName": "IST", "uuid": "99084168-d40f-3aaa-a5c8-3d92f955df00", "messageBoardId": "finmb_9406148", "gmtOffSetMilliseconds": 19800000, "maxAge": 1}, "incomeStatementHistory": {"incomeStatementHistory": [{"maxAge": 1, "endDate": "2021-03-31", "totalRevenue": 378551000000, "costOfRevenue": 242716000000, "grossProfit": 135835000000, "researchDevelopment": {}, "sellingGeneralAdministrative": {}, "nonRecurring": {}, "otherOperatingExpenses": 67365000000, "totalOperatingExpenses": 324658000000, "operatingIncome": 53893000000, "totalOtherIncomeExpenseNet": 5636000000, "ebit": 53893000000, "interestExpense": -1740000000, "incomeBeforeTax": 59529000000, "incomeTaxExpense": 15999000000, "minorityInterest": 3795000000, "netIncomeFromContinuingOps": 43530000000, "discontinuedOperations": {}, "extraordinaryItems": {}, "effectOfAccountingCharges": {}, "otherItems": {}, "netIncome": 44280000000, "netIncomeApplicableToCommonShares": 44280000000}, {"maxAge": 1, "endDate": "2020-03-31", "totalRevenue": 380601000000, "costOfRevenue": 247451000000, "grossProfit": 121226000000, "researchDevelopment": {}, "sellingGeneralAdministrative": 3485000000, "nonRecurring": {}, "otherOperatingExpenses": 58916000000, "totalOperatingExpenses": 325482000000, "operatingIncome": 43195000000, "totalOtherIncomeExpenseNet": 7383000000, "ebit": 43195000000, "interestExpense": -1537000000, "incomeBeforeTax": 50578000000, "incomeTaxExpense": 11604000000, "minorityInterest": 3933000000, "netIncomeFromContinuingOps": 38974000000, "discontinuedOperations": {}, "extraordinaryItems": {}, "effectOfAccountingCharges": {}, "otherItems": {}, "netIncome": 40330000000, "netIncomeApplicableToCommonShares": 40330000000}, {"maxAge": 1, "endDate": "2019-03-31", "totalRevenue": 347421000000, "costOfRevenue": 222145000000, "grossProfit": 125276000000, "researchDevelopment": {}, "sellingGeneralAdministrative": 5950000000, "nonRecurring": {}, "otherOperatingExpenses": 54039000000, "totalOperatingExpenses": 295052000000, "operatingIncome": 52369000000, "totalOtherIncomeExpenseNet": 3063000000, "ebit": 52369000000, "interestExpense": -1117000000, "incomeBeforeTax": 55432000000, "incomeTaxExpense": 12544000000, "minorityInterest": 4777000000, "netIncomeFromContinuingOps": 42888000000, "discontinuedOperations": {}, "extraordinaryItems": {}, "effectOfAccountingCharges": {}, "otherItems": {}, "netIncome": 42976000000, "netIncomeApplicableToCommonShares": 42976000000}, {"maxAge": 1, "endDate": "2018-03-31", "totalRevenue": 307729000000, "costOfRevenue": 208567000000, "grossProfit": 99162000000, "researchDevelopment": {}, "sellingGeneralAdministrative": 5884000000, "nonRecurring": {}, "otherOperatingExpenses": 44695000000, "totalOperatingExpenses": 271029000000, "operatingIncome": 36700000000, "totalOtherIncomeExpenseNet": 12088000000, "ebit": 36700000000, "interestExpense": -896000000, "incomeBeforeTax": 48788000000, "incomeTaxExpense": 10926000000, "minorityInterest": 5091000000, "netIncomeFromContinuingOps": 37862000000, "discontinuedOperations": {}, "extraordinaryItems": {}, "effectOfAccountingCharges": {}, "otherItems": {}, "netIncome": 37998000000, "netIncomeApplicableToCommonShares": 37998000000}], "maxAge": 86400}, "fundOwnership": {"maxAge": 1, "ownershipList": [{"maxAge": 1, "reportDate": "2021-01-31", "organization": "Vanguard International Stock Index-Emerging Markets Stk", "pctHeld": 0.0072000003, "position": 6940221, "value": 6672328469}, {"maxAge": 1, "reportDate": "2021-01-31", "organization": "Vanguard International Stock Index-Total Intl Stock Indx", "pctHeld": 0.0070999996, "position": 6881465, "value": 6615840451}, {"maxAge": 1, "reportDate": "2021-03-31", "organization": "iShares Core MSCI Emerging Markets ETF", "pctHeld": 0.0056, "position": 5466618, "value": 5419878416}, {"maxAge": 1, "reportDate": "2021-03-31", "organization": "SEI Institutional Investment Tr-World Equity Ex-U.S. Fd", "pctHeld": 0.0054, "position": 5187430, "value": 5143077473}, {"maxAge": 1, "reportDate": "2021-03-31", "organization": "iShares MSCI India ETF", "pctHeld": 0.0045, "position": 4402658, "value": 4365015274}, {"maxAge": 1, "reportDate": "2020-12-31", "organization": "Baillie Gifford Emerging Markets Equities Fund", "pctHeld": 0.0044, "position": 4263318, "value": 4149061077}, {"maxAge": 1, "reportDate": "2020-12-31", "organization": "Calvert World Values Emerging Markets Equity Fund", "pctHeld": 0.0034, "position": 3257471, "value": 3170170777}, {"maxAge": 1, "reportDate": "2021-01-31", "organization": "Blackrock Emerging Markets Fund", "pctHeld": 0.0025, "position": 2425370, "value": 2331750718}, {"maxAge": 1, "reportDate": "2021-03-31", "organization": "iShares MSCI Emerging Markets ETF", "pctHeld": 0.0025, "position": 2416715, "value": 2396052086}, {"maxAge": 1, "reportDate": "2020-12-31", "organization": "Fiera Cap Ser Tr-Fiera Cap Emerging Markets Fd", "pctHeld": 0.0023999999, "position": 2285317, "value": 2224070504}]}, "summaryDetail": {"maxAge": 1, "priceHint": 2, "previousClose": 976.9, "open": 973.8, "dayLow": 955.4, "dayHigh": 976.9, "regularMarketPreviousClose": 976.9, "regularMarketOpen": 973.8, "regularMarketDayLow": 955.4, "regularMarketDayHigh": 976.9, "dividendRate": 15.0, "dividendYield": 0.0154, "exDividendDate": "2021-07-26 05:30:00", "payoutRatio": 0.3985, "fiveYearAvgDividendYield": 1.91, "beta": 0.497487, "trailingPE": 19.135286, "forwardPE": 17.911228, "volume": 3128337, "regularMarketVolume": 3128337, "averageVolume": 4210397, "averageVolume10days": 4771278, "averageDailyVolume10Day": 4771278, "bid": 0.0, "ask": 0.0, "bidSize": 0, "askSize": 0, "marketCap": 930033106944, "fiftyTwoWeekLow": 490.0, "fiftyTwoWeekHigh": 1081.55, "priceToSalesTrailing12Months": 2.4568238, "fiftyDayAverage": 996.57086, "twoHundredDayAverage": 944.4845, "trailingAnnualDividendRate": 15.0, "trailingAnnualDividendYield": 0.015354693, "currency": "INR", "fromCurrency": null, "toCurrency": null, "lastMarket": null, "algorithm": null, "tradeable": false}, "insiderHolders": {"holders": [{"maxAge": 1, "name": "BT Group Plc", "relation": "", "url": "", "transactionDescription": "Sold", "latestTransDate": "2012-08-30", "positionDirect": 11612957, "positionDirectDate": "2012-08-30"}], "maxAge": 1}, "calendarEvents": {"maxAge": 1, "earnings": {"earningsDate": ["2021-07-26 05:30:S", "2021-07-30 05:30:S"], "revenueAverage": 90296000000, "revenueLow": 86927000000, "revenueHigh": 92204500000}, "exDividendDate": "2021-07-26 05:30:00"}, "price": {"maxAge": 1, "regularMarketChangePercent": -0.016890163, "regularMarketChange": -16.5, "regularMarketTime": "2021-04-30 15:30:00", "priceHint": 2, "regularMarketPrice": 960.4, "regularMarketDayHigh": 976.9, "regularMarketDayLow": 955.4, "regularMarketVolume": 3128337, "averageDailyVolume10Day": 4771278, "averageDailyVolume3Month": 4210397, "regularMarketPreviousClose": 976.9, "regularMarketSource": "FREE_REALTIME", "regularMarketOpen": 973.8, "exchange": "NSI", "exchangeName": "NSE", "exchangeDataDelayedBy": 15, "marketState": "CLOSED", "quoteType": "EQUITY", "symbol": "TECHM.NS", "underlyingSymbol": null, "shortName": "TECH MAHINDRA", "longName": "Tech Mahindra Limited", "currency": "INR", "quoteSourceName": "Delayed Quote", "currencySymbol": "\u20b9", "fromCurrency": null, "toCurrency": null, "lastMarket": null, "marketCap": 930033106944}, "balanceSheetHistory": {"balanceSheetStatements": [{"maxAge": 1, "endDate": "2021-03-31", "cash": 28352000000, "shortTermInvestments": 129900000000, "netReceivables": 64728000000, "inventory": 242000000, "otherCurrentAssets": 29331000000, "totalCurrentAssets": 252553000000, "longTermInvestments": 10501000000, "propertyPlantEquipment": 35887000000, "goodWill": 40082000000, "intangibleAssets": 14508000000, "otherAssets": 43249000000, "deferredLongTermAssetCharges": 9133000000, "totalAssets": 396780000000, "accountsPayable": 27850000000, "otherCurrentLiab": 55962000000, "longTermDebt": 1658000000, "otherLiab": 31825000000, "minorityInterest": 3795000000, "totalCurrentLiabilities": 102775000000, "totalLiab": 144335000000, "commonStock": 4370000000, "treasuryStock": 244280000000, "otherStockholderEquity": 244280000000, "totalStockholderEquity": 248650000000, "netTangibleAssets": 194060000000}, {"maxAge": 1, "endDate": "2020-03-31", "cash": 30167000000, "shortTermInvestments": 11572000000, "netReceivables": 117237000000, "inventory": 358000000, "otherCurrentAssets": 21960000000, "totalCurrentAssets": 231723000000, "longTermInvestments": 2913000000, "propertyPlantEquipment": 38840000000, "goodWill": 33877000000, "intangibleAssets": 15060000000, "otherAssets": 51122000000, "deferredLongTermAssetCharges": 8443000000, "totalAssets": 373535000000, "accountsPayable": 32566000000, "shortLongTermDebt": 425000000, "otherCurrentLiab": 35908000000, "longTermDebt": 1787000000, "otherLiab": 31888000000, "deferredLongTermLiab": 9724000000, "minorityInterest": 3933000000, "totalCurrentLiabilities": 109257000000, "totalLiab": 151471000000, "commonStock": 4830000000, "retainedEarnings": 196916000000, "treasuryStock": 7177000000, "capitalSurplus": 9208000000, "otherStockholderEquity": 7648000000, "totalStockholderEquity": 218131000000, "netTangibleAssets": 169194000000}, {"maxAge": 1, "endDate": "2019-03-31", "cash": 20427000000, "shortTermInvestments": 12516000000, "netReceivables": 101908000000, "inventory": 752000000, "otherCurrentAssets": 22170000000, "totalCurrentAssets": 215658000000, "longTermInvestments": 8354000000, "propertyPlantEquipment": 28992000000, "goodWill": 28163000000, "intangibleAssets": 14512000000, "otherAssets": 38790000000, "deferredLongTermAssetCharges": 6091000000, "totalAssets": 334469000000, "accountsPayable": 24893000000, "shortLongTermDebt": 5609000000, "otherCurrentLiab": 47805000000, "longTermDebt": 1844000000, "otherLiab": 21450000000, "deferredLongTermLiab": 666000000, "minorityInterest": 4777000000, "totalCurrentLiabilities": 103312000000, "totalLiab": 126848000000, "commonStock": 4917000000, "retainedEarnings": 182564000000, "treasuryStock": 7752000000, "capitalSurplus": 7611000000, "otherStockholderEquity": 8232000000, "totalStockholderEquity": 202844000000, "netTangibleAssets": 160169000000}, {"maxAge": 1, "endDate": "2018-03-31", "cash": 19661000000, "shortTermInvestments": 15820000000, "netReceivables": 90709000000, "inventory": 659000000, "otherCurrentAssets": 19564000000, "totalCurrentAssets": 181070000000, "longTermInvestments": 12981000000, "propertyPlantEquipment": 32209000000, "goodWill": 27727000000, "intangibleAssets": 16781000000, "otherAssets": 33604000000, "deferredLongTermAssetCharges": 5766000000, "totalAssets": 304372000000, "accountsPayable": 20368000000, "shortLongTermDebt": 5375000000, "otherCurrentLiab": 28653000000, "longTermDebt": 6004000000, "otherLiab": 23975000000, "deferredLongTermLiab": 1055000000, "minorityInterest": 5091000000, "totalCurrentLiabilities": 79167000000, "totalLiab": 110853000000, "commonStock": 4897000000, "retainedEarnings": 154361000000, "treasuryStock": 5381000000, "capitalSurplus": 23789000000, "otherStockholderEquity": 5861000000, "totalStockholderEquity": 188428000000, "netTangibleAssets": 143920000000}], "maxAge": 86400}, "earningsTrend": {"trend": [{"maxAge": 1, "period": "0q", "endDate": "2018-12-31", "growth": {}, "earningsEstimate": {"avg": 0.0, "low": 0.0, "high": 0.0, "yearAgoEps": 10.73, "numberOfAnalysts": 0, "growth": {}}, "revenueEstimate": {"avg": 90296000000, "low": 86927000000, "high": 92204500000, "numberOfAnalysts": 7, "yearAgoRevenue": 77759600000, "growth": 0.161}, "epsTrend": {"current": 0.0, "7daysAgo": 12.19, "30daysAgo": 12.19, "60daysAgo": 12.19, "90daysAgo": 12.19}, "epsRevisions": {"upLast7days": 0, "upLast30days": 0, "downLast30days": 0, "downLast90days": {}}}, {"maxAge": 1, "period": "+1q", "endDate": "2019-03-31", "growth": {}, "earningsEstimate": {"avg": 0.0, "low": 0.0, "high": 0.0, "yearAgoEps": 13.72, "numberOfAnalysts": 0, "growth": {}}, "revenueEstimate": {"avg": 92520800000, "low": 89427000000, "high": 94344000000, "numberOfAnalysts": 7, "yearAgoRevenue": 80545000000, "growth": 0.14899999}, "epsTrend": {"current": 0.0, "7daysAgo": 12.57, "30daysAgo": 12.57, "60daysAgo": 12.57, "90daysAgo": 12.57}, "epsRevisions": {"upLast7days": 0, "upLast30days": 0, "downLast30days": 0, "downLast90days": {}}}, {"maxAge": 1, "period": "0y", "endDate": "2019-03-31", "growth": {}, "earningsEstimate": {"avg": 0.0, "low": 0.0, "high": 0.0, "yearAgoEps": {}, "numberOfAnalysts": 0, "growth": {}}, "revenueEstimate": {"avg": 351218000000, "low": 341217000000, "high": 359442000000, "numberOfAnalysts": 41, "yearAgoRevenue": 307729000000, "growth": 0.141}, "epsTrend": {"current": 0.0, "7daysAgo": 47.4, "30daysAgo": 47.4, "60daysAgo": 47.4, "90daysAgo": 47.4}, "epsRevisions": {"upLast7days": 0, "upLast30days": 2, "downLast30days": 0, "downLast90days": {}}}, {"maxAge": 1, "period": "+1y", "endDate": "2020-03-31", "growth": {}, "earningsEstimate": {"avg": 0.0, "low": 0.0, "high": 0.0, "yearAgoEps": {}, "numberOfAnalysts": 0, "growth": {}}, "revenueEstimate": {"avg": 389061000000, "low": 368645000000, "high": 417457000000, "numberOfAnalysts": 41, "yearAgoRevenue": 351218000000, "growth": 0.108}, "epsTrend": {"current": 0.0, "7daysAgo": 53.62, "30daysAgo": 53.62, "60daysAgo": 53.62, "90daysAgo": 53.62}, "epsRevisions": {"upLast7days": 0, "upLast30days": 1, "downLast30days": 0, "downLast90days": {}}}, {"maxAge": 1, "period": "+5y", "endDate": null, "growth": 0.0912, "earningsEstimate": {"avg": {}, "low": {}, "high": {}, "yearAgoEps": {}, "numberOfAnalysts": {}, "growth": {}}, "revenueEstimate": {"avg": {}, "low": {}, "high": {}, "numberOfAnalysts": {}, "yearAgoRevenue": {}, "growth": {}}, "epsTrend": {"current": {}, "7daysAgo": {}, "30daysAgo": {}, "60daysAgo": {}, "90daysAgo": {}}, "epsRevisions": {"upLast7days": {}, "upLast30days": {}, "downLast30days": {}, "downLast90days": {}}}, {"maxAge": 1, "period": "-5y", "endDate": null, "growth": {}, "earningsEstimate": {"avg": {}, "low": {}, "high": {}, "yearAgoEps": {}, "numberOfAnalysts": {}, "growth": {}}, "revenueEstimate": {"avg": {}, "low": {}, "high": {}, "numberOfAnalysts": {}, "yearAgoRevenue": {}, "growth": {}}, "epsTrend": {"current": {}, "7daysAgo": {}, "30daysAgo": {}, "60daysAgo": {}, "90daysAgo": {}}, "epsRevisions": {"upLast7days": {}, "upLast30days": {}, "downLast30days": {}, "downLast90days": {}}}], "maxAge": 1}, "institutionOwnership": {"maxAge": 1, "ownershipList": [{"maxAge": 1, "reportDate": "2020-12-31", "organization": "Stanley-Laman Group, Ltd.", "pctHeld": 0.0001, "position": 50000, "value": 48660000}]}, "majorHoldersBreakdown": {"maxAge": 1, "insidersPercentHeld": 0.36813998, "institutionsPercentHeld": 0.35909, "institutionsFloatPercentHeld": 0.56831, "institutionsCount": 256}, "balanceSheetHistoryQuarterly": {"balanceSheetStatements": [{"maxAge": 1, "endDate": "2021-03-31", "cash": 28352000000, "shortTermInvestments": 129900000000, "netReceivables": 64728000000, "inventory": 242000000, "otherCurrentAssets": 29331000000, "totalCurrentAssets": 252553000000, "longTermInvestments": 10501000000, "propertyPlantEquipment": 35887000000, "goodWill": 40082000000, "intangibleAssets": 14508000000, "otherAssets": 43249000000, "deferredLongTermAssetCharges": 9133000000, "totalAssets": 396780000000, "accountsPayable": 27850000000, "otherCurrentLiab": 55962000000, "longTermDebt": 1658000000, "otherLiab": 31825000000, "minorityInterest": 3795000000, "totalCurrentLiabilities": 102775000000, "totalLiab": 144335000000, "commonStock": 4370000000, "treasuryStock": 244280000000, "otherStockholderEquity": 244280000000, "totalStockholderEquity": 248650000000, "netTangibleAssets": 194060000000}, {"maxAge": 1, "endDate": "2020-12-31", "totalStockholderEquity": 236924000000, "netTangibleAssets": 184383000000}, {"maxAge": 1, "endDate": "2020-09-30", "cash": 44353000000, "shortTermInvestments": 101241000000, "netReceivables": 64230000000, "inventory": 277000000, "otherCurrentAssets": 28883000000, "totalCurrentAssets": 238984000000, "longTermInvestments": 6661000000, "propertyPlantEquipment": 37599000000, "goodWill": 36615000000, "intangibleAssets": 15926000000, "otherAssets": 46711000000, "deferredLongTermAssetCharges": 9021000000, "totalAssets": 382496000000, "accountsPayable": 30035000000, "otherCurrentLiab": 52116000000, "longTermDebt": 2148000000, "otherLiab": 30372000000, "minorityInterest": 4129000000, "totalCurrentLiabilities": 99863000000, "totalLiab": 141443000000, "commonStock": 4362000000, "treasuryStock": 232562000000, "otherStockholderEquity": 232562000000, "totalStockholderEquity": 236924000000, "netTangibleAssets": 184383000000}, {"maxAge": 1, "endDate": "2020-06-30", "totalStockholderEquity": 218131000000, "netTangibleAssets": 169194000000}], "maxAge": 86400}, "earningsHistory": {"history": [{"maxAge": 1, "epsActual": 10.73, "epsEstimate": 8.71, "epsDifference": 2.02, "surprisePercent": 0.23200001, "quarter": "2017-12-31", "period": "-4q"}, {"maxAge": 1, "epsActual": 13.72, "epsEstimate": 10.16, "epsDifference": 3.56, "surprisePercent": 0.35, "quarter": "2018-03-31", "period": "-3q"}, {"maxAge": 1, "epsActual": 10.07, "epsEstimate": 9.96, "epsDifference": 0.11, "surprisePercent": 0.011, "quarter": "2018-06-30", "period": "-2q"}, {"maxAge": 1, "epsActual": 11.93, "epsEstimate": 11.15, "epsDifference": 0.78, "surprisePercent": 0.07, "quarter": "2018-09-30", "period": "-1q"}], "maxAge": 86400}, "esgScores": {"maxAge": 86400, "totalEsg": 13.12, "environmentScore": 0.47, "socialScore": 6.81, "governanceScore": 5.84, "ratingYear": 2021, "ratingMonth": 3, "highestControversy": 1.0, "peerCount": 103, "esgPerformance": "UNDER_PERF", "peerGroup": "Software & Services", "relatedControversy": ["Employee Incidents", "Business Ethics Incidents"], "peerEsgScorePerformance": {"min": 10.19, "avg": 18.86601941747573, "max": 45.0}, "peerGovernancePerformance": {"min": 4.18, "avg": 7.276237623762375, "max": 33.22}, "peerSocialPerformance": {"min": 3.9, "avg": 10.493564356435645, "max": 17.93}, "peerEnvironmentPerformance": {"min": 0.0, "avg": 0.9888118811881185, "max": 3.67}, "peerHighestControversyPerformance": {"min": 0.0, "avg": 1.4660194174757282, "max": 5.0}, "percentile": 4.52, "environmentPercentile": null, "socialPercentile": null, "governancePercentile": null, "adult": false, "alcoholic": false, "animalTesting": false, "catholic": false, "controversialWeapons": false, "smallArms": false, "furLeather": false, "gambling": false, "gmo": false, "militaryContract": false, "nuclear": false, "pesticides": false, "palmOil": false, "coal": false, "tobacco": false}, "summaryProfile": {"address1": "Plot No. 1, Phase III", "address2": "Rajiv Gandhi Infotech Park Hinjewadi", "city": "Pune", "zip": "411057", "country": "India", "phone": "91 20 4225 0000", "fax": "91 20 4225 2501", "website": "http://www.techmahindra.com", "industry": "Information Technology Services", "sector": "Technology", "longBusinessSummary": "Tech Mahindra Limited provides information technology (IT) services and solutions in the Americas, Europe, India, and internationally. The company operates through IT Business and Business Processing Outsourcing (BPO) segments. It offers IT outsourcing, consulting, application outsourcing, network, infrastructure outsourcing, integrated engineering, BPO, platform, and mobile value added services. The company also provides consulting-led integrated portfolio services to telecom equipment manufacturers and service providers, IT infrastructure service providers, and business process outsourcing service providers; and IT and IT-enabled enterprise solutions. In addition, it offers IT enabled, application development and maintenance, consulting and enterprise business solutions, extended engineering solutions, and infrastructure management services. Further, the company provides data and analytics; IT infrastructure and cloud services; customer experience solutions; enterprise platforms; and enterprise business solutions. Additionally, it offers testing, telecom product engineering, digital supply chain, performance engineering, and enterprise security and risk management services. The company serves insurance, banking and financial, manufacturing, telecommunication, transportation and logistics, engineering, entertainment, and public and government sectors; and retail and consumer goods industries. Tech Mahindra Limited has strategic partnerships with Openet, ChampTrax, Lucideus, and eNate Limited. The company was founded in 1986 and is based in Pune, India.", "fullTimeEmployees": 121054, "companyOfficers": [], "maxAge": 86400}, "netSharePurchaseActivity": {"maxAge": 1, "period": "6m", "buyInfoCount": 0, "buyInfoShares": 0, "sellInfoCount": 0, "netInfoCount": 0, "netInfoShares": 0, "netPercentInsiderShares": 0.0, "totalInsiderShares": 321832320}, "insiderTransactions": {"transactions": [{"maxAge": 1, "shares": 17993703, "value": 251551967, "filerUrl": "", "transactionText": "Sold at price 13.98 per share.", "filerName": "BT Group Plc", "filerRelation": "", "moneyText": "", "startDate": "2012-08-30", "ownership": "D"}], "maxAge": 1}, "sectorTrend": {"maxAge": 1, "symbol": null, "estimates": []}, "incomeStatementHistoryQuarterly": {"incomeStatementHistory": [{"maxAge": 1, "endDate": "2021-03-31", "totalRevenue": 97299000000, "costOfRevenue": 59322000000, "grossProfit": 37977000000, "researchDevelopment": {}, "sellingGeneralAdministrative": {}, "nonRecurring": {}, "otherOperatingExpenses": 18496000000, "totalOperatingExpenses": 81262000000, "operatingIncome": 16037000000, "totalOtherIncomeExpenseNet": -596000000, "ebit": 16037000000, "interestExpense": -417000000, "incomeBeforeTax": 15441000000, "incomeTaxExpense": 4998000000, "minorityInterest": 3795000000, "netIncomeFromContinuingOps": 10443000000, "discontinuedOperations": {}, "extraordinaryItems": {}, "effectOfAccountingCharges": {}, "otherItems": {}, "netIncome": 10814000000, "netIncomeApplicableToCommonShares": 10814000000}, {"maxAge": 1, "endDate": "2020-12-31", "totalRevenue": 96471000000, "costOfRevenue": 61685000000, "grossProfit": 34786000000, "researchDevelopment": {}, "sellingGeneralAdministrative": {}, "nonRecurring": {}, "otherOperatingExpenses": 15831000000, "totalOperatingExpenses": 81100000000, "operatingIncome": 15371000000, "totalOtherIncomeExpenseNet": 1793000000, "ebit": 15371000000, "interestExpense": -421000000, "incomeBeforeTax": 17164000000, "incomeTaxExpense": 4263000000, "minorityInterest": 3795000000, "netIncomeFromContinuingOps": 12901000000, "discontinuedOperations": {}, "extraordinaryItems": {}, "effectOfAccountingCharges": {}, "otherItems": {}, "netIncome": 13098000000, "netIncomeApplicableToCommonShares": 13098000000}, {"maxAge": 1, "endDate": "2020-09-30", "totalRevenue": 93718000000, "costOfRevenue": 60497000000, "grossProfit": 33221000000, "researchDevelopment": {}, "sellingGeneralAdministrative": {}, "nonRecurring": {}, "otherOperatingExpenses": 16191000000, "totalOperatingExpenses": 80405000000, "operatingIncome": 13313000000, "totalOtherIncomeExpenseNet": 780000000, "ebit": 13313000000, "interestExpense": -399000000, "incomeBeforeTax": 14093000000, "incomeTaxExpense": 3462000000, "minorityInterest": 4129000000, "netIncomeFromContinuingOps": 10631000000, "discontinuedOperations": {}, "extraordinaryItems": {}, "effectOfAccountingCharges": {}, "otherItems": {}, "netIncome": 10646000000, "netIncomeApplicableToCommonShares": 10646000000}, {"maxAge": 1, "endDate": "2020-06-30", "totalRevenue": 91063000000, "costOfRevenue": 61212000000, "grossProfit": 29851000000, "researchDevelopment": {}, "sellingGeneralAdministrative": {}, "nonRecurring": {}, "otherOperatingExpenses": 16846000000, "totalOperatingExpenses": 81890000000, "operatingIncome": 9173000000, "totalOtherIncomeExpenseNet": 3659000000, "ebit": 9173000000, "interestExpense": -503000000, "incomeBeforeTax": 12832000000, "incomeTaxExpense": 3276000000, "minorityInterest": 4129000000, "netIncomeFromContinuingOps": 9556000000, "discontinuedOperations": {}, "extraordinaryItems": {}, "effectOfAccountingCharges": {}, "otherItems": {}, "netIncome": 9723000000, "netIncomeApplicableToCommonShares": 9723000000}], "maxAge": 86400}, "cashflowStatementHistoryQuarterly": {"cashflowStatements": [{"maxAge": 1, "endDate": "2021-03-31", "netIncome": 10814000000, "changeToLiabilities": 0}, {"maxAge": 1, "endDate": "2020-12-31", "netIncome": 13098000000, "changeToLiabilities": 0}, {"maxAge": 1, "endDate": "2020-09-30", "netIncome": 10646000000, "changeToLiabilities": 0}, {"maxAge": 1, "endDate": "2020-06-30", "netIncome": 9723000000, "changeToLiabilities": 0}], "maxAge": 86400}, "earnings": {"maxAge": 86400, "earningsChart": {"quarterly": [{"date": "4Q2017", "actual": 10.73, "estimate": 8.71}, {"date": "1Q2018", "actual": 13.72, "estimate": 10.16}, {"date": "2Q2018", "actual": 10.07, "estimate": 9.96}, {"date": "3Q2018", "actual": 11.93, "estimate": 11.15}], "currentQuarterEstimateDate": "4Q", "currentQuarterEstimateYear": 2018, "earningsDate": ["2021-07-26 05:30:S", "2021-07-30 05:30:S"]}, "financialsChart": {"yearly": [{"date": 2018, "revenue": 307729000000, "earnings": 37998000000}, {"date": 2019, "revenue": 347421000000, "earnings": 42976000000}, {"date": 2020, "revenue": 380601000000, "earnings": 40330000000}, {"date": 2021, "revenue": 378551000000, "earnings": 44280000000}], "quarterly": [{"date": "2Q2020", "revenue": 91063000000, "earnings": 9723000000}, {"date": "3Q2020", "revenue": 93718000000, "earnings": 10646000000}, {"date": "4Q2020", "revenue": 96471000000, "earnings": 13098000000}, {"date": "1Q2021", "revenue": 97299000000, "earnings": 10814000000}]}, "financialCurrency": "INR"}, "financialData": {"maxAge": 86400, "currentPrice": 960.4, "targetHighPrice": 1063.0, "targetLowPrice": 650.0, "targetMeanPrice": 830.41, "targetMedianPrice": 830.0, "recommendationKey": "none", "numberOfAnalystOpinions": 41, "totalCash": 158252007424, "totalCashPerShare": 181.022, "ebitda": 68470001664, "totalDebt": 28697999360, "quickRatio": 2.17, "currentRatio": 2.457, "totalRevenue": 378551009280, "debtToEquity": 11.368, "revenuePerShare": 432.923, "returnOnAssets": 0.08745, "returnOnEquity": 0.18347, "grossProfits": 135835000000, "freeCashflow": 93336625152, "operatingCashflow": 80938000384, "earningsGrowth": 0.342, "revenueGrowth": 0.025, "grossMargins": 0.35883, "ebitdaMargins": 0.18087, "operatingMargins": 0.14237, "profitMargins": 0.116969995, "financialCurrency": "INR"}}}