{"TECHNOE.NS": {"assetProfile": {"address1": "1B, Park Plaza", "address2": "South Block 71, Park Street", "city": "Kolkata", "zip": "700016", "country": "India", "phone": "91 33 4051 3000", "fax": "91 33 4051 3326", "website": "http://www.techno.co.in", "industry": "Engineering & Construction", "sector": "Industrials", "longBusinessSummary": "Techno Electric & Engineering Company Limited provides engineering, procurement, and construction (EPC) services to the power generation, transmission, and distribution sectors in India. The company operates through EPC and Energy segments. It provides solutions for captive power plants, balance of plant for thermal and hydro power projects, utilities for power projects, and flue gas desulphurisation plants; constructs air-insulated and gas-insulated substations; and installs overhead lines. The company also undertakes industrial projects comprising plant electrical and illuminations, water and allied systems, installation of fire protection systems, oil handling plants, air conditioning, and ventilation system, as well as naptha- and diesel-based systems for turbine-based power plant, offsite piping systems. In addition, it is involved in the generation of wind power in Tamil Nadu with a capacity of 129.9 MW. Further, the company engages in building transmission linkages. It serves power, steel, fertilizer, metals, petrochemicals, and other sectors. The company was founded in 1963 and is headquartered in Kolkata, India.", "fullTimeEmployees": 405, "companyOfficers": [{"maxAge": 1, "name": "Mr. Padam Prakash Gupta", "age": 70, "title": "MD & Exec. Chairman", "yearBorn": 1950, "fiscalYear": 2020, "totalPay": 5400000, "exercisedValue": 0, "unexercisedValue": 0}, {"maxAge": 1, "name": "Mr. Ankit  Saraiya", "age": 34, "title": "Whole Time Director", "yearBorn": 1986, "fiscalYear": 2020, "totalPay": 2400000, "exercisedValue": 0, "unexercisedValue": 0}, {"maxAge": 1, "name": "Mr. Pradeep Kumar Lohia", "age": 56, "title": "Chief Financial Officer", "yearBorn": 1964, "fiscalYear": 2018, "exercisedValue": 0, "unexercisedValue": 0}, {"maxAge": 1, "name": "Mr. Deepak  Bafna", "title": "Gen. Mang. of Accounts & Fin.", "exercisedValue": 0, "unexercisedValue": 0}, {"maxAge": 1, "name": "Mr. Niranjan  Brahma", "age": 49, "title": "Compliance Officer & Company Sec.", "yearBorn": 1971, "exercisedValue": 0, "unexercisedValue": 0}, {"maxAge": 1, "name": "Mr. Sumanta  Chaudhuri", "age": 59, "title": "Pres of Bus. Devel.", "yearBorn": 1961, "exercisedValue": 0, "unexercisedValue": 0}, {"maxAge": 1, "name": "Mr. Asim Kumar Mitra", "title": "Exec. Director of Electrical", "exercisedValue": 0, "unexercisedValue": 0}], "compensationAsOfEpochDate": "2020-12-31 05:30:00", "maxAge": 86400}, "recommendationTrend": {"trend": [{"period": "0m", "strongBuy": 0, "buy": 0, "hold": 0, "sell": 0, "strongSell": 0}, {"period": "-1m", "strongBuy": 0, "buy": 0, "hold": 0, "sell": 0, "strongSell": 0}, {"period": "-2m", "strongBuy": 0, "buy": 0, "hold": 0, "sell": 0, "strongSell": 0}, {"period": "-3m", "strongBuy": 0, "buy": 0, "hold": 0, "sell": 0, "strongSell": 0}], "maxAge": 86400}, "cashflowStatementHistory": {"cashflowStatements": [{"maxAge": 1, "endDate": "2020-03-31", "netIncome": 1790984000, "depreciation": 415307000, "changeToNetincome": -644304000, "changeToAccountReceivables": -1048379000, "changeToLiabilities": 477177000, "changeToInventory": 124221000, "totalCashFromOperatingActivities": 1115321000, "capitalExpenditures": -5773000, "investments": -868863000, "otherCashflowsFromInvestingActivities": 253001000, "totalCashflowsFromInvestingActivities": 378529000, "netBorrowings": -444848000, "otherCashflowsFromFinancingActivities": -65804000, "totalCashFromFinancingActivities": -1606650000, "changeInCash": -112800000, "repurchaseOfStock": -1095998000}, {"maxAge": 1, "endDate": "2019-03-31", "netIncome": 1933779000, "depreciation": 416874000, "changeToNetincome": -525225000, "changeToAccountReceivables": 1289819000, "changeToLiabilities": -1029725000, "changeToInventory": -110949000, "totalCashFromOperatingActivities": 1975931000, "capitalExpenditures": -23348000, "investments": -853128000, "otherCashflowsFromInvestingActivities": 166204000, "totalCashflowsFromInvestingActivities": -1710065000, "netBorrowings": -40768000, "otherCashflowsFromFinancingActivities": -123609000, "totalCashFromFinancingActivities": -164377000, "changeInCash": 102286000, "repurchaseOfStock": -1095998000}, {"maxAge": 1, "endDate": "2018-03-31", "netIncome": 2056591000, "depreciation": 422257000, "changeToNetincome": -105078000, "changeToAccountReceivables": -1048043000, "changeToLiabilities": 870230000, "changeToInventory": -76098000, "totalCashFromOperatingActivities": 2121217000, "capitalExpenditures": -10672000, "investments": 328171000, "otherCashflowsFromInvestingActivities": 277982000, "totalCashflowsFromInvestingActivities": 595931000, "netBorrowings": -2352384000, "otherCashflowsFromFinancingActivities": -306000000, "totalCashFromFinancingActivities": -3258384000, "changeInCash": 280561000, "repurchaseOfStock": -600000000}, {"maxAge": 1, "endDate": "2017-03-31", "netIncome": 557420000, "depreciation": 374738000, "changeToNetincome": 115062000, "changeToAccountReceivables": 616356000, "changeToLiabilities": -67952000, "changeToInventory": -76098000, "totalCashFromOperatingActivities": 1595624000, "capitalExpenditures": -10672000, "investments": -1205681000, "otherCashflowsFromInvestingActivities": -373239000, "totalCashflowsFromInvestingActivities": -1578920000, "dividendsPaid": -140192000, "netBorrowings": -642584000, "otherCashflowsFromFinancingActivities": -225953000, "totalCashFromFinancingActivities": -552240000, "changeInCash": -535536000, "repurchaseOfStock": -600000000, "issuanceOfStock": 456489000}], "maxAge": 86400}, "indexTrend": {"maxAge": 1, "symbol": "SP5", "peRatio": 19.7411, "pegRatio": 1.34172, "estimates": [{"period": "0q", "growth": 0.549}, {"period": "+1q", "growth": 0.431}, {"period": "0y", "growth": 0.305}, {"period": "+1y", "growth": 0.109}, {"period": "+5y", "growth": 0.120865}, {"period": "-5y"}]}, "defaultKeyStatistics": {"maxAge": 1, "priceHint": 2, "enterpriseValue": 24627220480, "profitMargins": 0.18706, "floatShares": 38387394, "sharesOutstanding": 110000000, "heldPercentInsiders": 0.65199, "heldPercentInstitutions": 0.35322, "beta": 0.297105, "category": null, "bookValue": 146.609, "priceToBook": 2.0066984, "fundFamily": null, "legalType": null, "lastFiscalYearEnd": "2020-03-31 05:30:00", "nextFiscalYearEnd": "2022-03-31 05:30:00", "mostRecentQuarter": "2020-09-30 05:30:00", "earningsQuarterlyGrowth": -0.129, "netIncomeToCommon": 1499853952, "trailingEps": 13.635, "forwardEps": 21.35, "lastSplitFactor": "2:1", "lastSplitDate": "2016-09-07 05:30:00", "enterpriseToRevenue": 3.072, "enterpriseToEbitda": 14.585, "52WeekChange": 0.48623395, "SandP52WeekChange": 0.48148263, "lastDividendValue": 3.0, "lastDividendDate": 1614124800}, "industryTrend": {"maxAge": 1, "symbol": null, "estimates": []}, "quoteType": {"exchange": "NSI", "quoteType": "EQUITY", "symbol": "TECHNOE.NS", "underlyingSymbol": "TECHNOE.NS", "shortName": "TECHNO ELECTRIC &", "longName": "Techno Electric & Engineering Company Limited", "firstTradeDateEpochUtc": "2007-04-02 09:15:00", "timeZoneFullName": "Asia/Kolkata", "timeZoneShortName": "IST", "uuid": "2dd2303a-054e-34c2-9a82-5bc3d389247a", "messageBoardId": "finmb_20375575", "gmtOffSetMilliseconds": 19800000, "maxAge": 1}, "incomeStatementHistory": {"incomeStatementHistory": [{"maxAge": 1, "endDate": "2020-03-31", "totalRevenue": 8761661000, "costOfRevenue": 5576742000, "grossProfit": 3184919000, "researchDevelopment": {}, "sellingGeneralAdministrative": 444851000, "nonRecurring": {}, "otherOperatingExpenses": 577821000, "totalOperatingExpenses": 7015036000, "operatingIncome": 1746625000, "totalOtherIncomeExpenseNet": 417627000, "ebit": 1746625000, "interestExpense": -8564000, "incomeBeforeTax": 2164252000, "incomeTaxExpense": 373285000, "minorityInterest": 316000, "netIncomeFromContinuingOps": 1790967000, "discontinuedOperations": {}, "extraordinaryItems": {}, "effectOfAccountingCharges": {}, "otherItems": {}, "netIncome": 1790984000, "netIncomeApplicableToCommonShares": 1790984000}, {"maxAge": 1, "endDate": "2019-03-31", "totalRevenue": 9886436000, "costOfRevenue": 6337381000, "grossProfit": 3549055000, "researchDevelopment": {}, "sellingGeneralAdministrative": 459883000, "nonRecurring": {}, "otherOperatingExpenses": 575039000, "totalOperatingExpenses": 7790535000, "operatingIncome": 2095901000, "totalOtherIncomeExpenseNet": 581054000, "ebit": 2095901000, "interestExpense": -77370000, "incomeBeforeTax": 2676955000, "incomeTaxExpense": 743220000, "minorityInterest": 333000, "netIncomeFromContinuingOps": 1933735000, "discontinuedOperations": {}, "extraordinaryItems": {}, "effectOfAccountingCharges": {}, "otherItems": {}, "netIncome": 1933779000, "netIncomeApplicableToCommonShares": 1933779000}, {"maxAge": 1, "endDate": "2018-03-31", "totalRevenue": 12943634000, "costOfRevenue": 8862138000, "grossProfit": 4081496000, "researchDevelopment": {}, "sellingGeneralAdministrative": 437396000, "nonRecurring": {}, "otherOperatingExpenses": 648035000, "totalOperatingExpenses": 10371184000, "operatingIncome": 2572450000, "totalOtherIncomeExpenseNet": 132752000, "ebit": 2572450000, "interestExpense": -183829000, "incomeBeforeTax": 2705202000, "incomeTaxExpense": 648611000, "minorityInterest": 333000, "netIncomeFromContinuingOps": 2056591000, "discontinuedOperations": {}, "extraordinaryItems": {}, "effectOfAccountingCharges": {}, "otherItems": {}, "netIncome": 2056591000, "netIncomeApplicableToCommonShares": 2056591000}, {"maxAge": 1, "endDate": "2017-03-31", "totalRevenue": 1203730000, "costOfRevenue": 0, "grossProfit": 1203730000, "researchDevelopment": {}, "sellingGeneralAdministrative": 11551000, "nonRecurring": {}, "otherOperatingExpenses": 91231000, "totalOperatingExpenses": 477520000, "operatingIncome": 726210000, "totalOtherIncomeExpenseNet": -25997000, "ebit": 726210000, "interestExpense": -212979000, "incomeBeforeTax": 700213000, "incomeTaxExpense": 142793000, "minorityInterest": 333000, "netIncomeFromContinuingOps": 557420000, "discontinuedOperations": {}, "extraordinaryItems": {}, "effectOfAccountingCharges": {}, "otherItems": {}, "netIncome": 557420000, "netIncomeApplicableToCommonShares": 557420000}], "maxAge": 86400}, "fundOwnership": {"maxAge": 1, "ownershipList": []}, "summaryDetail": {"maxAge": 1, "priceHint": 2, "previousClose": 294.25, "open": 291.6, "dayLow": 288.15, "dayHigh": 295.9, "regularMarketPreviousClose": 294.25, "regularMarketOpen": 291.6, "regularMarketDayLow": 288.15, "regularMarketDayHigh": 295.9, "dividendRate": 6.0, "dividendYield": 0.020399999, "exDividendDate": "2021-02-24 05:30:00", "payoutRatio": 0.1875, "beta": 0.297105, "trailingPE": 21.576824, "forwardPE": 13.77986, "volume": 29918, "regularMarketVolume": 29918, "averageVolume": 171317, "averageVolume10days": 13683, "averageDailyVolume10Day": 13683, "bid": 0.0, "ask": 0.0, "bidSize": 0, "askSize": 0, "marketCap": 32378476544, "fiftyTwoWeekLow": 171.05, "fiftyTwoWeekHigh": 327.85, "priceToSalesTrailing12Months": 4.038281, "fiftyDayAverage": 299.31857, "twoHundredDayAverage": 251.6198, "currency": "INR", "fromCurrency": null, "toCurrency": null, "lastMarket": null, "algorithm": null, "tradeable": false}, "insiderHolders": {"holders": [{"maxAge": 1, "name": "Aarkay Investments Pvt Ltd", "relation": "Institution- Corporation", "url": "", "transactionDescription": "Sale", "latestTransDate": "2014-09-24", "positionDirect": 2835215, "positionDirectDate": "2014-09-24"}, {"maxAge": 1, "name": "Checons Ltd", "relation": "Promoter", "url": "", "transactionDescription": "Acquisition", "latestTransDate": "2017-03-27", "positionDirect": 2353806, "positionDirectDate": "2017-03-27"}, {"maxAge": 1, "name": "Gupta (Padam Prakash)", "relation": "Promoter", "url": "", "transactionDescription": "Sale", "latestTransDate": "2017-03-27", "positionDirect": 598800, "positionDirectDate": "2017-03-27"}, {"maxAge": 1, "name": "J P Financial Services Pvt Ltd", "relation": "Institution- Corporation", "url": "", "transactionDescription": "Sale", "latestTransDate": "2014-11-28", "positionDirect": 3452447, "positionDirectDate": "2014-11-28"}, {"maxAge": 1, "name": "Kotak Midcap Fund", "relation": "Promoter", "url": "", "transactionDescription": "Acquisition", "latestTransDate": "2021-01-05", "positionDirect": 5518465, "positionDirectDate": "2021-01-05"}, {"maxAge": 1, "name": "Kusum Industrial Gases Ltd", "relation": "Promoter", "url": "", "transactionDescription": "Acquisition", "latestTransDate": "2017-03-27", "positionDirect": 14591000, "positionDirectDate": "2017-03-27"}, {"maxAge": 1, "name": "Noble Communications Pvt Ltd", "relation": "Institution- Corporation", "url": "", "transactionDescription": "Sale", "latestTransDate": "2014-11-28", "positionDirect": 2841014, "positionDirectDate": "2014-11-28"}, {"maxAge": 1, "name": "Pragya Commerce Pvt Ltd", "relation": "Promoter", "url": "", "transactionDescription": "Sale", "latestTransDate": "2014-05-29", "positionDirect": 717753, "positionDirectDate": "2014-05-29"}, {"maxAge": 1, "name": "Trimurti Associates Pvt Ltd", "relation": "Promoter", "url": "", "transactionDescription": "Acquisition", "latestTransDate": "2017-03-27", "positionDirect": 2034924, "positionDirectDate": "2017-03-27"}, {"maxAge": 1, "name": "Varanasi Commercial Ltd", "relation": "Promoter", "url": "", "transactionDescription": "Acquisition", "latestTransDate": "2017-03-27", "positionDirect": 24604800, "positionDirectDate": "2017-03-27"}], "maxAge": 1}, "calendarEvents": {"maxAge": 1, "earnings": {"earningsDate": ["2021-02-15 05:30:S"], "revenueAverage": 3022620000, "revenueLow": 3313000000, "revenueHigh": 3608000000}, "exDividendDate": "2021-02-24 05:30:00"}, "price": {"maxAge": 1, "regularMarketChangePercent": -0.00016988204, "regularMarketChange": -0.049987793, "regularMarketTime": "2021-04-30 15:29:58", "priceHint": 2, "regularMarketPrice": 294.2, "regularMarketDayHigh": 295.9, "regularMarketDayLow": 288.15, "regularMarketVolume": 29918, "averageDailyVolume10Day": 13683, "averageDailyVolume3Month": 171317, "regularMarketPreviousClose": 294.25, "regularMarketSource": "FREE_REALTIME", "regularMarketOpen": 291.6, "exchange": "NSI", "exchangeName": "NSE", "exchangeDataDelayedBy": 15, "marketState": "CLOSED", "quoteType": "EQUITY", "symbol": "TECHNOE.NS", "underlyingSymbol": null, "shortName": "TECHNO ELECTRIC &", "longName": "Techno Electric & Engineering Company Limited", "currency": "INR", "quoteSourceName": "Delayed Quote", "currencySymbol": "\u20b9", "fromCurrency": null, "toCurrency": null, "lastMarket": null, "marketCap": 32378476544}, "balanceSheetHistory": {"balanceSheetStatements": [{"maxAge": 1, "endDate": "2020-03-31", "cash": 364851000, "shortTermInvestments": 62154000, "netReceivables": 7361067000, "inventory": 65017000, "otherCurrentAssets": 455697000, "totalCurrentAssets": 13963978000, "longTermInvestments": 1445504000, "propertyPlantEquipment": 5067151000, "goodWill": 9502000, "intangibleAssets": 427000, "otherAssets": 308099000, "totalAssets": 20794661000, "accountsPayable": 3966328000, "otherCurrentLiab": 193839000, "otherLiab": 1606645000, "minorityInterest": 316000, "totalCurrentLiabilities": 4223004000, "totalLiab": 5829649000, "commonStock": 220000000, "retainedEarnings": 14582515000, "treasuryStock": 162181000, "otherStockholderEquity": 162181000, "totalStockholderEquity": 14964696000, "netTangibleAssets": 14954767000}, {"maxAge": 1, "endDate": "2019-03-31", "cash": 477651000, "shortTermInvestments": 6129000, "netReceivables": 7369287000, "inventory": 189238000, "otherCurrentAssets": 434456000, "totalCurrentAssets": 13452999000, "longTermInvestments": 1058809000, "propertyPlantEquipment": 5450396000, "goodWill": 9502000, "intangibleAssets": 742000, "otherAssets": 201156000, "totalAssets": 20173604000, "accountsPayable": 3364420000, "shortLongTermDebt": 238641000, "otherCurrentLiab": 194448000, "otherLiab": 1865022000, "minorityInterest": 333000, "totalCurrentLiabilities": 4045958000, "totalLiab": 5910980000, "commonStock": 225365000, "retainedEarnings": 12872899000, "treasuryStock": 145672000, "capitalSurplus": 1018355000, "otherStockholderEquity": 145672000, "totalStockholderEquity": 14262291000, "netTangibleAssets": 14252047000}, {"maxAge": 1, "endDate": "2018-03-31", "cash": 375365000, "shortTermInvestments": 41106000, "netReceivables": 7715808000, "inventory": 78289000, "otherCurrentAssets": 401506000, "totalCurrentAssets": 12339448000, "longTermInvestments": 925608000, "propertyPlantEquipment": 5844080000, "goodWill": 1473000, "intangibleAssets": 2100000, "otherAssets": 84196000, "totalAssets": 19196905000, "accountsPayable": 4491703000, "shortLongTermDebt": 420485000, "otherCurrentLiab": 102041000, "longTermDebt": 224401000, "otherLiab": 1489448000, "totalCurrentLiabilities": 5164531000, "totalLiab": 6878380000, "commonStock": 225365000, "retainedEarnings": 10927048000, "treasuryStock": 147757000, "capitalSurplus": 1018355000, "otherStockholderEquity": 147757000, "totalStockholderEquity": 12318525000, "netTangibleAssets": 12314952000}, {"maxAge": 1, "endDate": "2017-03-31", "cash": 94804000, "netReceivables": 1286988000, "otherCurrentAssets": 2239000, "totalCurrentAssets": 3371697000, "longTermInvestments": 117909000, "propertyPlantEquipment": 6159679000, "goodWill": 1473000, "otherAssets": 19156000, "totalAssets": 9669914000, "accountsPayable": 63657000, "shortLongTermDebt": 628113000, "otherCurrentLiab": 7249000, "longTermDebt": 2099427000, "otherLiab": 181756000, "totalCurrentLiabilities": 770312000, "totalLiab": 3051495000, "commonStock": 1782113000, "retainedEarnings": 1661251000, "treasuryStock": 43000, "capitalSurplus": 3175012000, "otherStockholderEquity": 43000, "totalStockholderEquity": 6618419000, "netTangibleAssets": 6616946000}], "maxAge": 86400}, "earningsTrend": {"trend": [{"maxAge": 1, "period": "0q", "endDate": "2018-06-30", "growth": {}, "earningsEstimate": {"avg": 0.0, "low": 0.0, "high": 0.0, "yearAgoEps": 6.11, "numberOfAnalysts": 0, "growth": {}}, "revenueEstimate": {"avg": 3022620000, "low": 3313000000, "high": 3608000000, "numberOfAnalysts": 2, "yearAgoRevenue": 3747700000, "growth": -0.19299999}, "epsTrend": {"current": 0.0, "7daysAgo": 5.33, "30daysAgo": 5.33, "60daysAgo": 5.33, "90daysAgo": 5.33}, "epsRevisions": {"upLast7days": 0, "upLast30days": 0, "downLast30days": 0, "downLast90days": {}}}, {"maxAge": 1, "period": "+1q", "endDate": "2018-09-30", "growth": {}, "earningsEstimate": {"avg": 0.0, "low": 0.0, "high": 0.0, "yearAgoEps": 5.32, "numberOfAnalysts": 0, "growth": {}}, "revenueEstimate": {"avg": 2293000000, "low": 2293000000, "high": 2293000000, "numberOfAnalysts": 1, "yearAgoRevenue": 2014020000, "growth": 0.139}, "epsTrend": {"current": 0.0, "7daysAgo": 4.8, "30daysAgo": 4.8, "60daysAgo": 4.8, "90daysAgo": 4.8}, "epsRevisions": {"upLast7days": 0, "upLast30days": 0, "downLast30days": 0, "downLast90days": {}}}, {"maxAge": 1, "period": "0y", "endDate": "2019-03-31", "growth": {}, "earningsEstimate": {"avg": 0.0, "low": 0.0, "high": 0.0, "yearAgoEps": {}, "numberOfAnalysts": 0, "growth": {}}, "revenueEstimate": {"avg": 12450500000, "low": 10705000000, "high": 13695000000, "numberOfAnalysts": 6, "yearAgoRevenue": 11733700000, "growth": 0.061}, "epsTrend": {"current": 0.0, "7daysAgo": 19.07, "30daysAgo": 19.07, "60daysAgo": 19.07, "90daysAgo": 19.07}, "epsRevisions": {"upLast7days": 0, "upLast30days": 1, "downLast30days": 0, "downLast90days": {}}}, {"maxAge": 1, "period": "+1y", "endDate": "2020-03-31", "growth": {}, "earningsEstimate": {"avg": 0.0, "low": 0.0, "high": 0.0, "yearAgoEps": {}, "numberOfAnalysts": 0, "growth": {}}, "revenueEstimate": {"avg": 14470000000, "low": 12211000000, "high": 16040000000, "numberOfAnalysts": 6, "yearAgoRevenue": 12450500000, "growth": 0.162}, "epsTrend": {"current": 0.0, "7daysAgo": 21.35, "30daysAgo": 21.35, "60daysAgo": 21.35, "90daysAgo": 21.35}, "epsRevisions": {"upLast7days": 0, "upLast30days": 1, "downLast30days": 0, "downLast90days": {}}}, {"maxAge": 1, "period": "+5y", "endDate": null, "growth": -0.277, "earningsEstimate": {"avg": {}, "low": {}, "high": {}, "yearAgoEps": {}, "numberOfAnalysts": {}, "growth": {}}, "revenueEstimate": {"avg": {}, "low": {}, "high": {}, "numberOfAnalysts": {}, "yearAgoRevenue": {}, "growth": {}}, "epsTrend": {"current": {}, "7daysAgo": {}, "30daysAgo": {}, "60daysAgo": {}, "90daysAgo": {}}, "epsRevisions": {"upLast7days": {}, "upLast30days": {}, "downLast30days": {}, "downLast90days": {}}}, {"maxAge": 1, "period": "-5y", "endDate": null, "growth": {}, "earningsEstimate": {"avg": {}, "low": {}, "high": {}, "yearAgoEps": {}, "numberOfAnalysts": {}, "growth": {}}, "revenueEstimate": {"avg": {}, "low": {}, "high": {}, "numberOfAnalysts": {}, "yearAgoRevenue": {}, "growth": {}}, "epsTrend": {"current": {}, "7daysAgo": {}, "30daysAgo": {}, "60daysAgo": {}, "90daysAgo": {}}, "epsRevisions": {"upLast7days": {}, "upLast30days": {}, "downLast30days": {}, "downLast90days": {}}}], "maxAge": 1}, "institutionOwnership": {"maxAge": 1, "ownershipList": []}, "majorHoldersBreakdown": {"maxAge": 1, "insidersPercentHeld": 0.65199, "institutionsPercentHeld": 0.35322, "institutionsFloatPercentHeld": 1.01498, "institutionsCount": 12}, "balanceSheetHistoryQuarterly": {"balanceSheetStatements": [{"maxAge": 1, "endDate": "2020-09-30", "cash": 330971000, "shortTermInvestments": 7882259000, "netReceivables": 5962650000, "inventory": 93296000, "otherCurrentAssets": 1921755000, "totalCurrentAssets": 16190931000, "longTermInvestments": 988389000, "propertyPlantEquipment": 4861738000, "goodWill": 9502000, "intangibleAssets": 427000, "otherAssets": 142569000, "totalAssets": 22193556000, "accountsPayable": 3827036000, "otherCurrentLiab": 256020000, "otherLiab": 1479889000, "minorityInterest": 308000, "totalCurrentLiabilities": 4576846000, "totalLiab": 6056735000, "commonStock": 220000000, "treasuryStock": 15916513000, "otherStockholderEquity": 15916513000, "totalStockholderEquity": 16136513000, "netTangibleAssets": 16126584000}, {"maxAge": 1, "endDate": "2020-06-30", "totalStockholderEquity": 14964696000, "netTangibleAssets": 14954767000}, {"maxAge": 1, "endDate": "2020-03-31", "cash": 364851000, "shortTermInvestments": 62154000, "netReceivables": 7361067000, "inventory": 65017000, "otherCurrentAssets": 455697000, "totalCurrentAssets": 13963978000, "longTermInvestments": 1445504000, "propertyPlantEquipment": 5067151000, "goodWill": 9502000, "intangibleAssets": 427000, "otherAssets": 308099000, "totalAssets": 20794661000, "accountsPayable": 3966328000, "otherCurrentLiab": 193839000, "otherLiab": 1606645000, "minorityInterest": 316000, "totalCurrentLiabilities": 4223004000, "totalLiab": 5829649000, "commonStock": 220000000, "retainedEarnings": 14582515000, "treasuryStock": 162181000, "otherStockholderEquity": 162181000, "totalStockholderEquity": 14964696000, "netTangibleAssets": 14954767000}, {"maxAge": 1, "endDate": "2019-12-31", "totalStockholderEquity": 14616394000, "netTangibleAssets": 14606465000}], "maxAge": 86400}, "earningsHistory": {"history": [{"maxAge": 1, "epsActual": 6.11, "epsEstimate": 4.15, "epsDifference": 1.96, "surprisePercent": 0.472, "quarter": "2017-06-30", "period": "-4q"}, {"maxAge": 1, "epsActual": 5.32, "epsEstimate": 6.35, "epsDifference": -1.03, "surprisePercent": -0.162, "quarter": "2017-09-30", "period": "-3q"}, {"maxAge": 1, "epsActual": 2.97, "epsEstimate": 2.8, "epsDifference": 0.17, "surprisePercent": 0.061, "quarter": "2017-12-31", "period": "-2q"}, {"maxAge": 1, "epsActual": 3.33, "epsEstimate": 4.4, "epsDifference": -1.07, "surprisePercent": -0.24299999, "quarter": "2018-03-31", "period": "-1q"}], "maxAge": 86400}, "summaryProfile": {"address1": "1B, Park Plaza", "address2": "South Block 71, Park Street", "city": "Kolkata", "zip": "700016", "country": "India", "phone": "91 33 4051 3000", "fax": "91 33 4051 3326", "website": "http://www.techno.co.in", "industry": "Engineering & Construction", "sector": "Industrials", "longBusinessSummary": "Techno Electric & Engineering Company Limited provides engineering, procurement, and construction (EPC) services to the power generation, transmission, and distribution sectors in India. The company operates through EPC and Energy segments. It provides solutions for captive power plants, balance of plant for thermal and hydro power projects, utilities for power projects, and flue gas desulphurisation plants; constructs air-insulated and gas-insulated substations; and installs overhead lines. The company also undertakes industrial projects comprising plant electrical and illuminations, water and allied systems, installation of fire protection systems, oil handling plants, air conditioning, and ventilation system, as well as naptha- and diesel-based systems for turbine-based power plant, offsite piping systems. In addition, it is involved in the generation of wind power in Tamil Nadu with a capacity of 129.9 MW. Further, the company engages in building transmission linkages. It serves power, steel, fertilizer, metals, petrochemicals, and other sectors. The company was founded in 1963 and is headquartered in Kolkata, India.", "fullTimeEmployees": 405, "companyOfficers": [], "maxAge": 86400}, "netSharePurchaseActivity": {"maxAge": 1, "period": "6m", "buyInfoCount": 0, "buyInfoShares": 0, "sellInfoCount": 0, "netInfoCount": 0, "netInfoShares": 0, "netPercentInsiderShares": 0.0, "totalInsiderShares": 71761328}, "insiderTransactions": {"transactions": [{"maxAge": 1, "shares": 31950, "filerUrl": "", "transactionText": "", "filerName": "Kotak Midcap Fund", "filerRelation": "Promoter", "moneyText": "", "startDate": "2021-01-05", "ownership": "D"}, {"maxAge": 1, "shares": 425000, "filerUrl": "", "transactionText": "", "filerName": "Kusum Industrial Gases Ltd", "filerRelation": "Promoter", "moneyText": "", "startDate": "2017-03-27", "ownership": "D"}, {"maxAge": 1, "shares": 592800, "filerUrl": "", "transactionText": "", "filerName": "Gupta (Padam Prakash)", "filerRelation": "Promoter", "moneyText": "", "startDate": "2017-03-27", "ownership": "D"}, {"maxAge": 1, "shares": 215000, "filerUrl": "", "transactionText": "", "filerName": "Varanasi Commercial Ltd", "filerRelation": "Promoter", "moneyText": "", "startDate": "2017-03-27", "ownership": "D"}, {"maxAge": 1, "shares": 225000, "filerUrl": "", "transactionText": "", "filerName": "Checons Ltd", "filerRelation": "Promoter", "moneyText": "", "startDate": "2017-03-27", "ownership": "D"}, {"maxAge": 1, "shares": 300000, "filerUrl": "", "transactionText": "", "filerName": "Gupta (Padam Prakash)", "filerRelation": "Promoter", "moneyText": "", "startDate": "2017-03-27", "ownership": "D"}, {"maxAge": 1, "shares": 1034962, "filerUrl": "", "transactionText": "", "filerName": "Trimurti Associates Pvt Ltd", "filerRelation": "Promoter", "moneyText": "", "startDate": "2017-03-27", "ownership": "D"}, {"maxAge": 1, "shares": 1537084, "filerUrl": "", "transactionText": "", "filerName": "J P Financial Services Pvt Ltd", "filerRelation": "Institution- Corporation", "moneyText": "", "startDate": "2014-11-28", "ownership": "D"}, {"maxAge": 1, "shares": 1020000, "filerUrl": "", "transactionText": "", "filerName": "Noble Communications Pvt Ltd", "filerRelation": "Institution- Corporation", "moneyText": "", "startDate": "2014-11-28", "ownership": "D"}, {"maxAge": 1, "shares": 1213413, "filerUrl": "", "transactionText": "", "filerName": "Noble Communications Pvt Ltd", "filerRelation": "Institution- Corporation", "moneyText": "", "startDate": "2014-09-30", "ownership": "D"}, {"maxAge": 1, "shares": 1500000, "filerUrl": "", "transactionText": "", "filerName": "Aarkay Investments Pvt Ltd", "filerRelation": "Institution- Corporation", "moneyText": "", "startDate": "2014-09-24", "ownership": "D"}, {"maxAge": 1, "shares": 470400, "filerUrl": "", "transactionText": "", "filerName": "Trimurti Associates Pvt Ltd", "filerRelation": "Promoter", "moneyText": "", "startDate": "2014-05-29", "ownership": "D"}, {"maxAge": 1, "shares": 562247, "filerUrl": "", "transactionText": "", "filerName": "Pragya Commerce Pvt Ltd", "filerRelation": "Promoter", "moneyText": "", "startDate": "2014-05-29", "ownership": "D"}, {"maxAge": 1, "shares": 60000, "filerUrl": "", "transactionText": "", "filerName": "Trimurti Associates Pvt Ltd", "filerRelation": "Institution- Corporation", "moneyText": "", "startDate": "2010-06-10", "ownership": "D"}, {"maxAge": 1, "shares": 40000, "filerUrl": "", "transactionText": "", "filerName": "Pragya Commerce Pvt Ltd", "filerRelation": "Institution- Corporation", "moneyText": "", "startDate": "2010-06-10", "ownership": "D"}], "maxAge": 1}, "sectorTrend": {"maxAge": 1, "symbol": null, "estimates": []}, "incomeStatementHistoryQuarterly": {"incomeStatementHistory": [{"maxAge": 1, "endDate": "2020-09-30", "totalRevenue": 2571137000, "costOfRevenue": 1561645000, "grossProfit": 1009492000, "researchDevelopment": {}, "sellingGeneralAdministrative": 98419000, "nonRecurring": {}, "otherOperatingExpenses": 157687000, "totalOperatingExpenses": 1920549000, "operatingIncome": 650588000, "totalOtherIncomeExpenseNet": 329003000, "ebit": 650588000, "interestExpense": -17194000, "incomeBeforeTax": 979591000, "incomeTaxExpense": 176120000, "minorityInterest": 308000, "netIncomeFromContinuingOps": 803471000, "discontinuedOperations": {}, "extraordinaryItems": {}, "effectOfAccountingCharges": {}, "otherItems": {}, "netIncome": 803475000, "netIncomeApplicableToCommonShares": 803475000}, {"maxAge": 1, "endDate": "2020-06-30", "totalRevenue": 1697549000, "costOfRevenue": 1048601000, "grossProfit": 648948000, "researchDevelopment": {}, "sellingGeneralAdministrative": 74248000, "nonRecurring": {}, "otherOperatingExpenses": 131397000, "totalOperatingExpenses": 1356943000, "operatingIncome": 340606000, "totalOtherIncomeExpenseNet": 136728000, "ebit": 340606000, "interestExpense": -12352000, "incomeBeforeTax": 477334000, "incomeTaxExpense": 117007000, "minorityInterest": 308000, "netIncomeFromContinuingOps": 360327000, "discontinuedOperations": {}, "extraordinaryItems": {}, "effectOfAccountingCharges": {}, "otherItems": {}, "netIncome": 360331000, "netIncomeApplicableToCommonShares": 360331000}, {"maxAge": 1, "endDate": "2020-03-31", "totalRevenue": 1140800000, "costOfRevenue": 791727000, "grossProfit": 349073000, "researchDevelopment": {}, "sellingGeneralAdministrative": 137905000, "nonRecurring": {}, "otherOperatingExpenses": 145819000, "totalOperatingExpenses": 1179678000, "operatingIncome": -38878000, "totalOtherIncomeExpenseNet": 74592000, "ebit": -38878000, "interestExpense": -12352000, "incomeBeforeTax": 35714000, "incomeTaxExpense": 2078000, "minorityInterest": 316000, "netIncomeFromContinuingOps": 33636000, "discontinuedOperations": {}, "extraordinaryItems": {}, "effectOfAccountingCharges": {}, "otherItems": {}, "netIncome": 33639000, "netIncomeApplicableToCommonShares": 33639000}, {"maxAge": 1, "endDate": "2019-12-31", "totalRevenue": 2608400000, "costOfRevenue": 1951503000, "grossProfit": 656897000, "researchDevelopment": {}, "sellingGeneralAdministrative": 111125000, "nonRecurring": {}, "otherOperatingExpenses": 117388000, "totalOperatingExpenses": 2283918000, "operatingIncome": 324482000, "totalOtherIncomeExpenseNet": 86819000, "ebit": 324482000, "interestExpense": -20368000, "incomeBeforeTax": 411301000, "incomeTaxExpense": 108898000, "minorityInterest": 316000, "netIncomeFromContinuingOps": 302403000, "discontinuedOperations": {}, "extraordinaryItems": {}, "effectOfAccountingCharges": {}, "otherItems": {}, "netIncome": 302409000, "netIncomeApplicableToCommonShares": 302409000}], "maxAge": 86400}, "cashflowStatementHistoryQuarterly": {"cashflowStatements": [{"maxAge": 1, "endDate": "2020-09-30", "netIncome": 803475000, "changeToLiabilities": 0}, {"maxAge": 1, "endDate": "2020-06-30", "netIncome": 360331000, "changeToLiabilities": 0}, {"maxAge": 1, "endDate": "2020-03-31", "netIncome": 33639000, "changeToLiabilities": 0}, {"maxAge": 1, "endDate": "2019-12-31", "netIncome": 302409000, "changeToLiabilities": 0}], "maxAge": 86400}, "earnings": {"maxAge": 86400, "earningsChart": {"quarterly": [{"date": "2Q2017", "actual": 6.11, "estimate": 4.15}, {"date": "3Q2017", "actual": 5.32, "estimate": 6.35}, {"date": "4Q2017", "actual": 2.97, "estimate": 2.8}, {"date": "1Q2018", "actual": 3.33, "estimate": 4.4}], "currentQuarterEstimateDate": "2Q", "currentQuarterEstimateYear": 2018, "earningsDate": ["2021-02-15 05:30:S"]}, "financialsChart": {"yearly": [{"date": 2017, "revenue": 1203730000, "earnings": 557420000}, {"date": 2018, "revenue": 12943634000, "earnings": 2056591000}, {"date": 2019, "revenue": 9886436000, "earnings": 1933779000}, {"date": 2020, "revenue": 8761661000, "earnings": 1790984000}], "quarterly": [{"date": "4Q2019", "revenue": 2608400000, "earnings": 302409000}, {"date": "1Q2020", "revenue": 1140800000, "earnings": 33639000}, {"date": "2Q2020", "revenue": 1697549000, "earnings": 360331000}, {"date": "3Q2020", "revenue": 2571137000, "earnings": 803475000}]}, "financialCurrency": "INR"}, "financialData": {"maxAge": 86400, "currentPrice": 294.2, "targetHighPrice": 423.0, "targetLowPrice": 231.0, "targetMeanPrice": 322.2, "targetMedianPrice": 325.0, "recommendationKey": "none", "numberOfAnalystOpinions": 10, "totalCash": 8213230080, "totalCashPerShare": 74.622, "ebitda": 1688537984, "totalDebt": 459000000, "quickRatio": 3.097, "currentRatio": 3.538, "totalRevenue": 8017886208, "debtToEquity": 2.844, "revenuePerShare": 72.889, "returnOnAssets": 0.03736, "returnOnEquity": 0.09754, "grossProfits": 3184919000, "freeCashflow": 1371158272, "operatingCashflow": 808961024, "earningsGrowth": -0.128, "revenueGrowth": -0.025, "grossMargins": 0.33231, "ebitdaMargins": 0.21059999, "operatingMargins": 0.15923999, "profitMargins": 0.18706, "financialCurrency": "INR"}}}