{"TEMBO.NS": {"assetProfile": {"address1": "Plot No-PAP-D-146/147, Turbhe MIDC", "address2": "TTC Industrial Estate Opposite Balmer Lawrie Van Leer Co. Turbhe, Sanpada Road", "city": "Navi Mumbai", "zip": "400705", "country": "India", "phone": "91 22 2762 0641", "fax": "91 22 2762 0623", "website": "http://www.nut-clamps.com", "industry": "Metal Fabrication", "sector": "Industrials", "longBusinessSummary": "Tembo Global Industries Limited manufactures and fabricates various steel products in India and internationally. It offers various products, such as pipe hangers; anti-vibration systems; floor drains; fasteners; dielectric fittings; cable trays; conduits; earthing accessories; and ERW pipes. The company also trades in textile products. It markets its products through dealers under the Tembo Seven Star and Etalia brands. The company's products have applications in pipe hangers, support systems, HVAC systems, anti-vibration systems and equipment for construction, industrial, commercial, utility, and OEM Installations. The company was formerly known as Saketh Exim Limited. Tembo Global Industries Limited was founded in 2010 and is based in Navi Mumbai, India.", "companyOfficers": [{"maxAge": 1, "name": "Mr. Sanjay Jashbhai Patel", "age": 59, "title": "Chairman, Compliance Officer & MD", "yearBorn": 1961, "fiscalYear": 2020, "totalPay": 6000000, "exercisedValue": 0, "unexercisedValue": 0}, {"maxAge": 1, "name": "Mr. Shabbir Huseni Merchant", "title": "Chief Financial Officer", "exercisedValue": 0, "unexercisedValue": 0}, {"maxAge": 1, "name": "Ms. Reshma  Jalal", "title": "Accounts Mang.", "exercisedValue": 0, "unexercisedValue": 0}, {"maxAge": 1, "name": "Ms. Nikita Rajan Iyer", "title": "Human Resource Exec.", "exercisedValue": 0, "unexercisedValue": 0}, {"maxAge": 1, "name": "Mr. Shalin Sanjay Patel", "title": "Exec. Director", "exercisedValue": 0, "unexercisedValue": 0}, {"maxAge": 1, "name": "Ms. Fatema S. Kanchwala", "age": 36, "title": "Exec. Director", "yearBorn": 1984, "exercisedValue": 0, "unexercisedValue": 0}, {"maxAge": 1, "name": "Mr. Abhijit Haridas Naiyer", "title": "Company Sec.", "exercisedValue": 0, "unexercisedValue": 0}], "compensationAsOfEpochDate": "2020-12-31 05:30:00", "maxAge": 86400}, "cashflowStatementHistory": {"cashflowStatements": [{"maxAge": 1, "endDate": "2020-03-31", "netIncome": 23897621, "depreciation": 9274430, "changeToNetincome": 13459904, "changeToAccountReceivables": -31643217, "changeToLiabilities": 37661116, "changeToInventory": -48613561, "changeToOperatingActivities": -8930499, "totalCashFromOperatingActivities": -4727004, "capitalExpenditures": -29455097, "totalCashflowsFromInvestingActivities": -29455097, "dividendsPaid": -3031833, "netBorrowings": 61394749, "otherCashflowsFromFinancingActivities": -14683822, "totalCashFromFinancingActivities": 43679094, "changeInCash": 9496992}, {"maxAge": 1, "endDate": "2019-03-31", "netIncome": 20711728, "depreciation": 6535326, "changeToNetincome": 19460941, "changeToAccountReceivables": 38310660, "changeToLiabilities": -11972518, "changeToInventory": 1712293, "changeToOperatingActivities": -25779138, "totalCashFromOperatingActivities": 49165542, "capitalExpenditures": -17433855, "totalCashflowsFromInvestingActivities": -17433855, "dividendsPaid": -3031833, "netBorrowings": -92978105, "otherCashflowsFromFinancingActivities": 52593645, "totalCashFromFinancingActivities": -29154460, "changeInCash": 2577227, "issuanceOfStock": 11230000}, {"maxAge": 1, "endDate": "2018-03-31", "netIncome": 11215597, "depreciation": 5792643, "changeToNetincome": 19875587, "changeToAccountReceivables": -96041786, "changeToLiabilities": 21388656, "changeToInventory": -21185625, "changeToOperatingActivities": 5633053, "totalCashFromOperatingActivities": -53321875, "capitalExpenditures": -13212890, "totalCashflowsFromInvestingActivities": -13212890, "dividendsPaid": -3031833, "netBorrowings": 75740789, "otherCashflowsFromFinancingActivities": -8431528, "totalCashFromFinancingActivities": 73309261, "changeInCash": 6774496, "issuanceOfStock": 6000000}, {"maxAge": 1, "endDate": "2017-03-31", "netIncome": 9782099, "depreciation": 5894000, "changeToNetincome": 13482000, "changeToAccountReceivables": -41027000, "changeToLiabilities": 44908000, "changeToInventory": -38562000, "changeToOperatingActivities": 28214000, "totalCashFromOperatingActivities": 22464000, "capitalExpenditures": -14897000, "totalCashflowsFromInvestingActivities": -14897000, "dividendsPaid": -3031833, "netBorrowings": 8688000, "otherCashflowsFromFinancingActivities": -14265000, "totalCashFromFinancingActivities": -5577000, "changeInCash": 1990000, "issuanceOfStock": 6000000}], "maxAge": 86400}, "institutionOwnership": {"maxAge": 1, "ownershipList": []}, "majorHoldersBreakdown": {"maxAge": 1}, "balanceSheetHistoryQuarterly": {"balanceSheetStatements": [{"maxAge": 1, "endDate": "2020-09-30", "cash": 28592000, "netReceivables": 374234000, "inventory": 113931000, "otherCurrentAssets": 1299000, "totalCurrentAssets": 518056000, "propertyPlantEquipment": 72611000, "otherAssets": 6598000, "deferredLongTermAssetCharges": 2312000, "totalAssets": 597265000, "accountsPayable": 194702000, "otherCurrentLiab": 33092000, "longTermDebt": 89016000, "deferredLongTermLiab": 3364000, "minorityInterest": 1227000, "totalCurrentLiabilities": 304460000, "totalLiab": 393476000, "commonStock": 50230000, "treasuryStock": 152332000, "otherStockholderEquity": 152332000, "totalStockholderEquity": 202562000, "netTangibleAssets": 202562000}, {"maxAge": 1, "endDate": "2020-06-30", "cash": 28592000, "netReceivables": 374234000, "inventory": 113931000, "otherCurrentAssets": 1299000, "totalCurrentAssets": 518056000, "propertyPlantEquipment": 72611000, "otherAssets": 6598000, "deferredLongTermAssetCharges": 2312000, "totalAssets": 597265000, "accountsPayable": 194702000, "otherCurrentLiab": 33092000, "longTermDebt": 89016000, "deferredLongTermLiab": 3364000, "minorityInterest": 1227000, "totalCurrentLiabilities": 304460000, "totalLiab": 393476000, "commonStock": 50230000, "treasuryStock": 152332000, "otherStockholderEquity": 152332000, "totalStockholderEquity": 202562000, "netTangibleAssets": 202562000}, {"maxAge": 1, "endDate": "2020-03-31", "cash": 24058518, "netReceivables": 203839041, "inventory": 130187538, "otherCurrentAssets": 65049845, "totalCurrentAssets": 424355954, "propertyPlantEquipment": 72576174, "intangibleAssets": 645996, "otherAssets": 7725368, "deferredLongTermAssetCharges": 1212982, "totalAssets": 505303492, "accountsPayable": 110989192, "shortLongTermDebt": 27957792, "otherCurrentLiab": 6115358, "longTermDebt": 57877439, "deferredLongTermLiab": 4149118, "totalCurrentLiabilities": 239033737, "totalLiab": 296911176, "commonStock": 50230000, "retainedEarnings": 90004316, "capitalSurplus": 68158000, "totalStockholderEquity": 208392316, "netTangibleAssets": 207746320}, {"maxAge": 1, "endDate": "2019-12-31", "cash": 24058518, "netReceivables": 203839041, "inventory": 130187538, "otherCurrentAssets": 65049845, "totalCurrentAssets": 424355954, "propertyPlantEquipment": 72576174, "intangibleAssets": 645996, "otherAssets": 7725368, "deferredLongTermAssetCharges": 1212982, "totalAssets": 505303492, "accountsPayable": 110989192, "shortLongTermDebt": 27957792, "otherCurrentLiab": 6115358, "longTermDebt": 57877439, "deferredLongTermLiab": 4149118, "totalCurrentLiabilities": 239033737, "totalLiab": 296911176, "commonStock": 50230000, "retainedEarnings": 90004316, "capitalSurplus": 68158000, "totalStockholderEquity": 208392316, "netTangibleAssets": 207746320}], "maxAge": 86400}, "indexTrend": {"maxAge": 1, "symbol": "SP5", "peRatio": 19.7411, "pegRatio": 1.34172, "estimates": [{"period": "0q", "growth": 0.549}, {"period": "+1q", "growth": 0.431}, {"period": "0y", "growth": 0.305}, {"period": "+1y", "growth": 0.109}, {"period": "+5y", "growth": 0.120865}, {"period": "-5y"}]}, "defaultKeyStatistics": {"maxAge": 1, "priceHint": 2, "enterpriseValue": 1508317056, "profitMargins": 0.01629, "floatShares": 1214400, "sharesOutstanding": 10046000, "beta": 0.732529, "category": null, "bookValue": 20.256, "priceToBook": 6.7856436, "fundFamily": null, "legalType": null, "lastFiscalYearEnd": "2020-03-31 05:30:00", "nextFiscalYearEnd": "2022-03-31 05:30:00", "mostRecentQuarter": "2020-09-30 05:30:00", "netIncomeToCommon": 13716000, "trailingEps": 1.37, "lastSplitFactor": "2:1", "lastSplitDate": "2021-03-03 05:30:00", "enterpriseToRevenue": 1.791, "enterpriseToEbitda": 32.771, "52WeekChange": 0.14541662, "SandP52WeekChange": 0.48148263, "lastDividendValue": 0.75, "lastDividendDate": 1608595200}, "summaryProfile": {"address1": "Plot No-PAP-D-146/147, Turbhe MIDC", "address2": "TTC Industrial Estate Opposite Balmer Lawrie Van Leer Co. Turbhe, Sanpada Road", "city": "Navi Mumbai", "zip": "400705", "country": "India", "phone": "91 22 2762 0641", "fax": "91 22 2762 0623", "website": "http://www.nut-clamps.com", "industry": "Metal Fabrication", "sector": "Industrials", "longBusinessSummary": "Tembo Global Industries Limited manufactures and fabricates various steel products in India and internationally. It offers various products, such as pipe hangers; anti-vibration systems; floor drains; fasteners; dielectric fittings; cable trays; conduits; earthing accessories; and ERW pipes. The company also trades in textile products. It markets its products through dealers under the Tembo Seven Star and Etalia brands. The company's products have applications in pipe hangers, support systems, HVAC systems, anti-vibration systems and equipment for construction, industrial, commercial, utility, and OEM Installations. The company was formerly known as Saketh Exim Limited. Tembo Global Industries Limited was founded in 2010 and is based in Navi Mumbai, India.", "companyOfficers": [], "maxAge": 86400}, "netSharePurchaseActivity": {"maxAge": 1, "period": "6m", "buyInfoCount": 0, "buyInfoShares": 0, "sellInfoCount": 0, "netInfoCount": 0, "netInfoShares": 0, "totalInsiderShares": 0}, "quoteType": {"exchange": "NSI", "quoteType": "EQUITY", "symbol": "TEMBO.NS", "underlyingSymbol": "TEMBO.NS", "shortName": "Tembo Global Ind Ltd", "longName": "Tembo Global Industries Limited", "firstTradeDateEpochUtc": "2018-08-29 09:15:00", "timeZoneFullName": "Asia/Kolkata", "timeZoneShortName": "IST", "uuid": "9042d3a8-ab0a-3165-a34f-d313f1b931ed", "messageBoardId": "finmb_531534241", "gmtOffSetMilliseconds": 19800000, "maxAge": 1}, "incomeStatementHistory": {"incomeStatementHistory": [{"maxAge": 1, "endDate": "2020-03-31", "totalRevenue": 787266630, "costOfRevenue": 544701876, "grossProfit": 242564754, "researchDevelopment": {}, "sellingGeneralAdministrative": 25017412, "nonRecurring": {}, "otherOperatingExpenses": 160802896, "totalOperatingExpenses": 739963816, "operatingIncome": 47302814, "totalOtherIncomeExpenseNet": -14363546, "ebit": 47302814, "interestExpense": -14257128, "incomeBeforeTax": 32939268, "incomeTaxExpense": 9041647, "minorityInterest": {}, "netIncomeFromContinuingOps": 23897621, "discontinuedOperations": {}, "extraordinaryItems": {}, "effectOfAccountingCharges": {}, "otherItems": {}, "netIncome": 23897621, "netIncomeApplicableToCommonShares": 23897621}, {"maxAge": 1, "endDate": "2019-03-31", "totalRevenue": 615203759, "costOfRevenue": 419436171, "grossProfit": 195767588, "researchDevelopment": {}, "sellingGeneralAdministrative": 26789928, "nonRecurring": {}, "otherOperatingExpenses": 119264451, "totalOperatingExpenses": 572212126, "operatingIncome": 42991633, "totalOtherIncomeExpenseNet": -13660197, "ebit": 42991633, "interestExpense": -14304772, "incomeBeforeTax": 29331436, "incomeTaxExpense": 8619708, "minorityInterest": {}, "netIncomeFromContinuingOps": 20711728, "discontinuedOperations": {}, "extraordinaryItems": {}, "effectOfAccountingCharges": {}, "otherItems": {}, "netIncome": 20711728, "netIncomeApplicableToCommonShares": 20711728}, {"maxAge": 1, "endDate": "2018-03-31", "totalRevenue": 622830212, "costOfRevenue": 439697773, "grossProfit": 183132439, "researchDevelopment": {}, "sellingGeneralAdministrative": 21210178, "nonRecurring": {}, "otherOperatingExpenses": 118717143, "totalOperatingExpenses": 585417737, "operatingIncome": 37412475, "totalOtherIncomeExpenseNet": -22023655, "ebit": 37412475, "interestExpense": -18255903, "incomeBeforeTax": 15388820, "incomeTaxExpense": 4173223, "minorityInterest": {}, "netIncomeFromContinuingOps": 11215597, "discontinuedOperations": {}, "extraordinaryItems": {}, "effectOfAccountingCharges": {}, "otherItems": {}, "netIncome": 11215597, "netIncomeApplicableToCommonShares": 11215597}, {"maxAge": 1, "endDate": "2017-03-31", "totalRevenue": 510875233, "costOfRevenue": 368943254, "grossProfit": 141931979, "researchDevelopment": {}, "sellingGeneralAdministrative": 14109214, "nonRecurring": {}, "otherOperatingExpenses": 97532742, "totalOperatingExpenses": 484033328, "operatingIncome": 26841905, "totalOtherIncomeExpenseNet": -12159806, "ebit": 26841905, "interestExpense": -12587214, "incomeBeforeTax": 14682099, "incomeTaxExpense": 4900000, "minorityInterest": {}, "netIncomeFromContinuingOps": 9782099, "discontinuedOperations": {}, "extraordinaryItems": {}, "effectOfAccountingCharges": {}, "otherItems": {}, "netIncome": 9782099, "netIncomeApplicableToCommonShares": 9782099}], "maxAge": 86400}, "fundOwnership": {"maxAge": 1, "ownershipList": []}, "summaryDetail": {"maxAge": 1, "priceHint": 2, "previousClose": 137.0, "open": 140.0, "dayLow": 135.0, "dayHigh": 140.0, "regularMarketPreviousClose": 137.0, "regularMarketOpen": 140.0, "regularMarketDayLow": 135.0, "regularMarketDayHigh": 140.0, "dividendRate": 0.75, "dividendYield": 0.0054, "exDividendDate": "2020-12-22 05:30:00", "payoutRatio": 0.0, "beta": 0.732529, "trailingPE": 100.32847, "volume": 131326, "regularMarketVolume": 131326, "averageVolume": 82862, "averageVolume10days": 247679, "averageDailyVolume10Day": 247679, "bid": 0.0, "ask": 0.0, "marketCap": 1380822656, "fiftyTwoWeekLow": 83.3, "fiftyTwoWeekHigh": 260.8, "priceToSalesTrailing12Months": 1.6396923, "fiftyDayAverage": 106.41818, "twoHundredDayAverage": 164.66826, "currency": "INR", "fromCurrency": null, "toCurrency": null, "lastMarket": null, "algorithm": null, "tradeable": false}, "incomeStatementHistoryQuarterly": {"incomeStatementHistory": [{"maxAge": 1, "endDate": "2020-09-30", "totalRevenue": 195167000, "costOfRevenue": 147456000, "grossProfit": 47711000, "researchDevelopment": {}, "sellingGeneralAdministrative": 5608000, "nonRecurring": {}, "otherOperatingExpenses": 37400000, "totalOperatingExpenses": 193722500, "operatingIncome": 1444500, "totalOtherIncomeExpenseNet": -3268500, "ebit": 1444500, "interestExpense": -4030500, "incomeBeforeTax": -1824000, "incomeTaxExpense": 476000, "minorityInterest": 1227000, "netIncomeFromContinuingOps": -2300000, "discontinuedOperations": {}, "extraordinaryItems": {}, "effectOfAccountingCharges": {}, "otherItems": {}, "netIncome": -2300000, "netIncomeApplicableToCommonShares": -2300000}, {"maxAge": 1, "endDate": "2020-06-30", "totalRevenue": 195167000, "costOfRevenue": 147456000, "grossProfit": 47711000, "researchDevelopment": {}, "sellingGeneralAdministrative": 5608000, "nonRecurring": {}, "otherOperatingExpenses": 37400000, "totalOperatingExpenses": 193722500, "operatingIncome": 1444500, "totalOtherIncomeExpenseNet": -3268500, "ebit": 1444500, "interestExpense": -4030500, "incomeBeforeTax": -1824000, "incomeTaxExpense": 476000, "minorityInterest": 1227000, "netIncomeFromContinuingOps": -2300000, "discontinuedOperations": {}, "extraordinaryItems": {}, "effectOfAccountingCharges": {}, "otherItems": {}, "netIncome": -2300000, "netIncomeApplicableToCommonShares": -2300000}, {"maxAge": 1, "endDate": "2020-03-31", "totalRevenue": 225894315, "costOfRevenue": 152731438, "grossProfit": 73162877, "researchDevelopment": {}, "sellingGeneralAdministrative": 6105706, "nonRecurring": {}, "otherOperatingExpenses": 47225948, "totalOperatingExpenses": 208883908, "operatingIncome": 17010407, "totalOtherIncomeExpenseNet": -4649773, "ebit": 17010407, "interestExpense": -4208564, "incomeBeforeTax": 12360634, "incomeTaxExpense": 3202324, "minorityInterest": 1227000, "netIncomeFromContinuingOps": 9158311, "discontinuedOperations": {}, "extraordinaryItems": {}, "effectOfAccountingCharges": {}, "otherItems": {}, "netIncome": 9158311, "netIncomeApplicableToCommonShares": 9158311}, {"maxAge": 1, "endDate": "2019-12-31", "totalRevenue": 225894315, "costOfRevenue": 152731438, "grossProfit": 73162877, "researchDevelopment": {}, "sellingGeneralAdministrative": 6105706, "nonRecurring": {}, "otherOperatingExpenses": 47225948, "totalOperatingExpenses": 208883908, "operatingIncome": 17010407, "totalOtherIncomeExpenseNet": -4649773, "ebit": 17010407, "interestExpense": -4208564, "incomeBeforeTax": 12360634, "incomeTaxExpense": 3202324, "minorityInterest": 1227000, "netIncomeFromContinuingOps": 9158311, "discontinuedOperations": {}, "extraordinaryItems": {}, "effectOfAccountingCharges": {}, "otherItems": {}, "netIncome": 9158311, "netIncomeApplicableToCommonShares": 9158311}], "maxAge": 86400}, "cashflowStatementHistoryQuarterly": {"cashflowStatements": [{"maxAge": 1, "endDate": "2020-09-30", "netIncome": -2300000, "depreciation": 3193000, "changeToNetincome": 2363000, "changeToAccountReceivables": -54248500, "changeToLiabilities": 43525000, "changeToInventory": 5364000, "changeToOperatingActivities": -34000, "totalCashFromOperatingActivities": -2137500, "capitalExpenditures": -3527500, "otherCashflowsFromInvestingActivities": 500, "totalCashflowsFromInvestingActivities": -7408500, "netBorrowings": 9663000, "otherCashflowsFromFinancingActivities": -2359000, "totalCashFromFinancingActivities": 12462000, "changeInCash": 2916000, "issuanceOfStock": 5158000}, {"maxAge": 1, "endDate": "2020-06-30", "netIncome": -2300000, "depreciation": 3193000, "changeToNetincome": 2363000, "changeToAccountReceivables": -54248500, "changeToLiabilities": 43525000, "changeToInventory": 5364000, "changeToOperatingActivities": -34000, "totalCashFromOperatingActivities": -2137500, "capitalExpenditures": -3527500, "otherCashflowsFromInvestingActivities": 500, "totalCashflowsFromInvestingActivities": -7408500, "netBorrowings": 9663000, "otherCashflowsFromFinancingActivities": -2359000, "totalCashFromFinancingActivities": 12462000, "changeInCash": 2916000, "issuanceOfStock": 5158000}, {"maxAge": 1, "endDate": "2020-03-31", "netIncome": 9158311, "depreciation": 2735215, "changeToNetincome": 5278452, "changeToAccountReceivables": 17744391, "changeToLiabilities": -20485442, "changeToInventory": -13197281, "changeToOperatingActivities": -2816750, "totalCashFromOperatingActivities": -1499502, "capitalExpenditures": -12970049, "otherCashflowsFromInvestingActivities": 500, "totalCashflowsFromInvestingActivities": -12970049, "dividendsPaid": -1515917, "netBorrowings": 22814875, "otherCashflowsFromFinancingActivities": -4685911, "totalCashFromFinancingActivities": 16613047, "changeInCash": 2143496, "issuanceOfStock": 5158000}, {"maxAge": 1, "endDate": "2019-12-31", "netIncome": 9158311, "depreciation": 2735215, "changeToNetincome": 5278452, "changeToAccountReceivables": 17744391, "changeToLiabilities": -20485442, "changeToInventory": -13197281, "changeToOperatingActivities": -2816750, "totalCashFromOperatingActivities": -1499502, "capitalExpenditures": -12970049, "otherCashflowsFromInvestingActivities": 500, "totalCashflowsFromInvestingActivities": -12970049, "dividendsPaid": -1515917, "netBorrowings": 22814875, "otherCashflowsFromFinancingActivities": -4685911, "totalCashFromFinancingActivities": 16613047, "changeInCash": 2143496, "issuanceOfStock": 5158000}], "maxAge": 86400}, "insiderHolders": {"holders": [], "maxAge": 1}, "calendarEvents": {"maxAge": 1, "earnings": {"earningsDate": []}, "exDividendDate": "2020-12-22 05:30:00"}, "price": {"maxAge": 1, "regularMarketChangePercent": 0.0032846492, "regularMarketChange": 0.44999695, "regularMarketTime": "2021-04-30 15:29:53", "priceHint": 2, "regularMarketPrice": 137.45, "regularMarketDayHigh": 140.0, "regularMarketDayLow": 135.0, "regularMarketVolume": 131326, "averageDailyVolume10Day": 247679, "averageDailyVolume3Month": 82862, "regularMarketPreviousClose": 137.0, "regularMarketSource": "FREE_REALTIME", "regularMarketOpen": 140.0, "exchange": "NSI", "exchangeName": "NSE", "exchangeDataDelayedBy": 15, "marketState": "CLOSED", "quoteType": "EQUITY", "symbol": "TEMBO.NS", "underlyingSymbol": null, "shortName": "Tembo Global Ind Ltd", "longName": "Tembo Global Industries Limited", "currency": "INR", "quoteSourceName": "Delayed Quote", "currencySymbol": "\u20b9", "fromCurrency": null, "toCurrency": null, "lastMarket": null, "marketCap": 1380822656}, "balanceSheetHistory": {"balanceSheetStatements": [{"maxAge": 1, "endDate": "2020-03-31", "cash": 24058518, "netReceivables": 203839041, "inventory": 130187538, "otherCurrentAssets": 65049845, "totalCurrentAssets": 424355954, "propertyPlantEquipment": 72576174, "intangibleAssets": 645996, "otherAssets": 7725368, "deferredLongTermAssetCharges": 1212982, "totalAssets": 505303492, "accountsPayable": 110989192, "shortLongTermDebt": 27957792, "otherCurrentLiab": 6115358, "longTermDebt": 57877439, "deferredLongTermLiab": 4149118, "totalCurrentLiabilities": 239033737, "totalLiab": 296911176, "commonStock": 50230000, "retainedEarnings": 90004316, "capitalSurplus": 68158000, "totalStockholderEquity": 208392316, "netTangibleAssets": 207746320}, {"maxAge": 1, "endDate": "2019-03-31", "cash": 14561526, "netReceivables": 172556723, "inventory": 81573977, "otherCurrentAssets": 51696042, "totalCurrentAssets": 321990630, "propertyPlantEquipment": 52646205, "intangibleAssets": 558750, "otherAssets": 8651897, "deferredLongTermAssetCharges": 1284579, "totalAssets": 383847482, "accountsPayable": 73328076, "shortLongTermDebt": 6748470, "otherCurrentLiab": 6799252, "longTermDebt": 16211441, "deferredLongTermLiab": 5177229, "totalCurrentLiabilities": 180109512, "totalLiab": 196320953, "commonStock": 50230000, "retainedEarnings": 69138529, "capitalSurplus": 68158000, "totalStockholderEquity": 187526529, "netTangibleAssets": 186967779}, {"maxAge": 1, "endDate": "2018-03-31", "cash": 11984299, "netReceivables": 211115656, "inventory": 69845425, "otherCurrentAssets": 30834478, "totalCurrentAssets": 323779858, "propertyPlantEquipment": 42570863, "otherAssets": 5377378, "deferredLongTermAssetCharges": 1116557, "totalAssets": 371728099, "accountsPayable": 85300594, "shortLongTermDebt": 19817365, "otherCurrentLiab": 2960188, "longTermDebt": 50669405, "deferredLongTermLiab": 2662695, "totalCurrentLiabilities": 245171738, "totalLiab": 295841143, "commonStock": 39000000, "retainedEarnings": 34985956, "capitalSurplus": 1901000, "totalStockholderEquity": 75886956, "netTangibleAssets": 75886956}, {"maxAge": 1, "endDate": "2017-03-31", "cash": 5209803, "netReceivables": 114409477, "inventory": 48659800, "otherCurrentAssets": 12206621, "totalCurrentAssets": 180485701, "propertyPlantEquipment": 39853407, "otherAssets": 19339340, "totalAssets": 239678448, "accountsPayable": 63911937, "shortLongTermDebt": 15386363, "otherCurrentLiab": 2976699, "longTermDebt": 30015063, "otherLiab": 1, "totalCurrentLiabilities": 160592025, "totalLiab": 190607089, "commonStock": 20000000, "retainedEarnings": 23770359, "capitalSurplus": 5301000, "totalStockholderEquity": 49071359, "netTangibleAssets": 49071359}], "maxAge": 86400}, "financialData": {"maxAge": 86400, "currentPrice": 137.45, "recommendationKey": "none", "totalCash": 28592000, "totalCashPerShare": 2.859, "ebitda": 46026328, "totalDebt": 165682000, "quickRatio": 1.113, "currentRatio": 1.702, "totalRevenue": 842123008, "debtToEquity": 81.301, "revenuePerShare": 84.104, "returnOnAssets": 0.03954, "returnOnEquity": 0.069120005, "grossProfits": 242564754, "revenueGrowth": 0.164, "grossMargins": 0.28707, "ebitdaMargins": 0.05466, "operatingMargins": 0.04383, "profitMargins": 0.01629, "financialCurrency": "INR"}}}