{"TERASOFT.BO": {"recommendationTrend": {"trend": [{"period": "0m", "strongBuy": 0, "buy": 0, "hold": 0, "sell": 0, "strongSell": 0}, {"period": "-1m", "strongBuy": 0, "buy": 0, "hold": 0, "sell": 0, "strongSell": 0}, {"period": "-2m", "strongBuy": 0, "buy": 0, "hold": 0, "sell": 0, "strongSell": 0}, {"period": "-3m", "strongBuy": 0, "buy": 0, "hold": 0, "sell": 0, "strongSell": 0}], "maxAge": 86400}, "cashflowStatementHistory": {"cashflowStatements": [{"maxAge": 1, "endDate": "2020-03-31", "netIncome": 65248000, "depreciation": 8060000, "changeToNetincome": 18060000, "changeToAccountReceivables": -413115000, "changeToLiabilities": 1121312000, "changeToInventory": 65655000, "changeToOperatingActivities": -722234000, "totalCashFromOperatingActivities": 142986000, "capitalExpenditures": -2727000, "otherCashflowsFromInvestingActivities": 10763000, "totalCashflowsFromInvestingActivities": 8036000, "netBorrowings": -215828000, "otherCashflowsFromFinancingActivities": 92738000, "totalCashFromFinancingActivities": -123090000, "changeInCash": 27932000}, {"maxAge": 1, "endDate": "2019-03-31", "netIncome": 36764000, "depreciation": 25469000, "changeToNetincome": -33008000, "changeToAccountReceivables": -212695000, "changeToLiabilities": 134447000, "changeToInventory": 15154000, "changeToOperatingActivities": -72407000, "totalCashFromOperatingActivities": -106276000, "capitalExpenditures": -1110000, "otherCashflowsFromInvestingActivities": 5749000, "totalCashflowsFromInvestingActivities": 4639000, "netBorrowings": 64540000, "otherCashflowsFromFinancingActivities": 70930000, "totalCashFromFinancingActivities": 135470000, "changeInCash": 33833000}, {"maxAge": 1, "endDate": "2018-03-31", "netIncome": 15760000, "depreciation": 25419000, "changeToNetincome": -60529000, "changeToAccountReceivables": 231109000, "changeToLiabilities": -263530000, "changeToInventory": -60271000, "changeToOperatingActivities": 75847000, "totalCashFromOperatingActivities": -36195000, "capitalExpenditures": -3248000, "otherCashflowsFromInvestingActivities": 4555000, "totalCashflowsFromInvestingActivities": 1307000, "netBorrowings": -21517000, "otherCashflowsFromFinancingActivities": 71889000, "totalCashFromFinancingActivities": 50372000, "changeInCash": 15484000}, {"maxAge": 1, "endDate": "2017-03-31", "netIncome": 107746000, "depreciation": 23613000, "changeToNetincome": 36387000, "changeToAccountReceivables": -154113000, "changeToLiabilities": -150280000, "changeToInventory": 19716000, "changeToOperatingActivities": -39190000, "totalCashFromOperatingActivities": -156121000, "capitalExpenditures": -18166000, "otherCashflowsFromInvestingActivities": 25709000, "totalCashflowsFromInvestingActivities": 7543000, "dividendsPaid": -15113000, "netBorrowings": 23258000, "otherCashflowsFromFinancingActivities": -68878000, "totalCashFromFinancingActivities": -60733000, "changeInCash": -209311000}], "maxAge": 86400}, "institutionOwnership": {"maxAge": 1, "ownershipList": []}, "balanceSheetHistoryQuarterly": {"balanceSheetStatements": [{"maxAge": 1, "endDate": "2020-06-30", "totalStockholderEquity": 1088231000, "netTangibleAssets": 1088231000}, {"maxAge": 1, "endDate": "2020-03-31", "cash": 158605000, "netReceivables": 2383951000, "inventory": 40689000, "otherCurrentAssets": 157798000, "totalCurrentAssets": 2754660000, "longTermInvestments": 30672000, "propertyPlantEquipment": 311710000, "otherAssets": 48344000, "deferredLongTermAssetCharges": 25971000, "totalAssets": 3145386000, "accountsPayable": 1640354000, "otherCurrentLiab": 57722000, "longTermDebt": 15181000, "otherLiab": 17722000, "totalCurrentLiabilities": 2024252000, "totalLiab": 2057155000, "commonStock": 125119000, "retainedEarnings": 878012000, "capitalSurplus": 85100000, "totalStockholderEquity": 1088231000, "netTangibleAssets": 1088231000}, {"maxAge": 1, "endDate": "2019-12-31", "totalStockholderEquity": 1054700000, "netTangibleAssets": 1054700000}, {"maxAge": 1, "endDate": "2019-09-30", "cash": 185140000, "netReceivables": 1658294000, "inventory": 70058000, "otherCurrentAssets": 96982000, "totalCurrentAssets": 2010474000, "propertyPlantEquipment": 314154000, "otherAssets": 45015000, "deferredLongTermAssetCharges": 21067000, "totalAssets": 2369643000, "accountsPayable": 755569000, "otherCurrentLiab": 75095000, "longTermDebt": 12546000, "otherLiab": 18731000, "totalCurrentLiabilities": 1283666000, "totalLiab": 1314943000, "commonStock": 125119000, "treasuryStock": 929581000, "otherStockholderEquity": 929581000, "totalStockholderEquity": 1054700000, "netTangibleAssets": 1054700000}], "maxAge": 86400}, "earningsHistory": {"history": [{"maxAge": 1, "epsActual": {}, "epsEstimate": {}, "epsDifference": {}, "surprisePercent": {}, "quarter": {}, "period": "-4q"}, {"maxAge": 1, "epsActual": {}, "epsEstimate": {}, "epsDifference": {}, "surprisePercent": {}, "quarter": {}, "period": "-3q"}, {"maxAge": 1, "epsActual": {}, "epsEstimate": {}, "epsDifference": {}, "surprisePercent": {}, "quarter": {}, "period": "-2q"}, {"maxAge": 1, "epsActual": {}, "epsEstimate": {}, "epsDifference": {}, "surprisePercent": {}, "quarter": {}, "period": "-1q"}], "maxAge": 86400}, "indexTrend": {"maxAge": 1, "symbol": "SP5", "peRatio": 19.7411, "pegRatio": 1.34172, "estimates": [{"period": "0q", "growth": 0.549}, {"period": "+1q", "growth": 0.431}, {"period": "0y", "growth": 0.305}, {"period": "+1y", "growth": 0.109}, {"period": "+5y", "growth": 0.120865}, {"period": "-5y"}]}, "industryTrend": {"maxAge": 1, "symbol": null, "estimates": []}, "insiderTransactions": {"transactions": [{"maxAge": 1, "shares": 50000, "filerUrl": "", "transactionText": "", "filerName": "Tummala (Raja Sekhar)", "filerRelation": "Promoter", "moneyText": "", "startDate": "2019-02-01", "ownership": "D"}, {"maxAge": 1, "shares": 14899, "filerUrl": "", "transactionText": "", "filerName": "Tummala (Raja Sekhar)", "filerRelation": "Promoter", "moneyText": "", "startDate": "2019-01-04", "ownership": "D"}], "maxAge": 1}, "quoteType": {"exchange": "BSE", "quoteType": "EQUITY", "symbol": "TERASOFT.BO", "underlyingSymbol": "TERASOFT.BO", "shortName": "TERA SOFTWARE LTD.", "longName": "Tera Software Limited", "firstTradeDateEpochUtc": "2004-04-19 09:15:00", "timeZoneFullName": "Asia/Kolkata", "timeZoneShortName": "IST", "uuid": "444d823c-df09-33c5-a14f-f814c6653f5a", "messageBoardId": null, "gmtOffSetMilliseconds": 19800000, "maxAge": 1}, "incomeStatementHistory": {"incomeStatementHistory": [{"maxAge": 1, "endDate": "2020-03-31", "totalRevenue": 2689737000, "costOfRevenue": 575933000, "grossProfit": 2113804000, "researchDevelopment": {}, "sellingGeneralAdministrative": 4088000, "nonRecurring": {}, "otherOperatingExpenses": 1834305000, "totalOperatingExpenses": 2508712000, "operatingIncome": 181025000, "totalOtherIncomeExpenseNet": -82374000, "ebit": 181025000, "interestExpense": -70658000, "incomeBeforeTax": 98651000, "incomeTaxExpense": 33403000, "minorityInterest": {}, "netIncomeFromContinuingOps": 65248000, "discontinuedOperations": {}, "extraordinaryItems": {}, "effectOfAccountingCharges": {}, "otherItems": {}, "netIncome": 65248000, "netIncomeApplicableToCommonShares": 65248000}, {"maxAge": 1, "endDate": "2019-03-31", "totalRevenue": 1764491000, "costOfRevenue": 1164871000, "grossProfit": 599620000, "researchDevelopment": {}, "sellingGeneralAdministrative": 3758000, "nonRecurring": {}, "otherOperatingExpenses": 438601000, "totalOperatingExpenses": 1632882000, "operatingIncome": 131609000, "totalOtherIncomeExpenseNet": -71984000, "ebit": 131609000, "interestExpense": -59217000, "incomeBeforeTax": 59625000, "incomeTaxExpense": 22861000, "minorityInterest": {}, "netIncomeFromContinuingOps": 36764000, "discontinuedOperations": {}, "extraordinaryItems": {}, "effectOfAccountingCharges": {}, "otherItems": {}, "netIncome": 36764000, "netIncomeApplicableToCommonShares": 36764000}, {"maxAge": 1, "endDate": "2018-03-31", "totalRevenue": 1457174000, "costOfRevenue": 981926000, "grossProfit": 475248000, "researchDevelopment": {}, "sellingGeneralAdministrative": 7792000, "nonRecurring": {}, "otherOperatingExpenses": 337171000, "totalOperatingExpenses": 1366810000, "operatingIncome": 90364000, "totalOtherIncomeExpenseNet": -67334000, "ebit": 90364000, "interestExpense": -58103000, "incomeBeforeTax": 23030000, "incomeTaxExpense": 7270000, "minorityInterest": {}, "netIncomeFromContinuingOps": 15760000, "discontinuedOperations": {}, "extraordinaryItems": {}, "effectOfAccountingCharges": {}, "otherItems": {}, "netIncome": 15760000, "netIncomeApplicableToCommonShares": 15760000}, {"maxAge": 1, "endDate": "2017-03-31", "totalRevenue": 2708980000, "costOfRevenue": 1951869000, "grossProfit": 757111000, "researchDevelopment": {}, "sellingGeneralAdministrative": 8231000, "nonRecurring": {}, "otherOperatingExpenses": 470886000, "totalOperatingExpenses": 2481760000, "operatingIncome": 227220000, "totalOtherIncomeExpenseNet": -59139000, "ebit": 227220000, "interestExpense": -51291000, "incomeBeforeTax": 168081000, "incomeTaxExpense": 60335000, "minorityInterest": {}, "netIncomeFromContinuingOps": 107746000, "discontinuedOperations": {}, "extraordinaryItems": {}, "effectOfAccountingCharges": {}, "otherItems": {}, "netIncome": 107746000, "netIncomeApplicableToCommonShares": 107746000}], "maxAge": 86400}, "fundOwnership": {"maxAge": 1, "ownershipList": []}, "summaryDetail": {"maxAge": 1, "priceHint": 2, "previousClose": 38.0, "open": 38.5, "dayLow": 36.8, "dayHigh": 39.0, "regularMarketPreviousClose": 38.0, "regularMarketOpen": 38.5, "regularMarketDayLow": 36.8, "regularMarketDayHigh": 39.0, "trailingPE": 12.73842, "volume": 7440, "regularMarketVolume": 7440, "averageVolume": 33260, "averageVolume10days": 12154, "averageDailyVolume10Day": 12154, "bid": 37.0, "ask": 41.0, "bidSize": 0, "askSize": 0, "marketCap": 467945088, "fiftyTwoWeekLow": 12.55, "fiftyTwoWeekHigh": 72.3, "fiftyDayAverage": 52.880882, "twoHundredDayAverage": 35.424633, "trailingAnnualDividendRate": 1.2, "trailingAnnualDividendYield": 0.031578947, "currency": "INR", "fromCurrency": null, "toCurrency": null, "lastMarket": null, "algorithm": null, "tradeable": false}, "sectorTrend": {"maxAge": 1, "symbol": null, "estimates": []}, "incomeStatementHistoryQuarterly": {"incomeStatementHistory": [{"maxAge": 1, "endDate": "2020-06-30", "totalRevenue": 158536000, "costOfRevenue": 78540000, "grossProfit": 79996000, "researchDevelopment": {}, "sellingGeneralAdministrative": {}, "nonRecurring": {}, "otherOperatingExpenses": 81218000, "totalOperatingExpenses": 161406000, "operatingIncome": -2870000, "totalOtherIncomeExpenseNet": -12923000, "ebit": -2870000, "interestExpense": -20387000, "incomeBeforeTax": -15793000, "incomeTaxExpense": -3418000, "minorityInterest": {}, "netIncomeFromContinuingOps": -12375000, "discontinuedOperations": {}, "extraordinaryItems": {}, "effectOfAccountingCharges": {}, "otherItems": {}, "netIncome": -12375000, "netIncomeApplicableToCommonShares": -12375000}, {"maxAge": 1, "endDate": "2020-03-31", "totalRevenue": 922506000, "costOfRevenue": -694817000, "grossProfit": 1617323000, "researchDevelopment": {}, "sellingGeneralAdministrative": 4088000, "nonRecurring": {}, "otherOperatingExpenses": 1456950000, "totalOperatingExpenses": 854202000, "operatingIncome": 68304000, "totalOtherIncomeExpenseNet": -36025000, "ebit": 68304000, "interestExpense": -13546000, "incomeBeforeTax": 32279000, "incomeTaxExpense": 10560000, "minorityInterest": {}, "netIncomeFromContinuingOps": 21719000, "discontinuedOperations": {}, "extraordinaryItems": {}, "effectOfAccountingCharges": {}, "otherItems": {}, "netIncome": 21719000, "netIncomeApplicableToCommonShares": 21719000}, {"maxAge": 1, "endDate": "2019-12-31", "totalRevenue": 708724000, "costOfRevenue": 595890000, "grossProfit": 112834000, "researchDevelopment": {}, "sellingGeneralAdministrative": 4088000, "nonRecurring": {}, "otherOperatingExpenses": 79107000, "totalOperatingExpenses": 676624000, "operatingIncome": 32100000, "totalOtherIncomeExpenseNet": -14313000, "ebit": 32100000, "interestExpense": -21917000, "incomeBeforeTax": 17787000, "incomeTaxExpense": 4250000, "minorityInterest": {}, "netIncomeFromContinuingOps": 13537000, "discontinuedOperations": {}, "extraordinaryItems": {}, "effectOfAccountingCharges": {}, "otherItems": {}, "netIncome": 13537000, "netIncomeApplicableToCommonShares": 13537000}, {"maxAge": 1, "endDate": "2019-09-30", "totalRevenue": 696789000, "costOfRevenue": 487937000, "grossProfit": 208852000, "researchDevelopment": {}, "sellingGeneralAdministrative": 4088000, "nonRecurring": {}, "otherOperatingExpenses": 162825000, "totalOperatingExpenses": 652576000, "operatingIncome": 44213000, "totalOtherIncomeExpenseNet": -23334000, "ebit": 44213000, "interestExpense": -23334000, "incomeBeforeTax": 20879000, "incomeTaxExpense": 6963000, "minorityInterest": {}, "netIncomeFromContinuingOps": 13916000, "discontinuedOperations": {}, "extraordinaryItems": {}, "effectOfAccountingCharges": {}, "otherItems": {}, "netIncome": 13916000, "netIncomeApplicableToCommonShares": 13916000}], "maxAge": 86400}, "cashflowStatementHistoryQuarterly": {"cashflowStatements": [{"maxAge": 1, "endDate": "2020-06-30", "netIncome": -12375000, "changeToLiabilities": 0}, {"maxAge": 1, "endDate": "2020-03-31", "netIncome": 21719000, "changeToLiabilities": 0}, {"maxAge": 1, "endDate": "2019-12-31", "netIncome": 13537000, "changeToLiabilities": 0}, {"maxAge": 1, "endDate": "2019-09-30", "netIncome": 13916000, "changeToLiabilities": 0}], "maxAge": 86400}, "insiderHolders": {"holders": [{"maxAge": 1, "name": "Tummala (Raja Sekhar)", "relation": "Promoter", "url": "", "transactionDescription": "Acquisition", "latestTransDate": "2019-02-01", "positionDirect": 1024617, "positionDirectDate": "2019-02-01"}], "maxAge": 1}, "earnings": {"maxAge": 86400, "earningsChart": {"quarterly": [], "earningsDate": []}, "financialsChart": {"yearly": [{"date": 2017, "revenue": 2708980000, "earnings": 107746000}, {"date": 2018, "revenue": 1457174000, "earnings": 15760000}, {"date": 2019, "revenue": 1764491000, "earnings": 36764000}, {"date": 2020, "revenue": 2689737000, "earnings": 65248000}], "quarterly": [{"date": "3Q2019", "revenue": 696789000, "earnings": 13916000}, {"date": "4Q2019", "revenue": 708724000, "earnings": 13537000}, {"date": "1Q2020", "revenue": 922506000, "earnings": 21719000}, {"date": "2Q2020", "revenue": 158536000, "earnings": -12375000}]}, "financialCurrency": "INR"}, "calendarEvents": {"maxAge": 1, "earnings": {"earningsDate": []}}, "price": {"maxAge": 1, "regularMarketChangePercent": -0.015789434, "regularMarketChange": -0.5999985, "regularMarketTime": "2021-04-30 15:20:48", "priceHint": 2, "regularMarketPrice": 37.4, "regularMarketDayHigh": 39.0, "regularMarketDayLow": 36.8, "regularMarketVolume": 7440, "averageDailyVolume10Day": 12154, "averageDailyVolume3Month": 33260, "regularMarketPreviousClose": 38.0, "regularMarketSource": "FREE_REALTIME", "regularMarketOpen": 38.5, "exchange": "BSE", "exchangeName": "BSE", "exchangeDataDelayedBy": 0, "marketState": "CLOSED", "quoteType": "EQUITY", "symbol": "TERASOFT.BO", "underlyingSymbol": null, "shortName": "TERA SOFTWARE LTD.", "longName": "Tera Software Limited", "currency": "INR", "quoteSourceName": "Delayed Quote", "currencySymbol": "\u20b9", "fromCurrency": null, "toCurrency": null, "lastMarket": null, "marketCap": 467945088}, "balanceSheetHistory": {"balanceSheetStatements": [{"maxAge": 1, "endDate": "2020-03-31", "cash": 158605000, "netReceivables": 2383951000, "inventory": 40689000, "otherCurrentAssets": 157798000, "totalCurrentAssets": 2754660000, "longTermInvestments": 30672000, "propertyPlantEquipment": 311710000, "otherAssets": 48344000, "deferredLongTermAssetCharges": 25971000, "totalAssets": 3145386000, "accountsPayable": 1640354000, "otherCurrentLiab": 57722000, "longTermDebt": 15181000, "otherLiab": 17722000, "totalCurrentLiabilities": 2024252000, "totalLiab": 2057155000, "commonStock": 125119000, "retainedEarnings": 878012000, "capitalSurplus": 85100000, "totalStockholderEquity": 1088231000, "netTangibleAssets": 1088231000}, {"maxAge": 1, "endDate": "2019-03-31", "cash": 130671000, "netReceivables": 1358675000, "inventory": 106344000, "otherCurrentAssets": 76206000, "totalCurrentAssets": 1689738000, "longTermInvestments": 29438000, "propertyPlantEquipment": 317043000, "otherAssets": 53590000, "deferredLongTermAssetCharges": 23503000, "totalAssets": 2089809000, "accountsPayable": 479615000, "otherCurrentLiab": 43007000, "longTermDebt": 10237000, "otherLiab": 12617000, "totalCurrentLiabilities": 1042250000, "totalLiab": 1065104000, "commonStock": 125119000, "retainedEarnings": 814486000, "capitalSurplus": 85100000, "totalStockholderEquity": 1024705000, "netTangibleAssets": 1024705000}, {"maxAge": 1, "endDate": "2018-03-31", "cash": 96840000, "netReceivables": 1165287000, "inventory": 121498000, "otherCurrentAssets": 81683000, "totalCurrentAssets": 1475205000, "longTermInvestments": 6974000, "propertyPlantEquipment": 341402000, "otherAssets": 42390000, "deferredLongTermAssetCharges": 19995000, "totalAssets": 1865971000, "accountsPayable": 317004000, "otherCurrentLiab": 53413000, "longTermDebt": 10696000, "otherLiab": 12548000, "totalCurrentLiabilities": 855876000, "totalLiab": 879120000, "commonStock": 125119000, "retainedEarnings": 776632000, "capitalSurplus": 85100000, "totalStockholderEquity": 986851000, "netTangibleAssets": 986851000}, {"maxAge": 1, "endDate": "2017-03-31", "cash": 81356000, "netReceivables": 1411947000, "inventory": 61227000, "otherCurrentAssets": 88454000, "totalCurrentAssets": 1686452000, "longTermInvestments": 24708000, "propertyPlantEquipment": 363573000, "otherAssets": 47547000, "deferredLongTermAssetCharges": 19552000, "totalAssets": 2122280000, "accountsPayable": 578678000, "otherCurrentLiab": 64409000, "longTermDebt": 6766000, "otherLiab": 9706000, "totalCurrentLiabilities": 1134717000, "totalLiab": 1151189000, "commonStock": 125119000, "retainedEarnings": 760872000, "capitalSurplus": 85100000, "totalStockholderEquity": 971091000, "netTangibleAssets": 971091000}], "maxAge": 86400}, "earningsTrend": {"trend": [{"maxAge": 1, "period": "0q", "endDate": null, "growth": {}, "earningsEstimate": {"avg": 0.0, "low": 0.0, "high": 0.0, "yearAgoEps": {}, "numberOfAnalysts": 0, "growth": {}}, "revenueEstimate": {"avg": 0, "low": 0, "high": 0, "numberOfAnalysts": 0, "yearAgoRevenue": {}, "growth": {}}, "epsTrend": {"current": 0.0, "7daysAgo": 0.0, "30daysAgo": 0.0, "60daysAgo": 0.0, "90daysAgo": 0.0}, "epsRevisions": {"upLast7days": 0, "upLast30days": 0, "downLast30days": 0, "downLast90days": {}}}, {"maxAge": 1, "period": "+1q", "endDate": null, "growth": {}, "earningsEstimate": {"avg": 0.0, "low": 0.0, "high": 0.0, "yearAgoEps": {}, "numberOfAnalysts": 0, "growth": {}}, "revenueEstimate": {"avg": 0, "low": 0, "high": 0, "numberOfAnalysts": 0, "yearAgoRevenue": {}, "growth": {}}, "epsTrend": {"current": 0.0, "7daysAgo": 0.0, "30daysAgo": 0.0, "60daysAgo": 0.0, "90daysAgo": 0.0}, "epsRevisions": {"upLast7days": 0, "upLast30days": 0, "downLast30days": 0, "downLast90days": {}}}, {"maxAge": 1, "period": "0y", "endDate": null, "growth": {}, "earningsEstimate": {"avg": 0.0, "low": 0.0, "high": 0.0, "yearAgoEps": {}, "numberOfAnalysts": 0, "growth": {}}, "revenueEstimate": {"avg": 0, "low": 0, "high": 0, "numberOfAnalysts": 0, "yearAgoRevenue": {}, "growth": {}}, "epsTrend": {"current": 0.0, "7daysAgo": 0.0, "30daysAgo": 0.0, "60daysAgo": 0.0, "90daysAgo": 0.0}, "epsRevisions": {"upLast7days": 0, "upLast30days": 0, "downLast30days": 0, "downLast90days": {}}}, {"maxAge": 1, "period": "+1y", "endDate": null, "growth": {}, "earningsEstimate": {"avg": 0.0, "low": 0.0, "high": 0.0, "yearAgoEps": {}, "numberOfAnalysts": 0, "growth": {}}, "revenueEstimate": {"avg": 0, "low": 0, "high": 0, "numberOfAnalysts": 0, "yearAgoRevenue": {}, "growth": {}}, "epsTrend": {"current": 0.0, "7daysAgo": 0.0, "30daysAgo": 0.0, "60daysAgo": 0.0, "90daysAgo": 0.0}, "epsRevisions": {"upLast7days": 0, "upLast30days": 0, "downLast30days": 0, "downLast90days": {}}}, {"maxAge": 1, "period": "+5y", "endDate": null, "growth": {}, "earningsEstimate": {"avg": {}, "low": {}, "high": {}, "yearAgoEps": {}, "numberOfAnalysts": {}, "growth": {}}, "revenueEstimate": {"avg": {}, "low": {}, "high": {}, "numberOfAnalysts": {}, "yearAgoRevenue": {}, "growth": {}}, "epsTrend": {"current": {}, "7daysAgo": {}, "30daysAgo": {}, "60daysAgo": {}, "90daysAgo": {}}, "epsRevisions": {"upLast7days": {}, "upLast30days": {}, "downLast30days": {}, "downLast90days": {}}}, {"maxAge": 1, "period": "-5y", "endDate": null, "growth": {}, "earningsEstimate": {"avg": {}, "low": {}, "high": {}, "yearAgoEps": {}, "numberOfAnalysts": {}, "growth": {}}, "revenueEstimate": {"avg": {}, "low": {}, "high": {}, "numberOfAnalysts": {}, "yearAgoRevenue": {}, "growth": {}}, "epsTrend": {"current": {}, "7daysAgo": {}, "30daysAgo": {}, "60daysAgo": {}, "90daysAgo": {}}, "epsRevisions": {"upLast7days": {}, "upLast30days": {}, "downLast30days": {}, "downLast90days": {}}}], "maxAge": 1}, "financialData": {"maxAge": 86400, "currentPrice": 37.4, "targetHighPrice": 95.0, "targetLowPrice": 95.0, "targetMeanPrice": 95.0, "targetMedianPrice": 95.0, "recommendationKey": "none", "numberOfAnalystOpinions": 1, "grossProfits": 2113804000, "financialCurrency": "INR"}}}