{"TERAI.BO": {"cashflowStatementHistory": {"cashflowStatements": [{"maxAge": 1, "endDate": "2020-03-31", "netIncome": 27546000, "depreciation": 14794000, "changeToNetincome": 38127000, "changeToAccountReceivables": 8651000, "changeToLiabilities": 0, "changeToInventory": 26049000, "changeToOperatingActivities": -114467000, "totalCashFromOperatingActivities": 700000, "capitalExpenditures": -35174000, "investments": -51184000, "otherCashflowsFromInvestingActivities": 1774000, "totalCashflowsFromInvestingActivities": -84584000, "netBorrowings": 118834000, "otherCashflowsFromFinancingActivities": -37887000, "totalCashFromFinancingActivities": 80947000, "changeInCash": -2937000}, {"maxAge": 1, "endDate": "2019-03-31", "netIncome": 30980000, "depreciation": 16476000, "changeToNetincome": 23105000, "changeToAccountReceivables": -109767000, "changeToLiabilities": 0, "changeToInventory": 4562000, "changeToOperatingActivities": 61585000, "totalCashFromOperatingActivities": 26941000, "capitalExpenditures": -17900000, "investments": 38014000, "otherCashflowsFromInvestingActivities": 1684000, "totalCashflowsFromInvestingActivities": 21798000, "netBorrowings": -17510000, "otherCashflowsFromFinancingActivities": -37645000, "totalCashFromFinancingActivities": -55155000, "changeInCash": -6416000}, {"maxAge": 1, "endDate": "2018-03-31", "netIncome": -784000, "depreciation": 16001000, "changeToNetincome": 47444000, "changeToAccountReceivables": 21192000, "changeToLiabilities": 0, "changeToInventory": 22752000, "changeToOperatingActivities": -16354000, "totalCashFromOperatingActivities": 90251000, "capitalExpenditures": -14706000, "investments": -358000, "otherCashflowsFromInvestingActivities": 890000, "totalCashflowsFromInvestingActivities": -14174000, "netBorrowings": -30962000, "otherCashflowsFromFinancingActivities": -37673000, "totalCashFromFinancingActivities": -68635000, "changeInCash": 7442000}, {"maxAge": 1, "endDate": "2017-03-31", "netIncome": 23242000, "depreciation": 17581000, "changeToNetincome": -16973000, "changeToAccountReceivables": 236681000, "changeToLiabilities": -290640000, "changeToInventory": -14281000, "changeToOperatingActivities": 64806000, "totalCashFromOperatingActivities": 20416000, "capitalExpenditures": -6763000, "investments": 4077000, "otherCashflowsFromInvestingActivities": 384000, "totalCashflowsFromInvestingActivities": -2302000, "netBorrowings": -19200000, "otherCashflowsFromFinancingActivities": -37673000, "totalCashFromFinancingActivities": -19200000, "changeInCash": -1086000}], "maxAge": 86400}, "institutionOwnership": {"maxAge": 1, "ownershipList": []}, "balanceSheetHistoryQuarterly": {"balanceSheetStatements": [{"maxAge": 1, "endDate": "2020-06-30", "totalStockholderEquity": 1255416000, "netTangibleAssets": 1255416000}, {"maxAge": 1, "endDate": "2020-03-31", "cash": 3037000, "shortTermInvestments": 88784000, "netReceivables": 303639000, "inventory": 31446000, "otherCurrentAssets": 182009000, "totalCurrentAssets": 608915000, "longTermInvestments": 668673000, "propertyPlantEquipment": 557973000, "otherAssets": 38453000, "totalAssets": 1874014000, "accountsPayable": 78948000, "shortLongTermDebt": 1110000, "otherCurrentLiab": 68943000, "longTermDebt": 258875000, "otherLiab": 20593000, "totalCurrentLiabilities": 339130000, "totalLiab": 618598000, "commonStock": 69029000, "treasuryStock": 1186387000, "otherStockholderEquity": 1186387000, "totalStockholderEquity": 1255416000, "netTangibleAssets": 1255416000}, {"maxAge": 1, "endDate": "2019-12-31", "totalStockholderEquity": 1246081000, "netTangibleAssets": 1246081000}, {"maxAge": 1, "endDate": "2019-09-30", "cash": 1976000, "shortTermInvestments": 98601000, "netReceivables": 223026000, "inventory": 142413000, "otherCurrentAssets": 193096000, "totalCurrentAssets": 659112000, "longTermInvestments": 666444000, "propertyPlantEquipment": 548779000, "otherAssets": 36524000, "totalAssets": 1910859000, "accountsPayable": 150687000, "shortLongTermDebt": 4124000, "otherCurrentLiab": 16682000, "longTermDebt": 254936000, "otherLiab": 25473000, "totalCurrentLiabilities": 384369000, "totalLiab": 664778000, "commonStock": 69029000, "treasuryStock": 1177052000, "otherStockholderEquity": 1177052000, "totalStockholderEquity": 1246081000, "netTangibleAssets": 1246081000}], "maxAge": 86400}, "indexTrend": {"maxAge": 1, "symbol": "SP5", "peRatio": 19.7411, "pegRatio": 1.34172, "estimates": [{"period": "0q", "growth": 0.549}, {"period": "+1q", "growth": 0.431}, {"period": "0y", "growth": 0.305}, {"period": "+1y", "growth": 0.109}, {"period": "+5y", "growth": 0.120859005}, {"period": "-5y"}]}, "quoteType": {"exchange": "BSE", "quoteType": "EQUITY", "symbol": "TERAI.BO", "underlyingSymbol": "TERAI.BO", "shortName": "TERAI TEA CO.LTD.", "longName": "Terai Tea Company Limited", "firstTradeDateEpochUtc": "2008-04-30 09:15:00", "timeZoneFullName": "Asia/Kolkata", "timeZoneShortName": "IST", "uuid": "ec1aef2c-4c92-33eb-9a14-a0ca0c46f0a2", "messageBoardId": null, "gmtOffSetMilliseconds": 19800000, "maxAge": 1}, "incomeStatementHistory": {"incomeStatementHistory": [{"maxAge": 1, "endDate": "2020-03-31", "totalRevenue": 1186621000, "costOfRevenue": 955279000, "grossProfit": 231342000, "researchDevelopment": {}, "sellingGeneralAdministrative": 60224000, "nonRecurring": {}, "otherOperatingExpenses": 105792000, "totalOperatingExpenses": 1136089000, "operatingIncome": 50532000, "totalOtherIncomeExpenseNet": -24487000, "ebit": 50532000, "interestExpense": -37887000, "incomeBeforeTax": 26045000, "incomeTaxExpense": -1501000, "minorityInterest": {}, "netIncomeFromContinuingOps": 27546000, "discontinuedOperations": {}, "extraordinaryItems": {}, "effectOfAccountingCharges": {}, "otherItems": {}, "netIncome": 27546000, "netIncomeApplicableToCommonShares": 27546000}, {"maxAge": 1, "endDate": "2019-03-31", "totalRevenue": 1407513000, "costOfRevenue": 1107686000, "grossProfit": 299827000, "researchDevelopment": {}, "sellingGeneralAdministrative": 60323000, "nonRecurring": {}, "otherOperatingExpenses": 177072000, "totalOperatingExpenses": 1361557000, "operatingIncome": 45956000, "totalOtherIncomeExpenseNet": -14144000, "ebit": 45956000, "interestExpense": -36514000, "incomeBeforeTax": 31812000, "incomeTaxExpense": 832000, "minorityInterest": {}, "netIncomeFromContinuingOps": 30980000, "discontinuedOperations": {}, "extraordinaryItems": {}, "effectOfAccountingCharges": {}, "otherItems": {}, "netIncome": 30980000, "netIncomeApplicableToCommonShares": 30980000}, {"maxAge": 1, "endDate": "2018-03-31", "totalRevenue": 1290713000, "costOfRevenue": 1007364000, "grossProfit": 283349000, "researchDevelopment": {}, "sellingGeneralAdministrative": 60069000, "nonRecurring": {}, "otherOperatingExpenses": 162325000, "totalOperatingExpenses": 1245759000, "operatingIncome": 44954000, "totalOtherIncomeExpenseNet": -42470000, "ebit": 44954000, "interestExpense": -36645000, "incomeBeforeTax": 2484000, "incomeTaxExpense": 3268000, "minorityInterest": {}, "netIncomeFromContinuingOps": -784000, "discontinuedOperations": {}, "extraordinaryItems": {}, "effectOfAccountingCharges": {}, "otherItems": {}, "netIncome": -784000, "netIncomeApplicableToCommonShares": -784000}, {"maxAge": 1, "endDate": "2017-03-31", "totalRevenue": 1293135000, "costOfRevenue": 1022151000, "grossProfit": 270984000, "researchDevelopment": {}, "sellingGeneralAdministrative": 54340000, "nonRecurring": {}, "otherOperatingExpenses": 150538000, "totalOperatingExpenses": 1244610000, "operatingIncome": 48525000, "totalOtherIncomeExpenseNet": -21326000, "ebit": 48525000, "interestExpense": -40045000, "incomeBeforeTax": 27199000, "incomeTaxExpense": 3957000, "minorityInterest": {}, "netIncomeFromContinuingOps": 23242000, "discontinuedOperations": {}, "extraordinaryItems": {}, "effectOfAccountingCharges": {}, "otherItems": {}, "netIncome": 23242000, "netIncomeApplicableToCommonShares": 23242000}], "maxAge": 86400}, "fundOwnership": {"maxAge": 1, "ownershipList": []}, "summaryDetail": {"maxAge": 1, "priceHint": 2, "previousClose": 38.9, "open": 40.8, "dayLow": 40.8, "dayHigh": 40.8, "regularMarketPreviousClose": 38.9, "regularMarketOpen": 40.8, "regularMarketDayLow": 40.8, "regularMarketDayHigh": 40.8, "trailingPE": 6.127046, "volume": 13087, "regularMarketVolume": 13087, "averageVolume": 6393, "averageVolume10days": 14933, "averageDailyVolume10Day": 14933, "bid": 31.55, "ask": 33.35, "bidSize": 0, "askSize": 0, "marketCap": 280675424, "fiftyTwoWeekLow": 25.0, "fiftyTwoWeekHigh": 72.45, "fiftyDayAverage": 52.962856, "twoHundredDayAverage": 42.616425, "currency": "INR", "fromCurrency": null, "toCurrency": null, "lastMarket": null, "algorithm": null, "tradeable": false}, "incomeStatementHistoryQuarterly": {"incomeStatementHistory": [{"maxAge": 1, "endDate": "2020-06-30", "totalRevenue": 91336000, "costOfRevenue": 25830000, "grossProfit": 65506000, "researchDevelopment": {}, "sellingGeneralAdministrative": 9247000, "nonRecurring": {}, "otherOperatingExpenses": 18358000, "totalOperatingExpenses": 56635000, "operatingIncome": 34701000, "totalOtherIncomeExpenseNet": -4755000, "ebit": 34701000, "interestExpense": -8105000, "incomeBeforeTax": 29946000, "incomeTaxExpense": 0, "minorityInterest": {}, "netIncomeFromContinuingOps": 29946000, "discontinuedOperations": {}, "extraordinaryItems": {}, "effectOfAccountingCharges": {}, "otherItems": {}, "netIncome": 29946000, "netIncomeApplicableToCommonShares": 29946000}, {"maxAge": 1, "endDate": "2020-03-31", "totalRevenue": 150010000, "costOfRevenue": 167940000, "grossProfit": -17930000, "researchDevelopment": {}, "sellingGeneralAdministrative": 15014000, "nonRecurring": {}, "otherOperatingExpenses": -33176000, "totalOperatingExpenses": 153332000, "operatingIncome": -3322000, "totalOtherIncomeExpenseNet": 1424000, "ebit": -3322000, "interestExpense": -7144000, "incomeBeforeTax": -1898000, "incomeTaxExpense": -1501000, "minorityInterest": {}, "netIncomeFromContinuingOps": -397000, "discontinuedOperations": {}, "extraordinaryItems": {}, "effectOfAccountingCharges": {}, "otherItems": {}, "netIncome": -397000, "netIncomeApplicableToCommonShares": -397000}, {"maxAge": 1, "endDate": "2019-12-31", "totalRevenue": 435283000, "costOfRevenue": 354505000, "grossProfit": 80778000, "researchDevelopment": {}, "sellingGeneralAdministrative": 14788000, "nonRecurring": {}, "otherOperatingExpenses": 45233000, "totalOperatingExpenses": 418352000, "operatingIncome": 16931000, "totalOtherIncomeExpenseNet": -8685000, "ebit": 16931000, "interestExpense": -10805000, "incomeBeforeTax": 8246000, "incomeTaxExpense": 0, "minorityInterest": {}, "netIncomeFromContinuingOps": 8246000, "discontinuedOperations": {}, "extraordinaryItems": {}, "effectOfAccountingCharges": {}, "otherItems": {}, "netIncome": 8246000, "netIncomeApplicableToCommonShares": 8246000}, {"maxAge": 1, "endDate": "2019-09-30", "totalRevenue": 503376000, "costOfRevenue": 399262000, "grossProfit": 104114000, "researchDevelopment": {}, "sellingGeneralAdministrative": 19444000, "nonRecurring": {}, "otherOperatingExpenses": 63025000, "totalOperatingExpenses": 485438000, "operatingIncome": 17938000, "totalOtherIncomeExpenseNet": -9777000, "ebit": 17938000, "interestExpense": -11371000, "incomeBeforeTax": 8161000, "incomeTaxExpense": 0, "minorityInterest": {}, "netIncomeFromContinuingOps": 8161000, "discontinuedOperations": {}, "extraordinaryItems": {}, "effectOfAccountingCharges": {}, "otherItems": {}, "netIncome": 8161000, "netIncomeApplicableToCommonShares": 8161000}], "maxAge": 86400}, "cashflowStatementHistoryQuarterly": {"cashflowStatements": [{"maxAge": 1, "endDate": "2020-06-30", "netIncome": 29946000, "changeToLiabilities": 0}, {"maxAge": 1, "endDate": "2020-03-31", "netIncome": -397000, "changeToLiabilities": 0}, {"maxAge": 1, "endDate": "2019-12-31", "netIncome": 8246000, "changeToLiabilities": 0}, {"maxAge": 1, "endDate": "2019-09-30", "netIncome": 8161000, "changeToLiabilities": 0}], "maxAge": 86400}, "insiderHolders": {"holders": [], "maxAge": 1}, "calendarEvents": {"maxAge": 1, "earnings": {"earningsDate": ["2020-10-09 05:30:S"]}}, "price": {"maxAge": 1, "regularMarketChangePercent": 0.048843127, "regularMarketChange": 1.8999977, "regularMarketTime": "2021-04-30 15:28:29", "priceHint": 2, "regularMarketPrice": 40.8, "regularMarketDayHigh": 40.8, "regularMarketDayLow": 40.8, "regularMarketVolume": 13087, "averageDailyVolume10Day": 14933, "averageDailyVolume3Month": 6393, "regularMarketPreviousClose": 38.9, "regularMarketSource": "FREE_REALTIME", "regularMarketOpen": 40.8, "exchange": "BSE", "exchangeName": "BSE", "exchangeDataDelayedBy": 0, "marketState": "CLOSED", "quoteType": "EQUITY", "symbol": "TERAI.BO", "underlyingSymbol": null, "shortName": "TERAI TEA CO.LTD.", "longName": "Terai Tea Company Limited", "currency": "INR", "quoteSourceName": "Delayed Quote", "currencySymbol": "\u20b9", "fromCurrency": null, "toCurrency": null, "lastMarket": null, "marketCap": 280675424}, "balanceSheetHistory": {"balanceSheetStatements": [{"maxAge": 1, "endDate": "2020-03-31", "cash": 3037000, "shortTermInvestments": 88784000, "netReceivables": 303639000, "inventory": 31446000, "otherCurrentAssets": 182008000, "totalCurrentAssets": 608914000, "longTermInvestments": 668673000, "propertyPlantEquipment": 557973000, "otherAssets": 38453000, "totalAssets": 1874013000, "accountsPayable": 78948000, "shortLongTermDebt": 1110000, "otherCurrentLiab": 68943000, "longTermDebt": 258875000, "otherLiab": 20592000, "totalCurrentLiabilities": 339130000, "totalLiab": 618597000, "commonStock": 69029000, "treasuryStock": 1186387000, "otherStockholderEquity": 1186387000, "totalStockholderEquity": 1255416000, "netTangibleAssets": 1255416000}, {"maxAge": 1, "endDate": "2019-03-31", "cash": 5974000, "netReceivables": 212218000, "inventory": 255652000, "otherCurrentAssets": 809000, "totalCurrentAssets": 524058000, "longTermInvestments": 656784000, "propertyPlantEquipment": 537594000, "otherAssets": 41748000, "totalAssets": 1760184000, "accountsPayable": 154843000, "shortLongTermDebt": 4132000, "otherCurrentLiab": 6682000, "longTermDebt": 252107000, "otherLiab": 25466000, "totalCurrentLiabilities": 256227000, "totalLiab": 533800000, "commonStock": 68793000, "retainedEarnings": 1080847000, "treasuryStock": 288000, "capitalSurplus": 76456000, "otherStockholderEquity": 288000, "totalStockholderEquity": 1226384000, "netTangibleAssets": 1226384000}, {"maxAge": 1, "endDate": "2018-03-31", "cash": 12390000, "shortTermInvestments": 78687000, "netReceivables": 106883000, "inventory": 211343000, "otherCurrentAssets": 1121000, "totalCurrentAssets": 490232000, "longTermInvestments": 642803000, "propertyPlantEquipment": 536170000, "otherAssets": 42164000, "totalAssets": 1711369000, "accountsPayable": 110126000, "shortLongTermDebt": 9308000, "otherCurrentLiab": 1575000, "longTermDebt": 114000000, "otherLiab": 28169000, "deferredLongTermLiab": 12000, "totalCurrentLiabilities": 373823000, "totalLiab": 515992000, "commonStock": 68793000, "retainedEarnings": 1049867000, "treasuryStock": 261000, "capitalSurplus": 76456000, "otherStockholderEquity": 261000, "totalStockholderEquity": 1195377000, "netTangibleAssets": 1195377000}, {"maxAge": 1, "endDate": "2017-03-31", "cash": 4948000, "shortTermInvestments": 74769000, "netReceivables": 132865000, "inventory": 240168000, "otherCurrentAssets": 89000, "totalCurrentAssets": 528285000, "longTermInvestments": 102666000, "propertyPlantEquipment": 537465000, "otherAssets": 40791000, "totalAssets": 1209207000, "accountsPayable": 55750000, "shortLongTermDebt": 14733000, "otherCurrentLiab": 64614000, "longTermDebt": 221437000, "otherLiab": 32070000, "totalCurrentLiabilities": 309062000, "totalLiab": 562569000, "commonStock": 68793000, "retainedEarnings": 500420000, "treasuryStock": 969000, "capitalSurplus": 76456000, "otherStockholderEquity": 969000, "totalStockholderEquity": 646638000, "netTangibleAssets": 646638000}], "maxAge": 86400}, "financialData": {"maxAge": 86400, "currentPrice": 40.8, "recommendationKey": "none", "grossProfits": 231342000, "financialCurrency": "INR"}}}