{"TEXINFRA.BO": {"recommendationTrend": {"trend": [{"period": "0m", "strongBuy": 0, "buy": 0, "hold": 0, "sell": 0, "strongSell": 0}, {"period": "-1m", "strongBuy": 0, "buy": 0, "hold": 0, "sell": 0, "strongSell": 0}, {"period": "-2m", "strongBuy": 0, "buy": 0, "hold": 0, "sell": 0, "strongSell": 0}, {"period": "-3m", "strongBuy": 0, "buy": 0, "hold": 0, "sell": 0, "strongSell": 0}], "maxAge": 86400}, "cashflowStatementHistory": {"cashflowStatements": [{"maxAge": 1, "endDate": "2020-03-31", "netIncome": -109732000, "depreciation": 27258000, "changeToNetincome": 83453000, "changeToAccountReceivables": -18168000, "changeToLiabilities": 10884000, "changeToInventory": 335000, "totalCashFromOperatingActivities": -5839000, "investments": 134005000, "otherCashflowsFromInvestingActivities": -67991000, "totalCashflowsFromInvestingActivities": 51547000, "dividendsPaid": -25655000, "netBorrowings": -10385000, "otherCashflowsFromFinancingActivities": -34283000, "totalCashFromFinancingActivities": -70323000, "changeInCash": -24615000}, {"maxAge": 1, "endDate": "2019-03-31", "netIncome": 267946000, "depreciation": 27050000, "changeToNetincome": -289878000, "changeToAccountReceivables": 13145000, "changeToLiabilities": 50328000, "changeToInventory": -505000, "totalCashFromOperatingActivities": 68093000, "investments": 44619000, "otherCashflowsFromInvestingActivities": 13598000, "totalCashflowsFromInvestingActivities": 37612000, "dividendsPaid": -25277000, "netBorrowings": -27390000, "otherCashflowsFromFinancingActivities": -32960000, "totalCashFromFinancingActivities": -85627000, "changeInCash": 20078000}, {"maxAge": 1, "endDate": "2018-03-31", "netIncome": 99191000, "depreciation": 25563000, "changeToNetincome": -106024000, "changeToAccountReceivables": -5676000, "changeToLiabilities": 4167000, "changeToInventory": -154000, "totalCashFromOperatingActivities": 17067000, "capitalExpenditures": -27099000, "investments": -181386000, "otherCashflowsFromInvestingActivities": -51266000, "totalCashflowsFromInvestingActivities": -259572000, "dividendsPaid": -26159000, "netBorrowings": 277323000, "otherCashflowsFromFinancingActivities": -31068000, "totalCashFromFinancingActivities": 220096000, "changeInCash": -22409000}, {"maxAge": 1, "endDate": "2017-03-31", "netIncome": 209746000, "depreciation": 25344000, "changeToNetincome": -203500000, "changeToAccountReceivables": 1525000, "changeToLiabilities": -41602000, "changeToInventory": -1008000, "totalCashFromOperatingActivities": -9495000, "capitalExpenditures": -41336000, "investments": 38312000, "otherCashflowsFromInvestingActivities": 51189000, "totalCashflowsFromInvestingActivities": 50641000, "dividendsPaid": -17653000, "netBorrowings": 5122000, "otherCashflowsFromFinancingActivities": -17918000, "totalCashFromFinancingActivities": -30449000, "changeInCash": 10697000}], "maxAge": 86400}, "institutionOwnership": {"maxAge": 1, "ownershipList": []}, "balanceSheetHistoryQuarterly": {"balanceSheetStatements": [{"maxAge": 1, "endDate": "2020-09-30", "cash": 8004000, "netReceivables": 764906000, "inventory": 925000, "otherCurrentAssets": 62501000, "totalCurrentAssets": 836336000, "longTermInvestments": 3844695000, "propertyPlantEquipment": 1484595000, "intangibleAssets": 3758000, "otherAssets": 208690000, "deferredLongTermAssetCharges": 160141000, "totalAssets": 6378074000, "accountsPayable": 19542000, "otherCurrentLiab": 103486000, "longTermDebt": 210962000, "otherLiab": 121401000, "minorityInterest": 7695000, "totalCurrentLiabilities": 148630000, "totalLiab": 507448000, "commonStock": 127428000, "treasuryStock": 5735503000, "otherStockholderEquity": 5735503000, "totalStockholderEquity": 5862931000, "netTangibleAssets": 5859173000}, {"maxAge": 1, "endDate": "2020-06-30", "totalStockholderEquity": 5604646000, "netTangibleAssets": 5600449000}, {"maxAge": 1, "endDate": "2020-03-31", "cash": 12188000, "netReceivables": 827161000, "inventory": 1332000, "otherCurrentAssets": 81929000, "totalCurrentAssets": 945575000, "longTermInvestments": 3456746000, "propertyPlantEquipment": 1492170000, "intangibleAssets": 4197000, "otherAssets": 207453000, "deferredLongTermAssetCharges": 160200000, "totalAssets": 6106141000, "accountsPayable": 22919000, "shortLongTermDebt": 31269000, "otherCurrentLiab": 50805000, "longTermDebt": 200324000, "otherLiab": 111379000, "minorityInterest": 7683000, "totalCurrentLiabilities": 155340000, "totalLiab": 493812000, "commonStock": 127427000, "retainedEarnings": 5057915000, "treasuryStock": 414047000, "capitalSurplus": 5257000, "otherStockholderEquity": 414047000, "totalStockholderEquity": 5604646000, "netTangibleAssets": 5600449000}, {"maxAge": 1, "endDate": "2019-12-31", "totalStockholderEquity": 6039359000, "netTangibleAssets": 6035634000}], "maxAge": 86400}, "earningsHistory": {"history": [{"maxAge": 1, "epsActual": {}, "epsEstimate": {}, "epsDifference": {}, "surprisePercent": {}, "quarter": {}, "period": "-4q"}, {"maxAge": 1, "epsActual": {}, "epsEstimate": {}, "epsDifference": {}, "surprisePercent": {}, "quarter": {}, "period": "-3q"}, {"maxAge": 1, "epsActual": {}, "epsEstimate": {}, "epsDifference": {}, "surprisePercent": {}, "quarter": {}, "period": "-2q"}, {"maxAge": 1, "epsActual": {}, "epsEstimate": {}, "epsDifference": {}, "surprisePercent": {}, "quarter": {}, "period": "-1q"}], "maxAge": 86400}, "indexTrend": {"maxAge": 1, "symbol": "SP5", "peRatio": 19.7411, "pegRatio": 1.34172, "estimates": [{"period": "0q", "growth": 0.549}, {"period": "+1q", "growth": 0.431}, {"period": "0y", "growth": 0.305}, {"period": "+1y", "growth": 0.109}, {"period": "+5y", "growth": 0.120865}, {"period": "-5y"}]}, "industryTrend": {"maxAge": 1, "symbol": null, "estimates": []}, "insiderTransactions": {"transactions": [{"maxAge": 1, "shares": 800000, "filerUrl": "", "transactionText": "", "filerName": "Adventz Finance Pvt Ltd", "filerRelation": "Promoter", "moneyText": "", "startDate": "2020-03-31", "ownership": "D"}, {"maxAge": 1, "shares": 420000, "filerUrl": "", "transactionText": "", "filerName": "Adventz Finance Pvt Ltd", "filerRelation": "Promoter", "moneyText": "", "startDate": "2020-03-23", "ownership": "D"}, {"maxAge": 1, "shares": 800000, "filerUrl": "", "transactionText": "", "filerName": "Adventz Finance Pvt Ltd", "filerRelation": "Promoter", "moneyText": "", "startDate": "2020-02-25", "ownership": "D"}, {"maxAge": 1, "shares": 400000, "filerUrl": "", "transactionText": "", "filerName": "Adventz Finance Pvt Ltd", "filerRelation": "Promoter", "moneyText": "", "startDate": "2020-02-25", "ownership": "D"}, {"maxAge": 1, "shares": 250000, "filerUrl": "", "transactionText": "", "filerName": "Adventz Finance Pvt Ltd", "filerRelation": "Promoter", "moneyText": "", "startDate": "2019-05-30", "ownership": "D"}, {"maxAge": 1, "shares": 5500009, "filerUrl": "", "transactionText": "", "filerName": "Poddar (Jyotsna)", "filerRelation": "Additonal Director", "moneyText": "", "startDate": "2019-05-29", "ownership": "D"}, {"maxAge": 1, "shares": 6450000, "filerUrl": "", "transactionText": "", "filerName": "Poddar (Saroj Kumar)", "filerRelation": "Non Executive Chairman", "moneyText": "", "startDate": "2019-05-28", "ownership": "D"}, {"maxAge": 1, "shares": 500000, "filerUrl": "", "transactionText": "", "filerName": "Adventz Finance Pvt Ltd", "filerRelation": "Promoter", "moneyText": "", "startDate": "2019-05-23", "ownership": "D"}], "maxAge": 1}, "quoteType": {"exchange": "BSE", "quoteType": "EQUITY", "symbol": "TEXINFRA.BO", "underlyingSymbol": "TEXINFRA.BO", "shortName": "TEXMACO INFRASTRUCTURE & HOLDI", "longName": "Texmaco Infrastructure & Holdings Limited", "firstTradeDateEpochUtc": "2001-12-31 09:15:00", "timeZoneFullName": "Asia/Kolkata", "timeZoneShortName": "IST", "uuid": "7d8ee0fb-23cc-3806-8ede-9212a58c35b0", "messageBoardId": null, "gmtOffSetMilliseconds": 19800000, "maxAge": 1}, "incomeStatementHistory": {"incomeStatementHistory": [{"maxAge": 1, "endDate": "2020-03-31", "totalRevenue": 187828000, "costOfRevenue": 9519000, "grossProfit": 178309000, "researchDevelopment": {}, "sellingGeneralAdministrative": 107498000, "nonRecurring": {}, "otherOperatingExpenses": 51257000, "totalOperatingExpenses": 195663000, "operatingIncome": -7835000, "totalOtherIncomeExpenseNet": -73854000, "ebit": -7835000, "interestExpense": -27214000, "incomeBeforeTax": -81689000, "incomeTaxExpense": 27916000, "minorityInterest": 7683000, "netIncomeFromContinuingOps": -109605000, "discontinuedOperations": {}, "extraordinaryItems": {}, "effectOfAccountingCharges": {}, "otherItems": {}, "netIncome": -109732000, "netIncomeApplicableToCommonShares": -109732000}, {"maxAge": 1, "endDate": "2019-03-31", "totalRevenue": 190127000, "costOfRevenue": 14790000, "grossProfit": 175337000, "researchDevelopment": {}, "sellingGeneralAdministrative": 106713000, "nonRecurring": {}, "otherOperatingExpenses": 44217000, "totalOperatingExpenses": 192777000, "operatingIncome": -2650000, "totalOtherIncomeExpenseNet": 301047000, "ebit": -2650000, "interestExpense": -24993000, "incomeBeforeTax": 298397000, "incomeTaxExpense": 29856000, "minorityInterest": 7561000, "netIncomeFromContinuingOps": 268541000, "discontinuedOperations": {}, "extraordinaryItems": {}, "effectOfAccountingCharges": {}, "otherItems": {}, "netIncome": 267946000, "netIncomeApplicableToCommonShares": 267946000}, {"maxAge": 1, "endDate": "2018-03-31", "totalRevenue": 182717000, "costOfRevenue": 6826000, "grossProfit": 175891000, "researchDevelopment": {}, "sellingGeneralAdministrative": 94989000, "nonRecurring": {}, "otherOperatingExpenses": 33651000, "totalOperatingExpenses": 161029000, "operatingIncome": 21688000, "totalOtherIncomeExpenseNet": 98896000, "ebit": 21688000, "interestExpense": -23104000, "incomeBeforeTax": 120584000, "incomeTaxExpense": 20785000, "minorityInterest": 6966000, "netIncomeFromContinuingOps": 99799000, "discontinuedOperations": {}, "extraordinaryItems": {}, "effectOfAccountingCharges": {}, "otherItems": {}, "netIncome": 99191000, "netIncomeApplicableToCommonShares": 99191000}, {"maxAge": 1, "endDate": "2017-03-31", "totalRevenue": 239049000, "costOfRevenue": 11108000, "grossProfit": 227941000, "researchDevelopment": {}, "sellingGeneralAdministrative": 116133000, "nonRecurring": {}, "otherOperatingExpenses": 46199000, "totalOperatingExpenses": 198784000, "operatingIncome": 40265000, "totalOtherIncomeExpenseNet": 185068000, "ebit": 40265000, "interestExpense": -10067000, "incomeBeforeTax": 225333000, "incomeTaxExpense": 15012000, "minorityInterest": 6358000, "netIncomeFromContinuingOps": 210321000, "discontinuedOperations": {}, "extraordinaryItems": {}, "effectOfAccountingCharges": {}, "otherItems": {}, "netIncome": 209746000, "netIncomeApplicableToCommonShares": 209746000}], "maxAge": 86400}, "fundOwnership": {"maxAge": 1, "ownershipList": []}, "summaryDetail": {"maxAge": 1, "priceHint": 2, "previousClose": 70.6, "open": 69.25, "dayLow": 69.25, "dayHigh": 70.6, "regularMarketPreviousClose": 70.6, "regularMarketOpen": 69.25, "regularMarketDayLow": 69.25, "regularMarketDayHigh": 70.6, "volume": 1799, "regularMarketVolume": 1799, "averageVolume": 65440, "averageVolume10days": 276666, "averageDailyVolume10Day": 276666, "bid": 70.05, "ask": 70.3, "bidSize": 0, "askSize": 0, "marketCap": 8926261248, "fiftyTwoWeekLow": 22.5, "fiftyTwoWeekHigh": 80.9, "fiftyDayAverage": 55.32353, "twoHundredDayAverage": 41.891544, "trailingAnnualDividendRate": 0.2, "trailingAnnualDividendYield": 0.0028328614, "currency": "INR", "fromCurrency": null, "toCurrency": null, "lastMarket": null, "algorithm": null, "tradeable": false}, "sectorTrend": {"maxAge": 1, "symbol": null, "estimates": []}, "incomeStatementHistoryQuarterly": {"incomeStatementHistory": [{"maxAge": 1, "endDate": "2020-09-30", "totalRevenue": 52568000, "costOfRevenue": 0, "grossProfit": 52568000, "researchDevelopment": {}, "sellingGeneralAdministrative": 23877000, "nonRecurring": {}, "otherOperatingExpenses": 19775000, "totalOperatingExpenses": 50658000, "operatingIncome": 1910000, "totalOtherIncomeExpenseNet": 22394000, "ebit": 1910000, "interestExpense": -8583000, "incomeBeforeTax": 24304000, "incomeTaxExpense": 10419000, "minorityInterest": 7695000, "netIncomeFromContinuingOps": 13885000, "discontinuedOperations": {}, "extraordinaryItems": {}, "effectOfAccountingCharges": {}, "otherItems": {}, "netIncome": 13950000, "netIncomeApplicableToCommonShares": 13950000}, {"maxAge": 1, "endDate": "2020-06-30", "totalRevenue": 23654000, "costOfRevenue": 0, "grossProfit": 23654000, "researchDevelopment": {}, "sellingGeneralAdministrative": 16795000, "nonRecurring": {}, "otherOperatingExpenses": 9447000, "totalOperatingExpenses": 33229000, "operatingIncome": -9575000, "totalOtherIncomeExpenseNet": -49243000, "ebit": -9575000, "interestExpense": -8693000, "incomeBeforeTax": -58818000, "incomeTaxExpense": 2460000, "minorityInterest": 7695000, "netIncomeFromContinuingOps": -61278000, "discontinuedOperations": {}, "extraordinaryItems": {}, "effectOfAccountingCharges": {}, "otherItems": {}, "netIncome": -61350000, "netIncomeApplicableToCommonShares": -61350000}, {"maxAge": 1, "endDate": "2020-03-31", "totalRevenue": 41515000, "costOfRevenue": 9519000, "grossProfit": 31996000, "researchDevelopment": {}, "sellingGeneralAdministrative": 29990000, "nonRecurring": {}, "otherOperatingExpenses": 2452000, "totalOperatingExpenses": 48588000, "operatingIncome": -7073000, "totalOtherIncomeExpenseNet": -204385000, "ebit": -7073000, "interestExpense": -8739000, "incomeBeforeTax": -211458000, "incomeTaxExpense": 4603000, "minorityInterest": 7683000, "netIncomeFromContinuingOps": -216061000, "discontinuedOperations": {}, "extraordinaryItems": {}, "effectOfAccountingCharges": {}, "otherItems": {}, "netIncome": -216240000, "netIncomeApplicableToCommonShares": -216240000}, {"maxAge": 1, "endDate": "2019-12-31", "totalRevenue": 47075000, "costOfRevenue": 0, "grossProfit": 47075000, "researchDevelopment": {}, "sellingGeneralAdministrative": 25518000, "nonRecurring": {}, "otherOperatingExpenses": 14157000, "totalOperatingExpenses": 46955000, "operatingIncome": 120000, "totalOtherIncomeExpenseNet": 62494000, "ebit": 120000, "interestExpense": -6402000, "incomeBeforeTax": 62614000, "incomeTaxExpense": 6448000, "minorityInterest": 7683000, "netIncomeFromContinuingOps": 56166000, "discontinuedOperations": {}, "extraordinaryItems": {}, "effectOfAccountingCharges": {}, "otherItems": {}, "netIncome": 56194000, "netIncomeApplicableToCommonShares": 56194000}], "maxAge": 86400}, "cashflowStatementHistoryQuarterly": {"cashflowStatements": [{"maxAge": 1, "endDate": "2020-09-30", "netIncome": 13950000, "changeToLiabilities": 0}, {"maxAge": 1, "endDate": "2020-06-30", "netIncome": -61350000, "changeToLiabilities": 0}, {"maxAge": 1, "endDate": "2020-03-31", "netIncome": -216240000, "changeToLiabilities": 0}, {"maxAge": 1, "endDate": "2019-12-31", "netIncome": 56194000, "changeToLiabilities": 0}], "maxAge": 86400}, "insiderHolders": {"holders": [{"maxAge": 1, "name": "Adventz Finance Pvt Ltd", "relation": "Promoter", "url": "", "transactionDescription": "Acquisition", "latestTransDate": "2020-03-31", "positionDirect": 15806894, "positionDirectDate": "2020-03-31"}, {"maxAge": 1, "name": "Poddar (Jyotsna)", "relation": "Additonal Director", "url": "", "transactionDescription": "Acquisition", "latestTransDate": "2019-05-29", "positionDirect": 621790, "positionDirectDate": "2019-05-29"}, {"maxAge": 1, "name": "Poddar (Saroj Kumar)", "relation": "Non Executive Chairman", "url": "", "transactionDescription": "Acquisition", "latestTransDate": "2019-05-28", "positionDirect": 8599823, "positionDirectDate": "2019-05-28"}], "maxAge": 1}, "earnings": {"maxAge": 86400, "earningsChart": {"quarterly": [], "earningsDate": []}, "financialsChart": {"yearly": [{"date": 2017, "revenue": 239049000, "earnings": 209746000}, {"date": 2018, "revenue": 182717000, "earnings": 99191000}, {"date": 2019, "revenue": 190127000, "earnings": 267946000}, {"date": 2020, "revenue": 187828000, "earnings": -109732000}], "quarterly": [{"date": "4Q2019", "revenue": 47075000, "earnings": 56194000}, {"date": "1Q2020", "revenue": 41515000, "earnings": -216240000}, {"date": "2Q2020", "revenue": 23654000, "earnings": -61350000}, {"date": "3Q2020", "revenue": 52568000, "earnings": 13950000}]}, "financialCurrency": "INR"}, "calendarEvents": {"maxAge": 1, "earnings": {"earningsDate": []}}, "price": {"maxAge": 1, "regularMarketChangePercent": -0.007790304, "regularMarketChange": -0.5499954, "regularMarketTime": "2021-04-30 15:24:10", "priceHint": 2, "regularMarketPrice": 70.05, "regularMarketDayHigh": 70.6, "regularMarketDayLow": 69.25, "regularMarketVolume": 1799, "averageDailyVolume10Day": 276666, "averageDailyVolume3Month": 65440, "regularMarketPreviousClose": 70.6, "regularMarketSource": "FREE_REALTIME", "regularMarketOpen": 69.25, "exchange": "BSE", "exchangeName": "BSE", "exchangeDataDelayedBy": 0, "marketState": "CLOSED", "quoteType": "EQUITY", "symbol": "TEXINFRA.BO", "underlyingSymbol": null, "shortName": "TEXMACO INFRASTRUCTURE & HOLDI", "longName": "Texmaco Infrastructure & Holdings Limited", "currency": "INR", "quoteSourceName": "Delayed Quote", "currencySymbol": "\u20b9", "fromCurrency": null, "toCurrency": null, "lastMarket": null, "marketCap": 8926261248}, "balanceSheetHistory": {"balanceSheetStatements": [{"maxAge": 1, "endDate": "2020-03-31", "cash": 12188000, "netReceivables": 827161000, "inventory": 1332000, "otherCurrentAssets": 81929000, "totalCurrentAssets": 945575000, "longTermInvestments": 3456746000, "propertyPlantEquipment": 1492170000, "intangibleAssets": 4197000, "otherAssets": 207453000, "deferredLongTermAssetCharges": 160200000, "totalAssets": 6106141000, "accountsPayable": 22919000, "shortLongTermDebt": 31269000, "otherCurrentLiab": 50805000, "longTermDebt": 200324000, "otherLiab": 111379000, "minorityInterest": 7683000, "totalCurrentLiabilities": 155340000, "totalLiab": 493812000, "commonStock": 127427000, "retainedEarnings": 5057915000, "treasuryStock": 414047000, "capitalSurplus": 5257000, "otherStockholderEquity": 414047000, "totalStockholderEquity": 5604646000, "netTangibleAssets": 5600449000}, {"maxAge": 1, "endDate": "2019-03-31", "cash": 36803000, "netReceivables": 656681000, "inventory": 1667000, "otherCurrentAssets": 89861000, "totalCurrentAssets": 1007638000, "longTermInvestments": 4218980000, "propertyPlantEquipment": 1457091000, "intangibleAssets": 3036000, "otherAssets": 206484000, "deferredLongTermAssetCharges": 157184000, "totalAssets": 6893229000, "accountsPayable": 14639000, "shortLongTermDebt": 30883000, "otherCurrentLiab": 6978000, "longTermDebt": 231095000, "otherLiab": 151264000, "minorityInterest": 7561000, "totalCurrentLiabilities": 78102000, "totalLiab": 460461000, "commonStock": 127427000, "retainedEarnings": 5204541000, "treasuryStock": 1087982000, "capitalSurplus": 5257000, "otherStockholderEquity": 1087982000, "totalStockholderEquity": 6425207000, "netTangibleAssets": 6422171000}, {"maxAge": 1, "endDate": "2018-03-31", "cash": 16725000, "netReceivables": 636568000, "inventory": 1162000, "otherCurrentAssets": 92630000, "totalCurrentAssets": 1072277000, "longTermInvestments": 4938766000, "propertyPlantEquipment": 1466712000, "otherAssets": 168419000, "deferredLongTermAssetCharges": 154462000, "totalAssets": 7646174000, "accountsPayable": 9321000, "shortLongTermDebt": 28471000, "otherCurrentLiab": 13817000, "longTermDebt": 260897000, "otherLiab": 103913000, "minorityInterest": 6966000, "totalCurrentLiabilities": 73551000, "totalLiab": 438361000, "commonStock": 127427000, "retainedEarnings": 4968973000, "treasuryStock": 2099190000, "capitalSurplus": 5257000, "otherStockholderEquity": 2099190000, "totalStockholderEquity": 7200847000, "netTangibleAssets": 7200847000}, {"maxAge": 1, "endDate": "2017-03-31", "cash": 39134000, "netReceivables": 520356000, "inventory": 1008000, "otherCurrentAssets": 98110000, "totalCurrentAssets": 1092600000, "longTermInvestments": 4078612000, "propertyPlantEquipment": 1465358000, "otherAssets": 146635000, "deferredLongTermAssetCharges": 140353000, "totalAssets": 6783205000, "accountsPayable": 5881000, "shortLongTermDebt": 4917000, "otherCurrentLiab": 11475000, "longTermDebt": 6996000, "otherLiab": 79613000, "minorityInterest": 6358000, "totalCurrentLiabilities": 46768000, "totalLiab": 133377000, "commonStock": 127427000, "retainedEarnings": 4901171000, "treasuryStock": 1609615000, "capitalSurplus": 5257000, "otherStockholderEquity": 1609615000, "totalStockholderEquity": 6643470000, "netTangibleAssets": 6643470000}], "maxAge": 86400}, "earningsTrend": {"trend": [{"maxAge": 1, "period": "0q", "endDate": null, "growth": {}, "earningsEstimate": {"avg": 0.0, "low": 0.0, "high": 0.0, "yearAgoEps": {}, "numberOfAnalysts": 0, "growth": {}}, "revenueEstimate": {"avg": 0, "low": 0, "high": 0, "numberOfAnalysts": 0, "yearAgoRevenue": {}, "growth": {}}, "epsTrend": {"current": 0.0, "7daysAgo": 0.0, "30daysAgo": 0.0, "60daysAgo": 0.0, "90daysAgo": 0.0}, "epsRevisions": {"upLast7days": 0, "upLast30days": 0, "downLast30days": 0, "downLast90days": {}}}, {"maxAge": 1, "period": "+1q", "endDate": null, "growth": {}, "earningsEstimate": {"avg": 0.0, "low": 0.0, "high": 0.0, "yearAgoEps": {}, "numberOfAnalysts": 0, "growth": {}}, "revenueEstimate": {"avg": 0, "low": 0, "high": 0, "numberOfAnalysts": 0, "yearAgoRevenue": {}, "growth": {}}, "epsTrend": {"current": 0.0, "7daysAgo": 0.0, "30daysAgo": 0.0, "60daysAgo": 0.0, "90daysAgo": 0.0}, "epsRevisions": {"upLast7days": 0, "upLast30days": 0, "downLast30days": 0, "downLast90days": {}}}, {"maxAge": 1, "period": "0y", "endDate": null, "growth": {}, "earningsEstimate": {"avg": 0.0, "low": 0.0, "high": 0.0, "yearAgoEps": {}, "numberOfAnalysts": 0, "growth": {}}, "revenueEstimate": {"avg": 0, "low": 0, "high": 0, "numberOfAnalysts": 0, "yearAgoRevenue": {}, "growth": {}}, "epsTrend": {"current": 0.0, "7daysAgo": 0.0, "30daysAgo": 0.0, "60daysAgo": 0.0, "90daysAgo": 0.0}, "epsRevisions": {"upLast7days": 0, "upLast30days": 0, "downLast30days": 0, "downLast90days": {}}}, {"maxAge": 1, "period": "+1y", "endDate": null, "growth": {}, "earningsEstimate": {"avg": 0.0, "low": 0.0, "high": 0.0, "yearAgoEps": {}, "numberOfAnalysts": 0, "growth": {}}, "revenueEstimate": {"avg": 0, "low": 0, "high": 0, "numberOfAnalysts": 0, "yearAgoRevenue": {}, "growth": {}}, "epsTrend": {"current": 0.0, "7daysAgo": 0.0, "30daysAgo": 0.0, "60daysAgo": 0.0, "90daysAgo": 0.0}, "epsRevisions": {"upLast7days": 0, "upLast30days": 0, "downLast30days": 0, "downLast90days": {}}}, {"maxAge": 1, "period": "+5y", "endDate": null, "growth": {}, "earningsEstimate": {"avg": {}, "low": {}, "high": {}, "yearAgoEps": {}, "numberOfAnalysts": {}, "growth": {}}, "revenueEstimate": {"avg": {}, "low": {}, "high": {}, "numberOfAnalysts": {}, "yearAgoRevenue": {}, "growth": {}}, "epsTrend": {"current": {}, "7daysAgo": {}, "30daysAgo": {}, "60daysAgo": {}, "90daysAgo": {}}, "epsRevisions": {"upLast7days": {}, "upLast30days": {}, "downLast30days": {}, "downLast90days": {}}}, {"maxAge": 1, "period": "-5y", "endDate": null, "growth": {}, "earningsEstimate": {"avg": {}, "low": {}, "high": {}, "yearAgoEps": {}, "numberOfAnalysts": {}, "growth": {}}, "revenueEstimate": {"avg": {}, "low": {}, "high": {}, "numberOfAnalysts": {}, "yearAgoRevenue": {}, "growth": {}}, "epsTrend": {"current": {}, "7daysAgo": {}, "30daysAgo": {}, "60daysAgo": {}, "90daysAgo": {}}, "epsRevisions": {"upLast7days": {}, "upLast30days": {}, "downLast30days": {}, "downLast90days": {}}}], "maxAge": 1}, "financialData": {"maxAge": 86400, "currentPrice": 70.05, "targetHighPrice": 125.0, "targetLowPrice": 125.0, "targetMeanPrice": 125.0, "targetMedianPrice": 125.0, "recommendationKey": "none", "numberOfAnalystOpinions": 1, "grossProfits": 178309000, "financialCurrency": "INR"}}}