{"TEXMOPIPES.BO": {"cashflowStatementHistory": {"cashflowStatements": [{"maxAge": 1, "endDate": "2020-03-31", "netIncome": 39441000, "depreciation": 61753000, "changeToNetincome": 165275000, "changeToAccountReceivables": 133013000, "changeToLiabilities": 0, "changeToInventory": -97314000, "changeToOperatingActivities": -100040000, "totalCashFromOperatingActivities": 202339000, "capitalExpenditures": -73760000, "investments": -5904000, "otherCashflowsFromInvestingActivities": -16143000, "totalCashflowsFromInvestingActivities": -86329000, "netBorrowings": -15600000, "otherCashflowsFromFinancingActivities": -100249000, "totalCashFromFinancingActivities": -115849000, "changeInCash": 162000}, {"maxAge": 1, "endDate": "2019-03-31", "netIncome": 29734000, "depreciation": 55795000, "changeToNetincome": 125809000, "changeToAccountReceivables": -234441000, "changeToLiabilities": 0, "changeToInventory": 54686000, "changeToOperatingActivities": 167293000, "totalCashFromOperatingActivities": 199107000, "capitalExpenditures": -80722000, "investments": 800000, "otherCashflowsFromInvestingActivities": -797000, "totalCashflowsFromInvestingActivities": -65100000, "netBorrowings": -82923000, "otherCashflowsFromFinancingActivities": -87803000, "totalCashFromFinancingActivities": -140566000, "changeInCash": -6559000, "issuanceOfStock": 30160000}, {"maxAge": 1, "endDate": "2018-03-31", "netIncome": 1557000, "depreciation": 52369000, "changeToNetincome": 84261000, "changeToAccountReceivables": 49114000, "changeToLiabilities": 0, "changeToInventory": 128351000, "changeToOperatingActivities": -79889000, "totalCashFromOperatingActivities": 236511000, "capitalExpenditures": -74123000, "investments": 800000, "otherCashflowsFromInvestingActivities": -15801000, "totalCashflowsFromInvestingActivities": -90119000, "netBorrowings": -69633000, "otherCashflowsFromFinancingActivities": -96950000, "totalCashFromFinancingActivities": -140183000, "changeInCash": 6208000, "issuanceOfStock": 26400000}, {"maxAge": 1, "endDate": "2017-03-31", "netIncome": -13422000, "depreciation": 65762000, "changeToNetincome": 102455000, "changeToAccountReceivables": -98158000, "changeToLiabilities": 60287000, "changeToInventory": -75192000, "changeToOperatingActivities": 34400000, "totalCashFromOperatingActivities": 76855000, "capitalExpenditures": -101528000, "investments": 800000, "otherCashflowsFromInvestingActivities": 49070000, "totalCashflowsFromInvestingActivities": -51187000, "netBorrowings": 89825000, "otherCashflowsFromFinancingActivities": -121931000, "totalCashFromFinancingActivities": -32106000, "changeInCash": -6438000, "issuanceOfStock": 26400000}], "maxAge": 86400}, "institutionOwnership": {"maxAge": 1, "ownershipList": []}, "balanceSheetHistoryQuarterly": {"balanceSheetStatements": [{"maxAge": 1, "endDate": "2020-06-30", "totalStockholderEquity": 2131860000, "netTangibleAssets": 2130615000}, {"maxAge": 1, "endDate": "2020-03-31", "cash": 3033000, "shortTermInvestments": 88174000, "netReceivables": 570522000, "inventory": 734468000, "otherCurrentAssets": 96403000, "totalCurrentAssets": 1497660000, "propertyPlantEquipment": 1141729000, "intangibleAssets": 1245000, "otherAssets": 790690000, "totalAssets": 3431324000, "accountsPayable": 503945000, "shortLongTermDebt": 21752000, "otherCurrentLiab": 49491000, "longTermDebt": 68665000, "otherLiab": 207854000, "totalCurrentLiabilities": 1022945000, "totalLiab": 1299464000, "commonStock": 263200000, "retainedEarnings": 268018000, "treasuryStock": 912678000, "capitalSurplus": 687964000, "otherStockholderEquity": 912678000, "totalStockholderEquity": 2131860000, "netTangibleAssets": 2130615000}, {"maxAge": 1, "endDate": "2019-12-31", "totalStockholderEquity": 2059069000, "netTangibleAssets": 2057690000}, {"maxAge": 1, "endDate": "2019-09-30", "cash": 87999000, "netReceivables": 444680000, "inventory": 614950000, "otherCurrentAssets": 181883000, "totalCurrentAssets": 1329512000, "propertyPlantEquipment": 1153563000, "intangibleAssets": 1379000, "otherAssets": 790129000, "totalAssets": 3274583000, "accountsPayable": 477465000, "shortLongTermDebt": 11342000, "otherCurrentLiab": 85058000, "longTermDebt": 103387000, "otherLiab": 202348000, "totalCurrentLiabilities": 909779000, "totalLiab": 1215514000, "commonStock": 263200000, "treasuryStock": 1795869000, "otherStockholderEquity": 1795869000, "totalStockholderEquity": 2059069000, "netTangibleAssets": 2057690000}], "maxAge": 86400}, "indexTrend": {"maxAge": 1, "symbol": "SP5", "peRatio": 19.7411, "pegRatio": 1.34172, "estimates": [{"period": "0q", "growth": 0.549}, {"period": "+1q", "growth": 0.431}, {"period": "0y", "growth": 0.305}, {"period": "+1y", "growth": 0.109}, {"period": "+5y", "growth": 0.120865}, {"period": "-5y"}]}, "insiderTransactions": {"transactions": [{"maxAge": 1, "shares": 1300000, "filerUrl": "", "transactionText": "", "filerName": "Shree Padmavati Irrigation  Pvt Ltd", "filerRelation": "Promoter", "moneyText": "", "startDate": "2019-03-27", "ownership": "D"}], "maxAge": 1}, "quoteType": {"exchange": "BSE", "quoteType": "EQUITY", "symbol": "TEXMOPIPES.BO", "underlyingSymbol": "TEXMOPIPES.BO", "shortName": "TEXMO PIPES & PRODUCTS LTD.", "longName": "Texmo Pipes and Products Limited", "firstTradeDateEpochUtc": "2010-03-10 09:15:00", "timeZoneFullName": "Asia/Kolkata", "timeZoneShortName": "IST", "uuid": "1c50015e-de27-3692-8645-76f2d00464f8", "messageBoardId": null, "gmtOffSetMilliseconds": 19800000, "maxAge": 1}, "incomeStatementHistory": {"incomeStatementHistory": [{"maxAge": 1, "endDate": "2020-03-31", "totalRevenue": 3279456000, "costOfRevenue": 2506043000, "grossProfit": 773413000, "researchDevelopment": {}, "sellingGeneralAdministrative": 182335000, "nonRecurring": {}, "otherOperatingExpenses": 366494000, "totalOperatingExpenses": 3116836000, "operatingIncome": 162620000, "totalOtherIncomeExpenseNet": -104859000, "ebit": 162620000, "interestExpense": -56150000, "incomeBeforeTax": 57761000, "incomeTaxExpense": 18320000, "minorityInterest": {}, "netIncomeFromContinuingOps": 39441000, "discontinuedOperations": {}, "extraordinaryItems": {}, "effectOfAccountingCharges": {}, "otherItems": {}, "netIncome": 39441000, "netIncomeApplicableToCommonShares": 39441000}, {"maxAge": 1, "endDate": "2019-03-31", "totalRevenue": 3097445000, "costOfRevenue": 2397903000, "grossProfit": 699542000, "researchDevelopment": {}, "sellingGeneralAdministrative": 183025000, "nonRecurring": {}, "otherOperatingExpenses": 344848000, "totalOperatingExpenses": 2981802000, "operatingIncome": 115643000, "totalOtherIncomeExpenseNet": -79340000, "ebit": 115643000, "interestExpense": -53205000, "incomeBeforeTax": 36303000, "incomeTaxExpense": 6569000, "minorityInterest": {}, "netIncomeFromContinuingOps": 29734000, "discontinuedOperations": {}, "extraordinaryItems": {}, "effectOfAccountingCharges": {}, "otherItems": {}, "netIncome": 29734000, "netIncomeApplicableToCommonShares": 29734000}, {"maxAge": 1, "endDate": "2018-03-31", "totalRevenue": 2514577000, "costOfRevenue": 2008745000, "grossProfit": 505832000, "researchDevelopment": {}, "sellingGeneralAdministrative": 147834000, "nonRecurring": {}, "otherOperatingExpenses": 236836000, "totalOperatingExpenses": 2446532000, "operatingIncome": 68045000, "totalOtherIncomeExpenseNet": -55922000, "ebit": 68045000, "interestExpense": -57025000, "incomeBeforeTax": 12123000, "incomeTaxExpense": 10659000, "minorityInterest": 611000, "netIncomeFromContinuingOps": 1464000, "discontinuedOperations": 93000, "extraordinaryItems": {}, "effectOfAccountingCharges": {}, "otherItems": {}, "netIncome": 1557000, "netIncomeApplicableToCommonShares": 1557000}, {"maxAge": 1, "endDate": "2017-03-31", "totalRevenue": 3002662000, "costOfRevenue": 2390759000, "grossProfit": 611903000, "researchDevelopment": {}, "sellingGeneralAdministrative": 182131000, "nonRecurring": {}, "otherOperatingExpenses": 243978000, "totalOperatingExpenses": 2892287000, "operatingIncome": 110375000, "totalOtherIncomeExpenseNet": -107478000, "ebit": 110375000, "interestExpense": -73105000, "incomeBeforeTax": 2897000, "incomeTaxExpense": 16355000, "minorityInterest": 632000, "netIncomeFromContinuingOps": -13458000, "discontinuedOperations": 36000, "extraordinaryItems": {}, "effectOfAccountingCharges": {}, "otherItems": {}, "netIncome": -13422000, "netIncomeApplicableToCommonShares": -13421000}], "maxAge": 86400}, "fundOwnership": {"maxAge": 1, "ownershipList": []}, "summaryDetail": {"maxAge": 1, "priceHint": 2, "previousClose": 27.25, "open": 27.8, "dayLow": 26.8, "dayHigh": 28.65, "regularMarketPreviousClose": 27.25, "regularMarketOpen": 27.8, "regularMarketDayLow": 26.8, "regularMarketDayHigh": 28.65, "trailingPE": 18.774704, "volume": 40913, "regularMarketVolume": 40913, "averageVolume": 46218, "averageVolume10days": 88887, "averageDailyVolume10Day": 88887, "bid": 28.25, "ask": 28.55, "bidSize": 0, "askSize": 0, "marketCap": 749071232, "fiftyTwoWeekLow": 7.01, "fiftyTwoWeekHigh": 31.3, "fiftyDayAverage": 24.082354, "twoHundredDayAverage": 18.202795, "currency": "INR", "fromCurrency": null, "toCurrency": null, "lastMarket": null, "algorithm": null, "tradeable": false}, "incomeStatementHistoryQuarterly": {"incomeStatementHistory": [{"maxAge": 1, "endDate": "2020-06-30", "totalRevenue": 816332000, "costOfRevenue": 660705000, "grossProfit": 155627000, "researchDevelopment": {}, "sellingGeneralAdministrative": 24637000, "nonRecurring": {}, "otherOperatingExpenses": 76164000, "totalOperatingExpenses": 776793000, "operatingIncome": 39539000, "totalOtherIncomeExpenseNet": -21598000, "ebit": 39539000, "interestExpense": -24361000, "incomeBeforeTax": 17941000, "incomeTaxExpense": 4627000, "minorityInterest": {}, "netIncomeFromContinuingOps": 13314000, "discontinuedOperations": {}, "extraordinaryItems": {}, "effectOfAccountingCharges": {}, "otherItems": {}, "netIncome": 13314000, "netIncomeApplicableToCommonShares": 13314000}, {"maxAge": 1, "endDate": "2020-03-31", "totalRevenue": 713977000, "costOfRevenue": 528135000, "grossProfit": 185842000, "researchDevelopment": {}, "sellingGeneralAdministrative": 69051000, "nonRecurring": {}, "otherOperatingExpenses": 61349000, "totalOperatingExpenses": 674535000, "operatingIncome": 39442000, "totalOtherIncomeExpenseNet": -21422000, "ebit": 39442000, "interestExpense": -24361000, "incomeBeforeTax": 18020000, "incomeTaxExpense": 8339000, "minorityInterest": {}, "netIncomeFromContinuingOps": 9681000, "discontinuedOperations": {}, "extraordinaryItems": {}, "effectOfAccountingCharges": {}, "otherItems": {}, "netIncome": 9681000, "netIncomeApplicableToCommonShares": 9681000}, {"maxAge": 1, "endDate": "2019-12-31", "totalRevenue": 777110000, "costOfRevenue": 590494000, "grossProfit": 186616000, "researchDevelopment": {}, "sellingGeneralAdministrative": 37803000, "nonRecurring": {}, "otherOperatingExpenses": 92377000, "totalOperatingExpenses": 736490000, "operatingIncome": 40620000, "totalOtherIncomeExpenseNet": -25047000, "ebit": 40620000, "interestExpense": -19826000, "incomeBeforeTax": 15573000, "incomeTaxExpense": 2758000, "minorityInterest": {}, "netIncomeFromContinuingOps": 12815000, "discontinuedOperations": {}, "extraordinaryItems": {}, "effectOfAccountingCharges": {}, "otherItems": {}, "netIncome": 12815000, "netIncomeApplicableToCommonShares": 12815000}, {"maxAge": 1, "endDate": "2019-09-30", "totalRevenue": 500755000, "costOfRevenue": 343887000, "grossProfit": 156868000, "researchDevelopment": {}, "sellingGeneralAdministrative": 35734000, "nonRecurring": {}, "otherOperatingExpenses": 72323000, "totalOperatingExpenses": 466960000, "operatingIncome": 33795000, "totalOtherIncomeExpenseNet": -28447000, "ebit": 33795000, "interestExpense": -31960000, "incomeBeforeTax": 5348000, "incomeTaxExpense": 1362000, "minorityInterest": {}, "netIncomeFromContinuingOps": 3986000, "discontinuedOperations": {}, "extraordinaryItems": {}, "effectOfAccountingCharges": {}, "otherItems": {}, "netIncome": 3986000, "netIncomeApplicableToCommonShares": 3986000}], "maxAge": 86400}, "cashflowStatementHistoryQuarterly": {"cashflowStatements": [{"maxAge": 1, "endDate": "2020-06-30", "netIncome": 13314000, "changeToLiabilities": 0}, {"maxAge": 1, "endDate": "2020-03-31", "netIncome": 9681000, "changeToLiabilities": 0}, {"maxAge": 1, "endDate": "2019-12-31", "netIncome": 12815000, "changeToLiabilities": 0}, {"maxAge": 1, "endDate": "2019-09-30", "netIncome": 3986000, "changeToLiabilities": 0}], "maxAge": 86400}, "insiderHolders": {"holders": [{"maxAge": 1, "name": "Shree Padmavati Irrigation  Pvt Ltd", "relation": "Promoter", "url": "", "transactionDescription": "Acquisition", "latestTransDate": "2019-03-27", "positionDirect": 2612000, "positionDirectDate": "2019-03-27"}], "maxAge": 1}, "calendarEvents": {"maxAge": 1, "earnings": {"earningsDate": []}}, "price": {"maxAge": 1, "regularMarketChangePercent": 0.04587156, "regularMarketChange": 1.25, "regularMarketTime": "2021-04-30 15:25:33", "priceHint": 2, "regularMarketPrice": 28.5, "regularMarketDayHigh": 28.65, "regularMarketDayLow": 26.8, "regularMarketVolume": 40913, "averageDailyVolume10Day": 88887, "averageDailyVolume3Month": 46218, "regularMarketPreviousClose": 27.25, "regularMarketSource": "FREE_REALTIME", "regularMarketOpen": 27.8, "exchange": "BSE", "exchangeName": "BSE", "exchangeDataDelayedBy": 0, "marketState": "CLOSED", "quoteType": "EQUITY", "symbol": "TEXMOPIPES.BO", "underlyingSymbol": null, "shortName": "TEXMO PIPES & PRODUCTS LTD.", "longName": "Texmo Pipes and Products Limited", "currency": "INR", "quoteSourceName": "Delayed Quote", "currencySymbol": "\u20b9", "fromCurrency": null, "toCurrency": null, "lastMarket": null, "marketCap": 749071232}, "balanceSheetHistory": {"balanceSheetStatements": [{"maxAge": 1, "endDate": "2020-03-31", "cash": 3033000, "shortTermInvestments": 88174000, "netReceivables": 570522000, "inventory": 734468000, "otherCurrentAssets": 96403000, "totalCurrentAssets": 1497660000, "propertyPlantEquipment": 1141729000, "intangibleAssets": 1245000, "otherAssets": 790690000, "totalAssets": 3431324000, "accountsPayable": 503945000, "shortLongTermDebt": 21752000, "otherCurrentLiab": 49491000, "longTermDebt": 68665000, "otherLiab": 207854000, "totalCurrentLiabilities": 1022945000, "totalLiab": 1299464000, "commonStock": 263200000, "retainedEarnings": 268018000, "treasuryStock": 912678000, "capitalSurplus": 687964000, "otherStockholderEquity": 912678000, "totalStockholderEquity": 2131860000, "netTangibleAssets": 2130615000}, {"maxAge": 1, "endDate": "2019-03-31", "cash": 2871000, "shortTermInvestments": 81047000, "netReceivables": 780912000, "inventory": 637154000, "otherCurrentAssets": 89067000, "totalCurrentAssets": 1596304000, "propertyPlantEquipment": 1130669000, "intangibleAssets": 859000, "otherAssets": 726926000, "totalAssets": 3454758000, "accountsPayable": 592012000, "shortLongTermDebt": 27806000, "otherCurrentLiab": 59760000, "longTermDebt": 101483000, "otherLiab": 200378000, "totalCurrentLiabilities": 1126720000, "totalLiab": 1428581000, "commonStock": 263200000, "retainedEarnings": 224378000, "treasuryStock": 850635000, "capitalSurplus": 687964000, "otherStockholderEquity": 850635000, "totalStockholderEquity": 2026177000, "netTangibleAssets": 2025318000}, {"maxAge": 1, "endDate": "2018-03-31", "cash": 9430000, "shortTermInvestments": 104601000, "netReceivables": 607785000, "inventory": 691840000, "otherCurrentAssets": 47829000, "totalCurrentAssets": 1465598000, "propertyPlantEquipment": 1123700000, "intangibleAssets": 428000, "otherAssets": 733165000, "totalAssets": 3322891000, "accountsPayable": 496564000, "shortLongTermDebt": 38081000, "otherCurrentLiab": 70828000, "longTermDebt": 145162000, "otherLiab": 191140000, "minorityInterest": 611000, "totalCurrentLiabilities": 1061326000, "totalLiab": 1397628000, "commonStock": 250200000, "retainedEarnings": 194890000, "treasuryStock": 808759000, "capitalSurplus": 670803000, "otherStockholderEquity": 808759000, "totalStockholderEquity": 1924652000, "netTangibleAssets": 1924224000}, {"maxAge": 1, "endDate": "2017-03-31", "cash": 3222000, "shortTermInvestments": 98808000, "netReceivables": 514651000, "inventory": 820191000, "otherCurrentAssets": 61172000, "totalCurrentAssets": 1499929000, "propertyPlantEquipment": 1101263000, "intangibleAssets": 1176000, "otherAssets": 775756000, "totalAssets": 3378124000, "accountsPayable": 485304000, "shortLongTermDebt": 31159000, "otherCurrentLiab": 126295000, "longTermDebt": 147057000, "otherLiab": 173508000, "minorityInterest": 632000, "totalCurrentLiabilities": 1156239000, "totalLiab": 1476804000, "commonStock": 238200000, "retainedEarnings": 193699000, "treasuryStock": 812387000, "capitalSurplus": 656402000, "otherStockholderEquity": 812387000, "totalStockholderEquity": 1900688000, "netTangibleAssets": 1899512000}], "maxAge": 86400}, "financialData": {"maxAge": 86400, "currentPrice": 28.5, "recommendationKey": "none", "grossProfits": 773413000, "financialCurrency": "INR"}}}