{"TEXRAIL.BO": {"recommendationTrend": {"trend": [{"period": "0m", "strongBuy": 0, "buy": 0, "hold": 0, "sell": 0, "strongSell": 0}, {"period": "-1m", "strongBuy": 0, "buy": 0, "hold": 0, "sell": 0, "strongSell": 0}, {"period": "-2m", "strongBuy": 0, "buy": 0, "hold": 0, "sell": 0, "strongSell": 0}, {"period": "-3m", "strongBuy": 0, "buy": 0, "hold": 0, "sell": 0, "strongSell": 0}], "maxAge": 86400}, "cashflowStatementHistory": {"cashflowStatements": [{"maxAge": 1, "endDate": "2020-03-31", "netIncome": -648302000, "depreciation": 353719000, "changeToNetincome": 331234000, "changeToAccountReceivables": -381131000, "changeToLiabilities": 1312554000, "changeToInventory": -870685000, "totalCashFromOperatingActivities": 104597000, "capitalExpenditures": -792937000, "investments": 25455000, "otherCashflowsFromInvestingActivities": 14282000, "totalCashflowsFromInvestingActivities": -985662000, "dividendsPaid": -78538000, "netBorrowings": 1996956000, "otherCashflowsFromFinancingActivities": -957758000, "totalCashFromFinancingActivities": 961669000, "effectOfExchangeRate": -21238000, "changeInCash": 56386000, "issuanceOfStock": 1009000}, {"maxAge": 1, "endDate": "2019-03-31", "netIncome": 754375000, "depreciation": 279300000, "changeToNetincome": 506654000, "changeToAccountReceivables": -2696024000, "changeToLiabilities": 2782190000, "changeToInventory": -1593100000, "totalCashFromOperatingActivities": 44986000, "capitalExpenditures": -615250000, "investments": 919048000, "otherCashflowsFromInvestingActivities": 64382000, "totalCashflowsFromInvestingActivities": 368180000, "dividendsPaid": -55012000, "netBorrowings": 286943000, "otherCashflowsFromFinancingActivities": -715283000, "totalCashFromFinancingActivities": -474288000, "effectOfExchangeRate": 10205000, "changeInCash": -50917000, "issuanceOfStock": 9064000}, {"maxAge": 1, "endDate": "2018-03-31", "netIncome": 126482000, "depreciation": 242343000, "changeToNetincome": 363516000, "changeToAccountReceivables": -3199273000, "changeToLiabilities": 1298835000, "changeToInventory": -591940000, "totalCashFromOperatingActivities": -1752977000, "capitalExpenditures": -293974000, "investments": 1883171000, "otherCashflowsFromInvestingActivities": 22903000, "totalCashflowsFromInvestingActivities": 1612100000, "dividendsPaid": -54651000, "netBorrowings": 881567000, "otherCashflowsFromFinancingActivities": -665052000, "totalCashFromFinancingActivities": 178815000, "effectOfExchangeRate": -5257000, "changeInCash": 32681000, "issuanceOfStock": 16951000}, {"maxAge": 1, "endDate": "2017-03-31", "netIncome": 262908000, "depreciation": 214033000, "changeToNetincome": 45890000, "changeToAccountReceivables": -1600019000, "changeToLiabilities": -484382000, "changeToInventory": 1212752000, "totalCashFromOperatingActivities": -341475000, "capitalExpenditures": -601535000, "investments": 870879000, "otherCashflowsFromInvestingActivities": 129544000, "totalCashflowsFromInvestingActivities": 398888000, "dividendsPaid": -52517000, "netBorrowings": 350128000, "otherCashflowsFromFinancingActivities": -452682000, "totalCashFromFinancingActivities": -146097000, "effectOfExchangeRate": -934000, "changeInCash": -89618000, "issuanceOfStock": 8974000}], "maxAge": 86400}, "institutionOwnership": {"maxAge": 1, "ownershipList": []}, "balanceSheetHistoryQuarterly": {"balanceSheetStatements": [{"maxAge": 1, "endDate": "2020-09-30", "cash": 916054000, "shortTermInvestments": 347628000, "netReceivables": 5563036000, "inventory": 3868139000, "otherCurrentAssets": 9844193000, "totalCurrentAssets": 20539050000, "longTermInvestments": 749326000, "propertyPlantEquipment": 3985833000, "intangibleAssets": 7282000, "otherAssets": 1469204000, "deferredLongTermAssetCharges": 946453000, "totalAssets": 26750695000, "accountsPayable": 4981859000, "otherCurrentLiab": 1949599000, "longTermDebt": 483517000, "otherLiab": 1735776000, "minorityInterest": -1323000, "totalCurrentLiabilities": 14464812000, "totalLiab": 16684105000, "commonStock": 224859000, "treasuryStock": 9843054000, "otherStockholderEquity": 9843054000, "totalStockholderEquity": 10067913000, "netTangibleAssets": 10060631000}, {"maxAge": 1, "endDate": "2020-06-30", "totalStockholderEquity": 10273320000, "netTangibleAssets": 10262906000}, {"maxAge": 1, "endDate": "2020-03-31", "cash": 167629000, "shortTermInvestments": 351233000, "netReceivables": 12398833000, "inventory": 5370704000, "otherCurrentAssets": 4366353000, "totalCurrentAssets": 22696851000, "longTermInvestments": 662601000, "propertyPlantEquipment": 4122129000, "intangibleAssets": 10414000, "otherAssets": 1389999000, "deferredLongTermAssetCharges": 821110000, "totalAssets": 28881994000, "accountsPayable": 5541613000, "shortLongTermDebt": 105462000, "otherCurrentLiab": 3070725000, "longTermDebt": 526999000, "otherLiab": 1863042000, "minorityInterest": -984000, "totalCurrentLiabilities": 16219617000, "totalLiab": 18609658000, "commonStock": 224859000, "retainedEarnings": 5728516000, "treasuryStock": 326475000, "capitalSurplus": 3993470000, "otherStockholderEquity": 326475000, "totalStockholderEquity": 10273320000, "netTangibleAssets": 10262906000}, {"maxAge": 1, "endDate": "2019-12-31", "totalStockholderEquity": 11220986000, "netTangibleAssets": 11208644000}], "maxAge": 86400}, "earningsHistory": {"history": [{"maxAge": 1, "epsActual": {}, "epsEstimate": {}, "epsDifference": {}, "surprisePercent": {}, "quarter": {}, "period": "-4q"}, {"maxAge": 1, "epsActual": {}, "epsEstimate": {}, "epsDifference": {}, "surprisePercent": {}, "quarter": {}, "period": "-3q"}, {"maxAge": 1, "epsActual": 0.19, "epsEstimate": 0.0, "epsDifference": 0.19, "surprisePercent": {}, "quarter": "2017-12-31", "period": "-2q"}, {"maxAge": 1, "epsActual": 1.04, "epsEstimate": 0.5, "epsDifference": 0.54, "surprisePercent": 1.08, "quarter": "2018-03-31", "period": "-1q"}], "maxAge": 86400}, "indexTrend": {"maxAge": 1, "symbol": "SP5", "peRatio": 19.7411, "pegRatio": 1.34172, "estimates": [{"period": "0q", "growth": 0.549}, {"period": "+1q", "growth": 0.431}, {"period": "0y", "growth": 0.305}, {"period": "+1y", "growth": 0.109}, {"period": "+5y", "growth": 0.120865}, {"period": "-5y"}]}, "industryTrend": {"maxAge": 1, "symbol": null, "estimates": []}, "insiderTransactions": {"transactions": [{"maxAge": 1, "shares": 203945, "value": 66547, "filerUrl": "", "transactionText": "Sale at price 0.33 per share.", "filerName": "Kamath (Udyavar Vittal)", "filerRelation": "UNREPORTED", "moneyText": "", "startDate": "2020-09-18", "ownership": "D"}, {"maxAge": 1, "shares": 100000, "value": 37230, "filerUrl": "", "transactionText": "Sale at price 0.37 per share.", "filerName": "Kamath (Udyavar Vittal)", "filerRelation": "UNREPORTED", "moneyText": "", "startDate": "2020-07-10", "ownership": "D"}, {"maxAge": 1, "shares": 50000, "filerUrl": "", "transactionText": "", "filerName": "Adventz Finance Pvt Ltd", "filerRelation": "Promoter", "moneyText": "", "startDate": "2020-03-31", "ownership": "D"}, {"maxAge": 1, "shares": 30000, "filerUrl": "", "transactionText": "", "filerName": "Adventz Finance Pvt Ltd", "filerRelation": "Promoter", "moneyText": "", "startDate": "2020-03-30", "ownership": "D"}, {"maxAge": 1, "shares": 20000, "filerUrl": "", "transactionText": "", "filerName": "Adventz Finance Pvt Ltd", "filerRelation": "Promoter", "moneyText": "", "startDate": "2020-03-23", "ownership": "D"}, {"maxAge": 1, "shares": 265800, "filerUrl": "", "transactionText": "", "filerName": "Poddar (Saroj Kumar)", "filerRelation": "Promoter", "moneyText": "", "startDate": "2020-03-12", "ownership": "D"}, {"maxAge": 1, "shares": 165510, "filerUrl": "", "transactionText": "", "filerName": "Poddar (Saroj Kumar)", "filerRelation": "Promoter", "moneyText": "", "startDate": "2020-03-11", "ownership": "D"}, {"maxAge": 1, "shares": 8732, "filerUrl": "", "transactionText": "", "filerName": "Poddar (Saroj Kumar)", "filerRelation": "Promoter", "moneyText": "", "startDate": "2020-03-11", "ownership": "D"}, {"maxAge": 1, "shares": 255679, "filerUrl": "", "transactionText": "", "filerName": "Poddar (Saroj Kumar)", "filerRelation": "Promoter", "moneyText": "", "startDate": "2020-03-09", "ownership": "D"}, {"maxAge": 1, "shares": 2954279, "filerUrl": "", "transactionText": "", "filerName": "Poddar (Saroj Kumar)", "filerRelation": "Promoter", "moneyText": "", "startDate": "2020-03-09", "ownership": "D"}, {"maxAge": 1, "shares": 4785300, "filerUrl": "", "transactionText": "", "filerName": "Kamath (Udyavar Vittal)", "filerRelation": "UNREPORTED", "moneyText": "", "startDate": "2019-07-01", "ownership": "D"}], "maxAge": 1}, "quoteType": {"exchange": "BSE", "quoteType": "EQUITY", "symbol": "TEXRAIL.BO", "underlyingSymbol": "TEXRAIL.BO", "shortName": "TEXMACO RAIL & ENGINEERING LTD", "longName": "Texmaco Rail & Engineering Limited", "firstTradeDateEpochUtc": "2011-03-03 09:15:00", "timeZoneFullName": "Asia/Kolkata", "timeZoneShortName": "IST", "uuid": "d8fff695-cc70-3e53-a86e-7e92024c2009", "messageBoardId": null, "gmtOffSetMilliseconds": 19800000, "maxAge": 1}, "incomeStatementHistory": {"incomeStatementHistory": [{"maxAge": 1, "endDate": "2020-03-31", "totalRevenue": 18317998000, "costOfRevenue": 12308875000, "grossProfit": 6009123000, "researchDevelopment": {}, "sellingGeneralAdministrative": 1333107000, "nonRecurring": {}, "otherOperatingExpenses": 2856489000, "totalOperatingExpenses": 17127505000, "operatingIncome": 1190493000, "totalOtherIncomeExpenseNet": -2168302000, "ebit": 1190493000, "interestExpense": -782076000, "incomeBeforeTax": -977809000, "incomeTaxExpense": -328565000, "minorityInterest": -984000, "netIncomeFromContinuingOps": -649244000, "discontinuedOperations": {}, "extraordinaryItems": {}, "effectOfAccountingCharges": {}, "otherItems": {}, "netIncome": -648302000, "netIncomeApplicableToCommonShares": -648302000}, {"maxAge": 1, "endDate": "2019-03-31", "totalRevenue": 18581638000, "costOfRevenue": 13083247000, "grossProfit": 5498391000, "researchDevelopment": {}, "sellingGeneralAdministrative": 1171723000, "nonRecurring": {}, "otherOperatingExpenses": 2486588000, "totalOperatingExpenses": 17215409000, "operatingIncome": 1366229000, "totalOtherIncomeExpenseNet": -482794000, "ebit": 1366229000, "interestExpense": -584905000, "incomeBeforeTax": 883435000, "incomeTaxExpense": 129308000, "minorityInterest": 259000, "netIncomeFromContinuingOps": 754127000, "discontinuedOperations": {}, "extraordinaryItems": {}, "effectOfAccountingCharges": {}, "otherItems": {}, "netIncome": 754375000, "netIncomeApplicableToCommonShares": 754375000}, {"maxAge": 1, "endDate": "2018-03-31", "totalRevenue": 11351970000, "costOfRevenue": 7668734000, "grossProfit": 3683236000, "researchDevelopment": {}, "sellingGeneralAdministrative": 1003177000, "nonRecurring": {}, "otherOperatingExpenses": 2037988000, "totalOperatingExpenses": 10961326000, "operatingIncome": 390644000, "totalOtherIncomeExpenseNet": -142517000, "ebit": 390644000, "interestExpense": -484052000, "incomeBeforeTax": 248127000, "incomeTaxExpense": 121662000, "minorityInterest": 17000, "netIncomeFromContinuingOps": 126465000, "discontinuedOperations": {}, "extraordinaryItems": {}, "effectOfAccountingCharges": {}, "otherItems": {}, "netIncome": 126482000, "netIncomeApplicableToCommonShares": 126482000}, {"maxAge": 1, "endDate": "2017-03-31", "totalRevenue": 13235015000, "costOfRevenue": 9600126000, "grossProfit": 3634889000, "researchDevelopment": {}, "sellingGeneralAdministrative": 992922000, "nonRecurring": {}, "otherOperatingExpenses": 1887791000, "totalOperatingExpenses": 12710312000, "operatingIncome": 524703000, "totalOtherIncomeExpenseNet": -107910000, "ebit": 524703000, "interestExpense": -444279000, "incomeBeforeTax": 416793000, "incomeTaxExpense": 123039000, "minorityInterest": 200374000, "netIncomeFromContinuingOps": 293754000, "discontinuedOperations": {}, "extraordinaryItems": {}, "effectOfAccountingCharges": {}, "otherItems": {}, "netIncome": 262908000, "netIncomeApplicableToCommonShares": 262908000}], "maxAge": 86400}, "fundOwnership": {"maxAge": 1, "ownershipList": [{"maxAge": 1, "reportDate": "2020-07-31", "organization": "DFA Emerging Markets Core Equity Portfolio", "pctHeld": 0.0015, "position": 347237, "value": 9080247}, {"maxAge": 1, "reportDate": "2020-07-31", "organization": "DFA Investment Dimensions-DFA Emerging Mkts Value", "pctHeld": 0.001, "position": 235895, "value": 6168654}, {"maxAge": 1, "reportDate": "2020-07-31", "organization": "DFA Emerging Markets Small Cap Series", "pctHeld": 0.00029999999, "position": 63946, "value": 1672187}, {"maxAge": 1, "reportDate": "2020-07-31", "organization": "DFA Investment Dimensions-Emerging Markets Social Core Equity", "pctHeld": 0.0001, "position": 32187, "value": 841690}, {"maxAge": 1, "reportDate": "2020-07-31", "organization": "DFA Investment Dimensions-World Ex U.S. Core Equity Port", "pctHeld": 0.0001, "position": 30855, "value": 806858}]}, "summaryDetail": {"maxAge": 1, "priceHint": 2, "previousClose": 25.45, "open": 25.1, "dayLow": 25.1, "dayHigh": 26.35, "regularMarketPreviousClose": 25.45, "regularMarketOpen": 25.1, "regularMarketDayLow": 25.1, "regularMarketDayHigh": 26.35, "forwardPE": 5.72062, "volume": 56194, "regularMarketVolume": 56194, "averageVolume": 210065, "averageVolume10days": 108556, "averageDailyVolume10Day": 108556, "bid": 25.65, "ask": 25.8, "bidSize": 0, "askSize": 0, "marketCap": 5801362432, "fiftyTwoWeekLow": 14.5, "fiftyTwoWeekHigh": 38.7, "fiftyDayAverage": 31.908823, "twoHundredDayAverage": 27.999264, "trailingAnnualDividendRate": 0.1, "trailingAnnualDividendYield": 0.003929273, "currency": "INR", "fromCurrency": null, "toCurrency": null, "lastMarket": null, "algorithm": null, "tradeable": false}, "sectorTrend": {"maxAge": 1, "symbol": null, "estimates": []}, "incomeStatementHistoryQuarterly": {"incomeStatementHistory": [{"maxAge": 1, "endDate": "2020-09-30", "totalRevenue": 4064796000, "costOfRevenue": 3297042000, "grossProfit": 767754000, "researchDevelopment": {}, "sellingGeneralAdministrative": 289527000, "nonRecurring": {}, "otherOperatingExpenses": 129620000, "totalOperatingExpenses": 3809180000, "operatingIncome": 255616000, "totalOtherIncomeExpenseNet": -239524000, "ebit": 255616000, "interestExpense": -296802000, "incomeBeforeTax": 16092000, "incomeTaxExpense": 5240000, "minorityInterest": -1323000, "netIncomeFromContinuingOps": 10852000, "discontinuedOperations": {}, "extraordinaryItems": {}, "effectOfAccountingCharges": {}, "otherItems": {}, "netIncome": 11119000, "netIncomeApplicableToCommonShares": 11119000}, {"maxAge": 1, "endDate": "2020-06-30", "totalRevenue": 2184171000, "costOfRevenue": 1988503000, "grossProfit": 195668000, "researchDevelopment": {}, "sellingGeneralAdministrative": 222848000, "nonRecurring": {}, "otherOperatingExpenses": 114514000, "totalOperatingExpenses": 2418959000, "operatingIncome": -234788000, "totalOtherIncomeExpenseNet": -160205000, "ebit": -234788000, "interestExpense": -221708000, "incomeBeforeTax": -394993000, "incomeTaxExpense": -130582000, "minorityInterest": -1323000, "netIncomeFromContinuingOps": -264411000, "discontinuedOperations": {}, "extraordinaryItems": {}, "effectOfAccountingCharges": {}, "otherItems": {}, "netIncome": -264339000, "netIncomeApplicableToCommonShares": -264339000}, {"maxAge": 1, "endDate": "2020-03-31", "totalRevenue": 4336805000, "costOfRevenue": 1155279000, "grossProfit": 3181526000, "researchDevelopment": {}, "sellingGeneralAdministrative": 340364000, "nonRecurring": {}, "otherOperatingExpenses": 2264847000, "totalOperatingExpenses": 4129063000, "operatingIncome": 207742000, "totalOtherIncomeExpenseNet": -1659173000, "ebit": 207742000, "interestExpense": -112872000, "incomeBeforeTax": -1451431000, "incomeTaxExpense": -443587000, "minorityInterest": -984000, "netIncomeFromContinuingOps": -1007844000, "discontinuedOperations": {}, "extraordinaryItems": {}, "effectOfAccountingCharges": {}, "otherItems": {}, "netIncome": -1007584000, "netIncomeApplicableToCommonShares": -1007584000}, {"maxAge": 1, "endDate": "2019-12-31", "totalRevenue": 5301332000, "costOfRevenue": 4273720000, "grossProfit": 1027612000, "researchDevelopment": {}, "sellingGeneralAdministrative": 331009000, "nonRecurring": {}, "otherOperatingExpenses": 196457000, "totalOperatingExpenses": 4887623000, "operatingIncome": 413709000, "totalOtherIncomeExpenseNet": -185065000, "ebit": 413709000, "interestExpense": -233982000, "incomeBeforeTax": 228644000, "incomeTaxExpense": 64000000, "minorityInterest": -984000, "netIncomeFromContinuingOps": 164644000, "discontinuedOperations": {}, "extraordinaryItems": {}, "effectOfAccountingCharges": {}, "otherItems": {}, "netIncome": 164992000, "netIncomeApplicableToCommonShares": 164992000}], "maxAge": 86400}, "cashflowStatementHistoryQuarterly": {"cashflowStatements": [{"maxAge": 1, "endDate": "2020-09-30", "netIncome": 11119000, "changeToLiabilities": 0}, {"maxAge": 1, "endDate": "2020-06-30", "netIncome": -264339000, "changeToLiabilities": 0}, {"maxAge": 1, "endDate": "2020-03-31", "netIncome": -1007584000, "changeToLiabilities": 0}, {"maxAge": 1, "endDate": "2019-12-31", "netIncome": 164992000, "changeToLiabilities": 0}], "maxAge": 86400}, "insiderHolders": {"holders": [{"maxAge": 1, "name": "Adventz Finance Pvt Ltd", "relation": "Promoter", "url": "", "transactionDescription": "Acquisition", "latestTransDate": "2020-03-31", "positionDirect": 8477400, "positionDirectDate": "2020-03-31"}, {"maxAge": 1, "name": "Kamath (Udyavar Vittal)", "relation": "UNREPORTED", "url": "", "transactionDescription": "Sale", "latestTransDate": "2020-09-18", "positionDirect": 4481355, "positionDirectDate": "2020-09-18"}, {"maxAge": 1, "name": "Poddar (Saroj Kumar)", "relation": "Promoter", "url": "", "transactionDescription": "Acquisition", "latestTransDate": "2020-03-12", "positionDirect": 4147020, "positionDirectDate": "2020-03-12"}], "maxAge": 1}, "earnings": {"maxAge": 86400, "earningsChart": {"quarterly": [{"date": "4Q2017", "actual": 0.19, "estimate": 0.0}, {"date": "1Q2018", "actual": 1.04, "estimate": 0.5}], "currentQuarterEstimateDate": "2Q", "currentQuarterEstimateYear": 2018, "earningsDate": ["2020-10-19 05:30:S"]}, "financialsChart": {"yearly": [{"date": 2017, "revenue": 13235015000, "earnings": 262908000}, {"date": 2018, "revenue": 11351970000, "earnings": 126482000}, {"date": 2019, "revenue": 18581638000, "earnings": 754375000}, {"date": 2020, "revenue": 18317998000, "earnings": -648302000}], "quarterly": [{"date": "4Q2019", "revenue": 5301332000, "earnings": 164992000}, {"date": "1Q2020", "revenue": 4336805000, "earnings": -1007584000}, {"date": "2Q2020", "revenue": 2184171000, "earnings": -264339000}, {"date": "3Q2020", "revenue": 4064796000, "earnings": 11119000}]}, "financialCurrency": "INR"}, "calendarEvents": {"maxAge": 1, "earnings": {"earningsDate": ["2020-10-19 05:30:S"], "revenueAverage": 3225730000, "revenueLow": 2832000000, "revenueHigh": 3473000000}}, "price": {"maxAge": 1, "regularMarketChangePercent": 0.013752395, "regularMarketChange": 0.34999847, "regularMarketTime": "2021-04-30 15:40:35", "priceHint": 2, "regularMarketPrice": 25.8, "regularMarketDayHigh": 26.35, "regularMarketDayLow": 25.1, "regularMarketVolume": 56194, "averageDailyVolume10Day": 108556, "averageDailyVolume3Month": 210065, "regularMarketPreviousClose": 25.45, "regularMarketSource": "FREE_REALTIME", "regularMarketOpen": 25.1, "exchange": "BSE", "exchangeName": "BSE", "exchangeDataDelayedBy": 0, "marketState": "CLOSED", "quoteType": "EQUITY", "symbol": "TEXRAIL.BO", "underlyingSymbol": null, "shortName": "TEXMACO RAIL & ENGINEERING LTD", "longName": "Texmaco Rail & Engineering Limited", "currency": "INR", "quoteSourceName": "Delayed Quote", "currencySymbol": "\u20b9", "fromCurrency": null, "toCurrency": null, "lastMarket": null, "marketCap": 5801362432}, "balanceSheetHistory": {"balanceSheetStatements": [{"maxAge": 1, "endDate": "2020-03-31", "cash": 167629000, "shortTermInvestments": 351233000, "netReceivables": 12398833000, "inventory": 5370704000, "otherCurrentAssets": 4366353000, "totalCurrentAssets": 22696851000, "longTermInvestments": 662601000, "propertyPlantEquipment": 4122129000, "intangibleAssets": 10414000, "otherAssets": 1389999000, "deferredLongTermAssetCharges": 821110000, "totalAssets": 28881994000, "accountsPayable": 5541613000, "shortLongTermDebt": 105462000, "otherCurrentLiab": 3070725000, "longTermDebt": 526999000, "otherLiab": 1863042000, "minorityInterest": -984000, "totalCurrentLiabilities": 16219617000, "totalLiab": 18609658000, "commonStock": 224859000, "retainedEarnings": 5728516000, "treasuryStock": 326475000, "capitalSurplus": 3993470000, "otherStockholderEquity": 326475000, "totalStockholderEquity": 10273320000, "netTangibleAssets": 10262906000}, {"maxAge": 1, "endDate": "2019-03-31", "cash": 111243000, "shortTermInvestments": 711576000, "netReceivables": 12495160000, "inventory": 4500592000, "otherCurrentAssets": 3677712000, "totalCurrentAssets": 21582973000, "longTermInvestments": 723633000, "propertyPlantEquipment": 4048429000, "intangibleAssets": 14548000, "otherAssets": 560430000, "deferredLongTermAssetCharges": 428923000, "totalAssets": 26930013000, "accountsPayable": 5564943000, "shortLongTermDebt": 9095000, "otherCurrentLiab": 1738870000, "longTermDebt": 501410000, "otherLiab": 2131698000, "deferredLongTermLiab": 29000, "minorityInterest": 259000, "totalCurrentLiabilities": 12909850000, "totalLiab": 15542958000, "commonStock": 220050000, "retainedEarnings": 6470043000, "treasuryStock": 704217000, "capitalSurplus": 3992486000, "otherStockholderEquity": 704217000, "totalStockholderEquity": 11386796000, "netTangibleAssets": 11372248000}, {"maxAge": 1, "endDate": "2018-03-31", "cash": 162160000, "shortTermInvestments": 1863499000, "netReceivables": 10020334000, "inventory": 2907492000, "otherCurrentAssets": 2480850000, "totalCurrentAssets": 17491800000, "longTermInvestments": 676214000, "propertyPlantEquipment": 3752835000, "intangibleAssets": 24528000, "otherAssets": 541651000, "deferredLongTermAssetCharges": 366142000, "totalAssets": 22487028000, "accountsPayable": 3288212000, "shortLongTermDebt": 63404000, "otherCurrentLiab": 2950596000, "longTermDebt": 330028000, "otherLiab": 60460000, "minorityInterest": 17000, "totalCurrentLiabilities": 11388264000, "totalLiab": 11778752000, "commonStock": 219828000, "retainedEarnings": 5796508000, "treasuryStock": 708279000, "capitalSurplus": 3983644000, "otherStockholderEquity": 708279000, "totalStockholderEquity": 10708259000, "netTangibleAssets": 10683731000}, {"maxAge": 1, "endDate": "2017-03-31", "cash": 129479000, "shortTermInvestments": 3701068000, "netReceivables": 7329738000, "inventory": 2315553000, "otherCurrentAssets": 1448974000, "totalCurrentAssets": 14985714000, "longTermInvestments": 522774000, "propertyPlantEquipment": 3677140000, "intangibleAssets": 27643000, "otherAssets": 567349000, "deferredLongTermAssetCharges": 359252000, "totalAssets": 19780620000, "accountsPayable": 2977109000, "shortLongTermDebt": 56203000, "otherCurrentLiab": 1824991000, "longTermDebt": 330128000, "otherLiab": 54994000, "minorityInterest": 200374000, "totalCurrentLiabilities": 9145524000, "totalLiab": 9530646000, "commonStock": 219415000, "retainedEarnings": 5680607000, "treasuryStock": 1212776000, "capitalSurplus": 2936802000, "otherStockholderEquity": 1212776000, "totalStockholderEquity": 10049600000, "netTangibleAssets": 10021957000}], "maxAge": 86400}, "earningsTrend": {"trend": [{"maxAge": 1, "period": "0q", "endDate": "2018-06-30", "growth": {}, "earningsEstimate": {"avg": 0.0, "low": 0.0, "high": 0.0, "yearAgoEps": {}, "numberOfAnalysts": 0, "growth": {}}, "revenueEstimate": {"avg": 3225730000, "low": 2832000000, "high": 3473000000, "numberOfAnalysts": 2, "yearAgoRevenue": 2379710000, "growth": 0.35599998}, "epsTrend": {"current": 0.0, "7daysAgo": 0.0, "30daysAgo": 0.0, "60daysAgo": 0.0, "90daysAgo": 0.0}, "epsRevisions": {"upLast7days": 0, "upLast30days": 0, "downLast30days": 0, "downLast90days": {}}}, {"maxAge": 1, "period": "+1q", "endDate": "2018-09-30", "growth": {}, "earningsEstimate": {"avg": 0.0, "low": 0.0, "high": 0.0, "yearAgoEps": {}, "numberOfAnalysts": 0, "growth": {}}, "revenueEstimate": {"avg": 3323780000, "low": 0, "high": 0, "numberOfAnalysts": 0, "yearAgoRevenue": 1989770000, "growth": 0.67}, "epsTrend": {"current": 0.0, "7daysAgo": 0.0, "30daysAgo": 0.0, "60daysAgo": 0.0, "90daysAgo": 0.0}, "epsRevisions": {"upLast7days": 0, "upLast30days": 0, "downLast30days": 0, "downLast90days": {}}}, {"maxAge": 1, "period": "0y", "endDate": "2019-03-31", "growth": {}, "earningsEstimate": {"avg": 0.0, "low": 0.0, "high": 0.0, "yearAgoEps": {}, "numberOfAnalysts": 0, "growth": {}}, "revenueEstimate": {"avg": 15258000000, "low": 14838000000, "high": 16092000000, "numberOfAnalysts": 3, "yearAgoRevenue": 9309000000, "growth": 0.639}, "epsTrend": {"current": 0.0, "7daysAgo": 2.4, "30daysAgo": 2.4, "60daysAgo": 2.4, "90daysAgo": 2.4}, "epsRevisions": {"upLast7days": 0, "upLast30days": 0, "downLast30days": 0, "downLast90days": {}}}, {"maxAge": 1, "period": "+1y", "endDate": "2020-03-31", "growth": {}, "earningsEstimate": {"avg": 0.0, "low": 0.0, "high": 0.0, "yearAgoEps": {}, "numberOfAnalysts": 0, "growth": {}}, "revenueEstimate": {"avg": 19775000000, "low": 18790000000, "high": 20518000000, "numberOfAnalysts": 3, "yearAgoRevenue": 15258000000, "growth": 0.296}, "epsTrend": {"current": 0.0, "7daysAgo": 4.51, "30daysAgo": 4.51, "60daysAgo": 4.51, "90daysAgo": 4.51}, "epsRevisions": {"upLast7days": 0, "upLast30days": 0, "downLast30days": 0, "downLast90days": {}}}, {"maxAge": 1, "period": "+5y", "endDate": null, "growth": {}, "earningsEstimate": {"avg": {}, "low": {}, "high": {}, "yearAgoEps": {}, "numberOfAnalysts": {}, "growth": {}}, "revenueEstimate": {"avg": {}, "low": {}, "high": {}, "numberOfAnalysts": {}, "yearAgoRevenue": {}, "growth": {}}, "epsTrend": {"current": {}, "7daysAgo": {}, "30daysAgo": {}, "60daysAgo": {}, "90daysAgo": {}}, "epsRevisions": {"upLast7days": {}, "upLast30days": {}, "downLast30days": {}, "downLast90days": {}}}, {"maxAge": 1, "period": "-5y", "endDate": null, "growth": {}, "earningsEstimate": {"avg": {}, "low": {}, "high": {}, "yearAgoEps": {}, "numberOfAnalysts": {}, "growth": {}}, "revenueEstimate": {"avg": {}, "low": {}, "high": {}, "numberOfAnalysts": {}, "yearAgoRevenue": {}, "growth": {}}, "epsTrend": {"current": {}, "7daysAgo": {}, "30daysAgo": {}, "60daysAgo": {}, "90daysAgo": {}}, "epsRevisions": {"upLast7days": {}, "upLast30days": {}, "downLast30days": {}, "downLast90days": {}}}], "maxAge": 1}, "financialData": {"maxAge": 86400, "currentPrice": 25.8, "targetHighPrice": 120.0, "targetLowPrice": 87.0, "targetMeanPrice": 102.33, "targetMedianPrice": 100.0, "recommendationKey": "none", "numberOfAnalystOpinions": 3, "grossProfits": 6009123000, "financialCurrency": "INR"}}}