{"TFL.BO": {"cashflowStatementHistory": {"cashflowStatements": [{"maxAge": 1, "endDate": "2020-03-31", "netIncome": -65850128, "depreciation": 6482986, "changeToNetincome": 44784408, "changeToAccountReceivables": 35715527, "changeToLiabilities": -15508805, "changeToOperatingActivities": 1738377, "totalCashFromOperatingActivities": 7443201, "capitalExpenditures": -4997773, "investments": -102798, "otherCashflowsFromInvestingActivities": 8310373, "totalCashflowsFromInvestingActivities": 2357429, "netBorrowings": 31529596, "otherCashflowsFromFinancingActivities": -26891549, "totalCashFromFinancingActivities": 4638047, "changeInCash": 14438676}, {"maxAge": 1, "endDate": "2019-03-31", "netIncome": 3019986, "depreciation": 4362246, "changeToNetincome": 14604941, "changeToAccountReceivables": -34778525, "changeToLiabilities": 6477774, "changeToOperatingActivities": -3039591, "totalCashFromOperatingActivities": -9228841, "capitalExpenditures": -1275697, "investments": -94, "otherCashflowsFromInvestingActivities": -1616102, "totalCashflowsFromInvestingActivities": -2937393, "netBorrowings": 39295431, "otherCashflowsFromFinancingActivities": -19682577, "totalCashFromFinancingActivities": 19612854, "changeInCash": 7446620}, {"maxAge": 1, "endDate": "2018-03-31", "netIncome": 8245734, "depreciation": 8613602, "changeToNetincome": 8975117, "changeToAccountReceivables": -17782329, "changeToLiabilities": 0, "changeToOperatingActivities": -3770030, "totalCashFromOperatingActivities": 4282094, "capitalExpenditures": -3715136, "investments": 893097, "otherCashflowsFromInvestingActivities": -304376, "totalCashflowsFromInvestingActivities": -4787197, "netBorrowings": 25719689, "otherCashflowsFromFinancingActivities": -9375024, "totalCashFromFinancingActivities": 16344665, "changeInCash": 15839561}, {"maxAge": 1, "endDate": "2017-03-31", "netIncome": 12203972, "depreciation": 3402646, "changeToNetincome": 4420791, "changeToAccountReceivables": -46883896, "changeToLiabilities": 0, "changeToOperatingActivities": 32912806, "totalCashFromOperatingActivities": 6056319, "capitalExpenditures": -660132, "investments": 9421796, "otherCashflowsFromInvestingActivities": 935226, "totalCashflowsFromInvestingActivities": 11310535, "dividendsPaid": -22528, "netBorrowings": -1925456, "otherCashflowsFromFinancingActivities": -7280937, "totalCashFromFinancingActivities": -8708798, "changeInCash": 8658058, "issuanceOfStock": 520123}], "maxAge": 86400}, "institutionOwnership": {"maxAge": 1, "ownershipList": []}, "balanceSheetHistoryQuarterly": {"balanceSheetStatements": [{"maxAge": 1, "endDate": "2020-06-30", "totalStockholderEquity": 196434000, "netTangibleAssets": 122070000}, {"maxAge": 1, "endDate": "2020-03-31", "cash": 38161259, "netReceivables": 180033741, "otherCurrentAssets": 85356679, "totalCurrentAssets": 311259583, "longTermInvestments": 75762500, "propertyPlantEquipment": 98952441, "goodWill": 68441472, "intangibleAssets": 1114422, "otherAssets": 63172936, "deferredLongTermAssetCharges": 21326644, "totalAssets": 618703354, "accountsPayable": 112559616, "shortLongTermDebt": 7400007, "otherCurrentLiab": 3051639, "longTermDebt": 114443343, "otherLiab": 11617938, "minorityInterest": 41092803, "totalCurrentLiabilities": 250054483, "totalLiab": 381177124, "commonStock": 244605680, "retainedEarnings": -47766276, "treasuryStock": -405977, "otherStockholderEquity": -405977, "totalStockholderEquity": 196433427, "netTangibleAssets": 126877533}, {"maxAge": 1, "endDate": "2019-12-31", "totalStockholderEquity": 244514000, "netTangibleAssets": 169457000}, {"maxAge": 1, "endDate": "2019-09-30", "cash": 31978000, "netReceivables": 237165000, "inventory": 723000, "totalCurrentAssets": 269866000, "longTermInvestments": 145896000, "propertyPlantEquipment": 95850000, "goodWill": 68041000, "intangibleAssets": 7016000, "otherAssets": 69529000, "deferredLongTermAssetCharges": 19953000, "totalAssets": 656198000, "accountsPayable": 127731000, "otherCurrentLiab": 1812000, "longTermDebt": 197502000, "otherLiab": 25611000, "minorityInterest": 59028000, "totalCurrentLiabilities": 129543000, "totalLiab": 352656000, "commonStock": 244606000, "treasuryStock": -92000, "otherStockholderEquity": -92000, "totalStockholderEquity": 244514000, "netTangibleAssets": 169457000}], "maxAge": 86400}, "indexTrend": {"maxAge": 1, "symbol": "SP5", "peRatio": 19.7411, "pegRatio": 1.34172, "estimates": [{"period": "0q", "growth": 0.549}, {"period": "+1q", "growth": 0.431}, {"period": "0y", "growth": 0.305}, {"period": "+1y", "growth": 0.109}, {"period": "+5y", "growth": 0.120859005}, {"period": "-5y"}]}, "insiderTransactions": {"transactions": [{"maxAge": 1, "shares": 6606, "filerUrl": "", "transactionText": "", "filerName": "Nair (Kumar)", "filerRelation": "Managing Director", "moneyText": "", "startDate": "2012-03-06", "ownership": "D"}, {"maxAge": 1, "shares": 2545, "filerUrl": "", "transactionText": "", "filerName": "Nair (Kumar)", "filerRelation": "Managing Director", "moneyText": "", "startDate": "2012-03-05", "ownership": "D"}, {"maxAge": 1, "shares": 10000, "filerUrl": "", "transactionText": "", "filerName": "Daivi Ventures", "filerRelation": "Institution- Corporation", "moneyText": "", "startDate": "2010-06-30", "ownership": "D"}, {"maxAge": 1, "shares": 135000, "filerUrl": "", "transactionText": "", "filerName": "Daivi Ventures", "filerRelation": "Institution- Corporation", "moneyText": "", "startDate": "2010-06-17", "ownership": "D"}, {"maxAge": 1, "shares": 139000, "filerUrl": "", "transactionText": "", "filerName": "Daivi Ventures", "filerRelation": "Institution- Corporation", "moneyText": "", "startDate": "2010-06-16", "ownership": "D"}], "maxAge": 1}, "quoteType": {"exchange": "BSE", "quoteType": "EQUITY", "symbol": "TFL.BO", "underlyingSymbol": "TFL.BO", "shortName": "TRANSWARRANTY FINANCE LTD.", "longName": "Transwarranty Finance Limited", "firstTradeDateEpochUtc": "2007-02-26 09:15:00", "timeZoneFullName": "Asia/Kolkata", "timeZoneShortName": "IST", "uuid": "9214e236-6207-3b54-bf60-bdaf945be5ae", "messageBoardId": null, "gmtOffSetMilliseconds": 19800000, "maxAge": 1}, "incomeStatementHistory": {"incomeStatementHistory": [{"maxAge": 1, "endDate": "2020-03-31", "totalRevenue": 54439524, "costOfRevenue": 727048, "grossProfit": 53712476, "researchDevelopment": {}, "sellingGeneralAdministrative": 46611587, "nonRecurring": {}, "otherOperatingExpenses": 52577617, "totalOperatingExpenses": 107850729, "operatingIncome": -53411205, "totalOtherIncomeExpenseNet": -33753664, "ebit": 0, "interestExpense": {}, "incomeBeforeTax": -87164869, "incomeTaxExpense": -1343070, "minorityInterest": 41092803, "netIncomeFromContinuingOps": -85821799, "discontinuedOperations": {}, "extraordinaryItems": {}, "effectOfAccountingCharges": {}, "otherItems": {}, "netIncome": -65850128, "netIncomeApplicableToCommonShares": -65850128}, {"maxAge": 1, "endDate": "2019-03-31", "totalRevenue": 164821985, "costOfRevenue": 57620859, "grossProfit": 107201126, "researchDevelopment": {}, "sellingGeneralAdministrative": 46441307, "nonRecurring": {}, "otherOperatingExpenses": 51269145, "totalOperatingExpenses": 159817885, "operatingIncome": 5004100, "totalOtherIncomeExpenseNet": -63306, "ebit": 0, "interestExpense": {}, "incomeBeforeTax": 4940794, "incomeTaxExpense": 451394, "minorityInterest": 61425154, "netIncomeFromContinuingOps": 4489400, "discontinuedOperations": {}, "extraordinaryItems": {}, "effectOfAccountingCharges": {}, "otherItems": {}, "netIncome": 3019986, "netIncomeApplicableToCommonShares": 3019986}, {"maxAge": 1, "endDate": "2018-03-31", "totalRevenue": 154956335, "costOfRevenue": 38248135, "grossProfit": 116708200, "researchDevelopment": {}, "sellingGeneralAdministrative": 45196117, "nonRecurring": {}, "otherOperatingExpenses": 65353967, "totalOperatingExpenses": 157854231, "operatingIncome": -2897896, "totalOtherIncomeExpenseNet": 11604170, "ebit": 0, "interestExpense": {}, "incomeBeforeTax": 8706274, "incomeTaxExpense": 460540, "minorityInterest": 60689412, "netIncomeFromContinuingOps": 8245734, "discontinuedOperations": {}, "extraordinaryItems": {}, "effectOfAccountingCharges": {}, "otherItems": {}, "netIncome": 8245734, "netIncomeApplicableToCommonShares": 8245734}, {"maxAge": 1, "endDate": "2017-03-31", "totalRevenue": 174225967, "costOfRevenue": 72720111, "grossProfit": 101505856, "researchDevelopment": {}, "sellingGeneralAdministrative": 42997468, "nonRecurring": {}, "otherOperatingExpenses": 56415050, "totalOperatingExpenses": 177392746, "operatingIncome": -3166779, "totalOtherIncomeExpenseNet": 16768464, "ebit": 0, "interestExpense": {}, "incomeBeforeTax": 13601685, "incomeTaxExpense": 1397713, "minorityInterest": 57186834, "netIncomeFromContinuingOps": 12203972, "discontinuedOperations": {}, "extraordinaryItems": {}, "effectOfAccountingCharges": {}, "otherItems": {}, "netIncome": 12203972, "netIncomeApplicableToCommonShares": 12203972}], "maxAge": 86400}, "fundOwnership": {"maxAge": 1, "ownershipList": []}, "summaryDetail": {"maxAge": 1, "priceHint": 4, "previousClose": 2.57, "open": 2.57, "dayLow": 2.57, "dayHigh": 2.57, "regularMarketPreviousClose": 2.57, "regularMarketOpen": 2.57, "regularMarketDayLow": 2.57, "regularMarketDayHigh": 2.57, "volume": 650, "regularMarketVolume": 650, "averageVolume": 1942, "averageVolume10days": 620, "averageDailyVolume10Day": 620, "bid": 2.45, "ask": 2.57, "bidSize": 0, "askSize": 0, "marketCap": 62863740, "fiftyTwoWeekLow": 2.28, "fiftyTwoWeekHigh": 3.85, "fiftyDayAverage": 2.9562857, "twoHundredDayAverage": 2.8508759, "currency": "INR", "fromCurrency": null, "toCurrency": null, "lastMarket": null, "algorithm": null, "tradeable": false}, "incomeStatementHistoryQuarterly": {"incomeStatementHistory": [{"maxAge": 1, "endDate": "2020-06-30", "totalRevenue": 12153000, "costOfRevenue": 0, "grossProfit": 12153000, "researchDevelopment": {}, "sellingGeneralAdministrative": 9545000, "nonRecurring": {}, "otherOperatingExpenses": 14294000, "totalOperatingExpenses": 25365000, "operatingIncome": -13212000, "totalOtherIncomeExpenseNet": 4576000, "ebit": 0, "interestExpense": {}, "incomeBeforeTax": -8636000, "incomeTaxExpense": -1000, "minorityInterest": {}, "netIncomeFromContinuingOps": -8635000, "discontinuedOperations": {}, "extraordinaryItems": {}, "effectOfAccountingCharges": {}, "otherItems": {}, "netIncome": -8635000, "netIncomeApplicableToCommonShares": -8635000}, {"maxAge": 1, "endDate": "2020-03-31", "totalRevenue": 30041524, "costOfRevenue": 727048, "grossProfit": 29314476, "researchDevelopment": {}, "sellingGeneralAdministrative": 14882587, "nonRecurring": {}, "otherOperatingExpenses": 12053617, "totalOperatingExpenses": 30754729, "operatingIncome": -713205, "totalOtherIncomeExpenseNet": -52112664, "ebit": 0, "interestExpense": {}, "incomeBeforeTax": -52825869, "incomeTaxExpense": -1334070, "minorityInterest": 41092803, "netIncomeFromContinuingOps": -51491799, "discontinuedOperations": {}, "extraordinaryItems": {}, "effectOfAccountingCharges": {}, "otherItems": {}, "netIncome": -31520128, "netIncomeApplicableToCommonShares": -31520128}, {"maxAge": 1, "endDate": "2019-12-31", "totalRevenue": 8086000, "costOfRevenue": 0, "grossProfit": 8086000, "researchDevelopment": {}, "sellingGeneralAdministrative": 10867000, "nonRecurring": {}, "otherOperatingExpenses": 15740000, "totalOperatingExpenses": 28187000, "operatingIncome": -20101000, "totalOtherIncomeExpenseNet": 6448000, "ebit": 0, "interestExpense": {}, "incomeBeforeTax": -13653000, "incomeTaxExpense": -40000, "minorityInterest": 41092803, "netIncomeFromContinuingOps": -13613000, "discontinuedOperations": {}, "extraordinaryItems": {}, "effectOfAccountingCharges": {}, "otherItems": {}, "netIncome": -13613000, "netIncomeApplicableToCommonShares": -13613000}, {"maxAge": 1, "endDate": "2019-09-30", "totalRevenue": 7305000, "costOfRevenue": 0, "grossProfit": 7305000, "researchDevelopment": {}, "sellingGeneralAdministrative": 10666000, "nonRecurring": {}, "otherOperatingExpenses": 12897000, "totalOperatingExpenses": 25178000, "operatingIncome": -17873000, "totalOtherIncomeExpenseNet": 5279000, "ebit": 0, "interestExpense": {}, "incomeBeforeTax": -12594000, "incomeTaxExpense": 26000, "minorityInterest": 59028000, "netIncomeFromContinuingOps": -12620000, "discontinuedOperations": {}, "extraordinaryItems": {}, "effectOfAccountingCharges": {}, "otherItems": {}, "netIncome": -12620000, "netIncomeApplicableToCommonShares": -12620000}], "maxAge": 86400}, "cashflowStatementHistoryQuarterly": {"cashflowStatements": [{"maxAge": 1, "endDate": "2020-06-30", "netIncome": -8635000, "changeToLiabilities": 0}, {"maxAge": 1, "endDate": "2020-03-31", "netIncome": -31520128, "changeToLiabilities": 0}, {"maxAge": 1, "endDate": "2019-12-31", "netIncome": -13613000, "changeToLiabilities": 0}, {"maxAge": 1, "endDate": "2019-09-30", "netIncome": -12620000, "changeToLiabilities": 0}], "maxAge": 86400}, "insiderHolders": {"holders": [{"maxAge": 1, "name": "Daivi Ventures", "relation": "Institution- Corporation", "url": "", "transactionDescription": "Sale", "latestTransDate": "2010-06-30", "positionDirect": 684289, "positionDirectDate": "2010-06-30"}, {"maxAge": 1, "name": "Nair (Kumar)", "relation": "Managing Director", "url": "", "transactionDescription": "Acquisition", "latestTransDate": "2012-03-06", "positionDirect": 12709136, "positionDirectDate": "2012-03-06"}], "maxAge": 1}, "calendarEvents": {"maxAge": 1, "earnings": {"earningsDate": ["2020-08-25 05:30:S"]}}, "price": {"maxAge": 1, "regularMarketChangePercent": 0.0, "regularMarketChange": 0.0, "regularMarketTime": "2021-04-29 11:15:20", "priceHint": 4, "regularMarketPrice": 2.57, "regularMarketDayHigh": 2.57, "regularMarketDayLow": 2.57, "regularMarketVolume": 650, "averageDailyVolume10Day": 620, "averageDailyVolume3Month": 1942, "regularMarketPreviousClose": 2.57, "regularMarketSource": "FREE_REALTIME", "regularMarketOpen": 2.57, "exchange": "BSE", "exchangeName": "BSE", "exchangeDataDelayedBy": 0, "marketState": "CLOSED", "quoteType": "EQUITY", "symbol": "TFL.BO", "underlyingSymbol": null, "shortName": "TRANSWARRANTY FINANCE LTD.", "longName": "Transwarranty Finance Limited", "currency": "INR", "quoteSourceName": "Delayed Quote", "currencySymbol": "\u20b9", "fromCurrency": null, "toCurrency": null, "lastMarket": null, "marketCap": 62863740}, "balanceSheetHistory": {"balanceSheetStatements": [{"maxAge": 1, "endDate": "2020-03-31", "cash": 38161259, "netReceivables": 180033741, "otherCurrentAssets": 85356679, "totalCurrentAssets": 311259583, "longTermInvestments": 75762500, "propertyPlantEquipment": 98952441, "goodWill": 68441472, "intangibleAssets": 1114422, "otherAssets": 63172936, "deferredLongTermAssetCharges": 21326644, "totalAssets": 618703354, "accountsPayable": 112559616, "shortLongTermDebt": 7400007, "otherCurrentLiab": 3051639, "longTermDebt": 114443343, "otherLiab": 11617938, "minorityInterest": 41092803, "totalCurrentLiabilities": 250054483, "totalLiab": 381177124, "commonStock": 244605680, "retainedEarnings": -47766276, "treasuryStock": -405977, "otherStockholderEquity": -405977, "totalStockholderEquity": 196433427, "netTangibleAssets": 126877533}, {"maxAge": 1, "endDate": "2019-03-31", "cash": 23722583, "netReceivables": 253392782, "otherCurrentAssets": 88348299, "totalCurrentAssets": 373031507, "longTermInvestments": 75762500, "propertyPlantEquipment": 93870616, "goodWill": 68441472, "intangibleAssets": 628754, "otherAssets": 66036511, "deferredLongTermAssetCharges": 19983574, "totalAssets": 677771360, "accountsPayable": 128060531, "shortLongTermDebt": 4078872, "otherCurrentLiab": 3059529, "longTermDebt": 98357039, "otherLiab": 11347656, "minorityInterest": 61425154, "totalCurrentLiabilities": 243923440, "totalLiab": 353628135, "commonStock": 244605680, "retainedEarnings": 18550917, "treasuryStock": -438526, "otherStockholderEquity": -438526, "totalStockholderEquity": 262718071, "netTangibleAssets": 193647845}, {"maxAge": 1, "endDate": "2018-03-31", "cash": 47301586, "netReceivables": 124917820, "otherCurrentAssets": 149579031, "totalCurrentAssets": 323559827, "longTermInvestments": 8852315, "propertyPlantEquipment": 96646586, "goodWill": 68441472, "intangibleAssets": 1018163, "otherAssets": 176126003, "deferredLongTermAssetCharges": 346353, "totalAssets": 674644366, "accountsPayable": 114640772, "shortLongTermDebt": 826595, "otherCurrentLiab": 1431568, "longTermDebt": 125194686, "otherLiab": 788512, "minorityInterest": 60689412, "totalCurrentLiabilities": 174563514, "totalLiab": 300546712, "commonStock": 244605680, "retainedEarnings": 68802562, "totalStockholderEquity": 313408242, "netTangibleAssets": 243948607}, {"maxAge": 1, "endDate": "2017-03-31", "cash": 31462025, "netReceivables": 146032813, "otherCurrentAssets": 196304963, "totalCurrentAssets": 374371945, "longTermInvestments": 200121636, "propertyPlantEquipment": 8995990, "goodWill": 57062512, "intangibleAssets": 1669503, "otherAssets": 206213353, "deferredLongTermAssetCharges": 426498, "totalAssets": 848434939, "accountsPayable": 131084676, "shortLongTermDebt": 323590, "otherCurrentLiab": 1245307, "longTermDebt": 61439401, "otherLiab": 878593, "minorityInterest": 57186834, "totalCurrentLiabilities": 169660519, "totalLiab": 231978513, "commonStock": 244605680, "retainedEarnings": 68479522, "treasuryStock": 37893245, "capitalSurplus": 208291145, "otherStockholderEquity": 37893245, "totalStockholderEquity": 559269592, "netTangibleAssets": 500537577}], "maxAge": 86400}, "financialData": {"maxAge": 86400, "currentPrice": 2.57, "recommendationKey": "none", "grossProfits": 53712476, "financialCurrency": "INR"}}}