{"TGVSL.BO": {"recommendationTrend": {"trend": [{"period": "0m", "strongBuy": 0, "buy": 0, "hold": 0, "sell": 0, "strongSell": 0}, {"period": "-1m", "strongBuy": 0, "buy": 0, "hold": 0, "sell": 0, "strongSell": 0}, {"period": "-2m", "strongBuy": 0, "buy": 0, "hold": 0, "sell": 0, "strongSell": 0}, {"period": "-3m", "strongBuy": 0, "buy": 0, "hold": 0, "sell": 0, "strongSell": 0}], "maxAge": 86400}, "cashflowStatementHistory": {"cashflowStatements": [{"maxAge": 1, "endDate": "2020-03-31", "netIncome": 472745000, "depreciation": 562862000, "changeToNetincome": 327576000, "changeToAccountReceivables": 160795000, "changeToLiabilities": 77592000, "changeToInventory": -372986000, "changeToOperatingActivities": -7437000, "totalCashFromOperatingActivities": 1221147000, "capitalExpenditures": -1570816000, "investments": -14534000, "otherCashflowsFromInvestingActivities": -292148000, "totalCashflowsFromInvestingActivities": -1877498000, "netBorrowings": 866618000, "otherCashflowsFromFinancingActivities": -355950000, "totalCashFromFinancingActivities": 651601000, "changeInCash": -4750000, "issuanceOfStock": 141196000}, {"maxAge": 1, "endDate": "2019-03-31", "netIncome": 684011000, "depreciation": 585315000, "changeToNetincome": 711376000, "changeToAccountReceivables": 72021000, "changeToLiabilities": -111594000, "changeToInventory": -248674000, "changeToOperatingActivities": 329678000, "totalCashFromOperatingActivities": 2022133000, "capitalExpenditures": -893498000, "investments": 322252000, "otherCashflowsFromInvestingActivities": 18339000, "totalCashflowsFromInvestingActivities": -548407000, "netBorrowings": -952356000, "otherCashflowsFromFinancingActivities": -619441000, "totalCashFromFinancingActivities": -1450347000, "changeInCash": 23377000, "issuanceOfStock": 275456000}, {"maxAge": 1, "endDate": "2018-03-31", "netIncome": 296112000, "depreciation": 968048000, "changeToNetincome": 593041000, "changeToAccountReceivables": -313106000, "changeToLiabilities": -231042000, "changeToInventory": 7233000, "changeToOperatingActivities": 205112000, "totalCashFromOperatingActivities": 1525398000, "capitalExpenditures": -806096000, "investments": -23517000, "otherCashflowsFromInvestingActivities": 82771000, "totalCashflowsFromInvestingActivities": -746842000, "netBorrowings": -286118000, "otherCashflowsFromFinancingActivities": -512642000, "totalCashFromFinancingActivities": -761200000, "changeInCash": 17356000, "issuanceOfStock": 58602000}, {"maxAge": 1, "endDate": "2017-03-31", "netIncome": 165774000, "depreciation": 514708000, "changeToNetincome": 577508000, "changeToAccountReceivables": -107873000, "changeToLiabilities": 235878000, "changeToInventory": 40106000, "changeToOperatingActivities": -7048000, "totalCashFromOperatingActivities": 1419053000, "capitalExpenditures": -898487000, "investments": -150311000, "otherCashflowsFromInvestingActivities": -43506000, "totalCashflowsFromInvestingActivities": -1092304000, "dividendsPaid": -234000, "netBorrowings": 165844000, "otherCashflowsFromFinancingActivities": -497769000, "totalCashFromFinancingActivities": -329169000, "changeInCash": -2420000, "issuanceOfStock": 2990000}], "maxAge": 86400}, "institutionOwnership": {"maxAge": 1, "ownershipList": []}, "balanceSheetHistoryQuarterly": {"balanceSheetStatements": [{"maxAge": 1, "endDate": "2020-06-30", "totalStockholderEquity": 5365700000, "netTangibleAssets": 5365700000}, {"maxAge": 1, "endDate": "2020-03-31", "cash": 67224000, "shortTermInvestments": 180106000, "netReceivables": 1727403000, "inventory": 1272034000, "otherCurrentAssets": 581270000, "totalCurrentAssets": 3867889000, "longTermInvestments": 60151000, "propertyPlantEquipment": 8370111000, "otherAssets": 449446000, "totalAssets": 12747597000, "accountsPayable": 554983000, "shortLongTermDebt": 278710000, "otherCurrentLiab": 450641000, "longTermDebt": 1764638000, "otherLiab": 1610388000, "totalCurrentLiabilities": 3806309000, "totalLiab": 7381933000, "commonStock": 1017353000, "retainedEarnings": 3649834000, "treasuryStock": 109779000, "capitalSurplus": 588698000, "otherStockholderEquity": 109779000, "totalStockholderEquity": 5365664000, "netTangibleAssets": 5365664000}, {"maxAge": 1, "endDate": "2019-12-31", "totalStockholderEquity": 5194800000, "netTangibleAssets": 5194800000}, {"maxAge": 1, "endDate": "2019-09-30", "cash": 558700000, "shortTermInvestments": 929600000, "netReceivables": 936100000, "inventory": 1269400000, "otherCurrentAssets": 247500000, "totalCurrentAssets": 3941300000, "longTermInvestments": 321100000, "propertyPlantEquipment": 7824800000, "otherAssets": 40500000, "totalAssets": 12127700000, "accountsPayable": 633800000, "otherCurrentLiab": 1640700000, "longTermDebt": 1348300000, "otherLiab": 1681800000, "totalCurrentLiabilities": 3902800000, "totalLiab": 6932900000, "commonStock": 966900000, "treasuryStock": 4227900000, "otherStockholderEquity": 4227900000, "totalStockholderEquity": 5194800000, "netTangibleAssets": 5194800000}], "maxAge": 86400}, "earningsHistory": {"history": [{"maxAge": 1, "epsActual": {}, "epsEstimate": {}, "epsDifference": {}, "surprisePercent": {}, "quarter": {}, "period": "-4q"}, {"maxAge": 1, "epsActual": {}, "epsEstimate": {}, "epsDifference": {}, "surprisePercent": {}, "quarter": {}, "period": "-3q"}, {"maxAge": 1, "epsActual": {}, "epsEstimate": {}, "epsDifference": {}, "surprisePercent": {}, "quarter": {}, "period": "-2q"}, {"maxAge": 1, "epsActual": {}, "epsEstimate": {}, "epsDifference": {}, "surprisePercent": {}, "quarter": {}, "period": "-1q"}], "maxAge": 86400}, "indexTrend": {"maxAge": 1, "symbol": "SP5", "peRatio": 19.7411, "pegRatio": 1.34172, "estimates": [{"period": "0q", "growth": 0.549}, {"period": "+1q", "growth": 0.431}, {"period": "0y", "growth": 0.305}, {"period": "+1y", "growth": 0.109}, {"period": "+5y", "growth": 0.120859005}, {"period": "-5y"}]}, "industryTrend": {"maxAge": 1, "symbol": null, "estimates": []}, "insiderTransactions": {"transactions": [{"maxAge": 1, "shares": 5086765, "filerUrl": "", "transactionText": "", "filerName": "Venkatesh (T G)", "filerRelation": "Promoter", "moneyText": "", "startDate": "2020-03-14", "ownership": "D"}, {"maxAge": 1, "shares": 0, "filerUrl": "", "transactionText": "", "filerName": "Venkatesh (T G)", "filerRelation": "Non Executive Chairman", "moneyText": "", "startDate": "2020-03-14", "ownership": "I"}], "maxAge": 1}, "quoteType": {"exchange": "BSE", "quoteType": "EQUITY", "symbol": "TGVSL.BO", "underlyingSymbol": "TGVSL.BO", "shortName": "TGV SRAAC Limited", "longName": "TGV SRAAC Limited", "firstTradeDateEpochUtc": "2000-09-21 09:15:00", "timeZoneFullName": "Asia/Kolkata", "timeZoneShortName": "IST", "uuid": "0d2dd17f-c7f1-3219-9d5a-926d7d1b7022", "messageBoardId": null, "gmtOffSetMilliseconds": 19800000, "maxAge": 1}, "incomeStatementHistory": {"incomeStatementHistory": [{"maxAge": 1, "endDate": "2020-03-31", "totalRevenue": 10402619000, "costOfRevenue": 7165784000, "grossProfit": 3236835000, "researchDevelopment": {}, "sellingGeneralAdministrative": 570851000, "nonRecurring": {}, "otherOperatingExpenses": 1122419000, "totalOperatingExpenses": 9421916000, "operatingIncome": 980703000, "totalOtherIncomeExpenseNet": -332785000, "ebit": 980703000, "interestExpense": -370575000, "incomeBeforeTax": 647918000, "incomeTaxExpense": 167603000, "minorityInterest": {}, "netIncomeFromContinuingOps": 480315000, "discontinuedOperations": -7570000, "extraordinaryItems": {}, "effectOfAccountingCharges": {}, "otherItems": {}, "netIncome": 472745000, "netIncomeApplicableToCommonShares": 472745000}, {"maxAge": 1, "endDate": "2019-03-31", "totalRevenue": 12045746000, "costOfRevenue": 7924195000, "grossProfit": 4121551000, "researchDevelopment": {}, "sellingGeneralAdministrative": 551324000, "nonRecurring": {}, "otherOperatingExpenses": 1178159000, "totalOperatingExpenses": 10282831000, "operatingIncome": 1762915000, "totalOtherIncomeExpenseNet": -711369000, "ebit": 1762915000, "interestExpense": -614889000, "incomeBeforeTax": 1051546000, "incomeTaxExpense": 268879000, "minorityInterest": {}, "netIncomeFromContinuingOps": 782667000, "discontinuedOperations": -98656000, "extraordinaryItems": {}, "effectOfAccountingCharges": {}, "otherItems": {}, "netIncome": 684011000, "netIncomeApplicableToCommonShares": 684011000}, {"maxAge": 1, "endDate": "2018-03-31", "totalRevenue": 10462046000, "costOfRevenue": 7163630000, "grossProfit": 3298416000, "researchDevelopment": {}, "sellingGeneralAdministrative": 460674000, "nonRecurring": {}, "otherOperatingExpenses": 871126000, "totalOperatingExpenses": 9266090000, "operatingIncome": 1195956000, "totalOtherIncomeExpenseNet": -461039000, "ebit": 1195956000, "interestExpense": -500632000, "incomeBeforeTax": 734917000, "incomeTaxExpense": 231860000, "minorityInterest": {}, "netIncomeFromContinuingOps": 503057000, "discontinuedOperations": -206945000, "extraordinaryItems": {}, "effectOfAccountingCharges": {}, "otherItems": {}, "netIncome": 296112000, "netIncomeApplicableToCommonShares": 296112000}, {"maxAge": 1, "endDate": "2017-03-31", "totalRevenue": 9074066000, "costOfRevenue": 6698159000, "grossProfit": 2375907000, "researchDevelopment": {}, "sellingGeneralAdministrative": 418937000, "nonRecurring": {}, "otherOperatingExpenses": 652537000, "totalOperatingExpenses": 8235624000, "operatingIncome": 838442000, "totalOtherIncomeExpenseNet": -441901000, "ebit": 838442000, "interestExpense": -517860000, "incomeBeforeTax": 396541000, "incomeTaxExpense": 177248000, "minorityInterest": {}, "netIncomeFromContinuingOps": 219293000, "discontinuedOperations": -53519000, "extraordinaryItems": {}, "effectOfAccountingCharges": {}, "otherItems": {}, "netIncome": 165774000, "netIncomeApplicableToCommonShares": 165774000}], "maxAge": 86400}, "fundOwnership": {"maxAge": 1, "ownershipList": []}, "summaryDetail": {"maxAge": 1, "priceHint": 2, "previousClose": 33.3, "open": 33.3, "dayLow": 32.5, "dayHigh": 34.35, "regularMarketPreviousClose": 33.3, "regularMarketOpen": 33.3, "regularMarketDayLow": 32.5, "regularMarketDayHigh": 34.35, "trailingPE": 9.382118, "volume": 199059, "regularMarketVolume": 199059, "averageVolume": 180760, "averageVolume10days": 77381, "averageDailyVolume10Day": 77381, "bid": 32.7, "ask": 32.95, "bidSize": 0, "askSize": 0, "marketCap": 3528615680, "fiftyTwoWeekLow": 10.55, "fiftyTwoWeekHigh": 34.35, "fiftyDayAverage": 27.11, "twoHundredDayAverage": 24.79343, "currency": "INR", "fromCurrency": null, "toCurrency": null, "lastMarket": null, "algorithm": null, "tradeable": false}, "sectorTrend": {"maxAge": 1, "symbol": null, "estimates": []}, "incomeStatementHistoryQuarterly": {"incomeStatementHistory": [{"maxAge": 1, "endDate": "2020-06-30", "totalRevenue": 2366500000, "costOfRevenue": 1575200000, "grossProfit": 791300000, "researchDevelopment": {}, "sellingGeneralAdministrative": 119200000, "nonRecurring": {}, "otherOperatingExpenses": 337300000, "totalOperatingExpenses": 2189000000, "operatingIncome": 177500000, "totalOtherIncomeExpenseNet": -79700000, "ebit": 177500000, "interestExpense": -96000000, "incomeBeforeTax": 97800000, "incomeTaxExpense": 35900000, "minorityInterest": {}, "netIncomeFromContinuingOps": 61900000, "discontinuedOperations": -1800000, "extraordinaryItems": {}, "effectOfAccountingCharges": {}, "otherItems": {}, "netIncome": 60100000, "netIncomeApplicableToCommonShares": 60100000}, {"maxAge": 1, "endDate": "2020-03-31", "totalRevenue": 2383019000, "costOfRevenue": 1991684000, "grossProfit": 391335000, "researchDevelopment": {}, "sellingGeneralAdministrative": 167151000, "nonRecurring": {}, "otherOperatingExpenses": -42881000, "totalOperatingExpenses": 2265116000, "operatingIncome": 117903000, "totalOtherIncomeExpenseNet": -93485000, "ebit": 117903000, "interestExpense": -73575000, "incomeBeforeTax": 24418000, "incomeTaxExpense": 118703000, "minorityInterest": {}, "netIncomeFromContinuingOps": -94285000, "discontinuedOperations": -1870000, "extraordinaryItems": {}, "effectOfAccountingCharges": {}, "otherItems": {}, "netIncome": -96155000, "netIncomeApplicableToCommonShares": -96155000}, {"maxAge": 1, "endDate": "2019-12-31", "totalRevenue": 2533200000, "costOfRevenue": 1651200000, "grossProfit": 882000000, "researchDevelopment": {}, "sellingGeneralAdministrative": 130600000, "nonRecurring": {}, "otherOperatingExpenses": 371300000, "totalOperatingExpenses": 2291600000, "operatingIncome": 241600000, "totalOtherIncomeExpenseNet": -57700000, "ebit": 241600000, "interestExpense": -91500000, "incomeBeforeTax": 183900000, "incomeTaxExpense": 52300000, "minorityInterest": {}, "netIncomeFromContinuingOps": 131600000, "discontinuedOperations": -1900000, "extraordinaryItems": {}, "effectOfAccountingCharges": {}, "otherItems": {}, "netIncome": 129700000, "netIncomeApplicableToCommonShares": 129700000}, {"maxAge": 1, "endDate": "2019-09-30", "totalRevenue": 2652200000, "costOfRevenue": 1691900000, "grossProfit": 960300000, "researchDevelopment": {}, "sellingGeneralAdministrative": 129500000, "nonRecurring": {}, "otherOperatingExpenses": 385400000, "totalOperatingExpenses": 2344400000, "operatingIncome": 307800000, "totalOtherIncomeExpenseNet": -86100000, "ebit": 307800000, "interestExpense": -98500000, "incomeBeforeTax": 221700000, "incomeTaxExpense": -46200000, "minorityInterest": {}, "netIncomeFromContinuingOps": 267900000, "discontinuedOperations": -1700000, "extraordinaryItems": {}, "effectOfAccountingCharges": {}, "otherItems": {}, "netIncome": 266200000, "netIncomeApplicableToCommonShares": 266200000}], "maxAge": 86400}, "cashflowStatementHistoryQuarterly": {"cashflowStatements": [{"maxAge": 1, "endDate": "2020-06-30", "netIncome": 60100000, "changeToLiabilities": 0}, {"maxAge": 1, "endDate": "2020-03-31", "netIncome": -96155000, "changeToLiabilities": 0}, {"maxAge": 1, "endDate": "2019-12-31", "netIncome": 129700000, "changeToLiabilities": 0}, {"maxAge": 1, "endDate": "2019-09-30", "netIncome": 266200000, "changeToLiabilities": 0}], "maxAge": 86400}, "insiderHolders": {"holders": [{"maxAge": 1, "name": "Venkatesh (T G)", "relation": "Promoter", "url": "", "transactionDescription": "Other", "latestTransDate": "2020-03-14", "positionDirect": 5390613, "positionDirectDate": "2020-03-14"}], "maxAge": 1}, "earnings": {"maxAge": 86400, "earningsChart": {"quarterly": [], "earningsDate": ["2020-08-10 05:30:S"]}, "financialsChart": {"yearly": [{"date": 2017, "revenue": 9074066000, "earnings": 165774000}, {"date": 2018, "revenue": 10462046000, "earnings": 296112000}, {"date": 2019, "revenue": 12045746000, "earnings": 684011000}, {"date": 2020, "revenue": 10402619000, "earnings": 472745000}], "quarterly": [{"date": "3Q2019", "revenue": 2652200000, "earnings": 266200000}, {"date": "4Q2019", "revenue": 2533200000, "earnings": 129700000}, {"date": "1Q2020", "revenue": 2383019000, "earnings": -96155000}, {"date": "2Q2020", "revenue": 2366500000, "earnings": 60100000}]}, "financialCurrency": "INR"}, "calendarEvents": {"maxAge": 1, "earnings": {"earningsDate": ["2020-08-10 05:30:S"]}}, "price": {"maxAge": 1, "regularMarketChangePercent": -0.010510465, "regularMarketChange": -0.34999847, "regularMarketTime": "2021-04-30 15:58:41", "priceHint": 2, "regularMarketPrice": 32.95, "regularMarketDayHigh": 34.35, "regularMarketDayLow": 32.5, "regularMarketVolume": 199059, "averageDailyVolume10Day": 77381, "averageDailyVolume3Month": 180760, "regularMarketPreviousClose": 33.3, "regularMarketSource": "FREE_REALTIME", "regularMarketOpen": 33.3, "exchange": "BSE", "exchangeName": "BSE", "exchangeDataDelayedBy": 0, "marketState": "CLOSED", "quoteType": "EQUITY", "symbol": "TGVSL.BO", "underlyingSymbol": null, "shortName": "TGV SRAAC Limited", "longName": "TGV SRAAC Limited", "currency": "INR", "quoteSourceName": "Delayed Quote", "currencySymbol": "\u20b9", "fromCurrency": null, "toCurrency": null, "lastMarket": null, "marketCap": 3528615680}, "balanceSheetHistory": {"balanceSheetStatements": [{"maxAge": 1, "endDate": "2020-03-31", "cash": 67224000, "shortTermInvestments": 180106000, "netReceivables": 1727403000, "inventory": 1272034000, "otherCurrentAssets": 581270000, "totalCurrentAssets": 3867889000, "longTermInvestments": 60151000, "propertyPlantEquipment": 8370111000, "otherAssets": 449446000, "totalAssets": 12747597000, "accountsPayable": 554983000, "shortLongTermDebt": 278710000, "otherCurrentLiab": 450641000, "longTermDebt": 1764638000, "otherLiab": 1610388000, "totalCurrentLiabilities": 3806309000, "totalLiab": 7381933000, "commonStock": 1017353000, "retainedEarnings": 3649834000, "treasuryStock": 109779000, "capitalSurplus": 588698000, "otherStockholderEquity": 109779000, "totalStockholderEquity": 5365664000, "netTangibleAssets": 5365664000}, {"maxAge": 1, "endDate": "2019-03-31", "cash": 71973000, "shortTermInvestments": 203505000, "netReceivables": 1882564000, "inventory": 899048000, "otherCurrentAssets": 328990000, "totalCurrentAssets": 3417981000, "longTermInvestments": 46266000, "propertyPlantEquipment": 7129863000, "otherAssets": 360269000, "totalAssets": 10954379000, "accountsPayable": 477391000, "shortLongTermDebt": 530228000, "otherCurrentLiab": 398177000, "longTermDebt": 1223764000, "otherLiab": 1542423000, "totalCurrentLiabilities": 3397719000, "totalLiab": 6163906000, "commonStock": 966485000, "retainedEarnings": 3194617000, "treasuryStock": 178067000, "capitalSurplus": 451304000, "otherStockholderEquity": 178067000, "totalStockholderEquity": 4790473000, "netTangibleAssets": 4790473000}, {"maxAge": 1, "endDate": "2018-03-31", "cash": 48596000, "shortTermInvestments": 398543000, "netReceivables": 1968237000, "inventory": 650374000, "otherCurrentAssets": 237152000, "totalCurrentAssets": 3328273000, "longTermInvestments": 167576000, "propertyPlantEquipment": 6822054000, "otherAssets": 587226000, "totalAssets": 10905129000, "accountsPayable": 588985000, "shortLongTermDebt": 707430000, "otherCurrentLiab": 353924000, "longTermDebt": 1325075000, "otherLiab": 1242781000, "totalCurrentLiabilities": 4513751000, "totalLiab": 7081607000, "commonStock": 918161000, "retainedEarnings": 2155179000, "treasuryStock": 275131000, "capitalSurplus": 320780000, "otherStockholderEquity": 275131000, "totalStockholderEquity": 3669251000, "netTangibleAssets": 3669251000}, {"maxAge": 1, "endDate": "2017-03-31", "cash": 31240000, "shortTermInvestments": 464887000, "netReceivables": 1687756000, "inventory": 657608000, "otherCurrentAssets": 263679000, "totalCurrentAssets": 3137767000, "longTermInvestments": 72314000, "propertyPlantEquipment": 6984005000, "otherAssets": 587081000, "totalAssets": 10781167000, "accountsPayable": 820028000, "shortLongTermDebt": 623953000, "otherCurrentLiab": 457829000, "longTermDebt": 1570848000, "otherLiab": 802068000, "totalCurrentLiabilities": 4940781000, "totalLiab": 7313697000, "commonStock": 872253000, "retainedEarnings": 1863130000, "treasuryStock": 289263000, "capitalSurplus": 288553000, "otherStockholderEquity": 289263000, "totalStockholderEquity": 3313199000, "netTangibleAssets": 3313199000}], "maxAge": 86400}, "earningsTrend": {"trend": [{"maxAge": 1, "period": "0q", "endDate": null, "growth": {}, "earningsEstimate": {"avg": 0.0, "low": 0.0, "high": 0.0, "yearAgoEps": {}, "numberOfAnalysts": 0, "growth": {}}, "revenueEstimate": {"avg": 0, "low": 0, "high": 0, "numberOfAnalysts": 0, "yearAgoRevenue": {}, "growth": {}}, "epsTrend": {"current": 0.0, "7daysAgo": 0.0, "30daysAgo": 0.0, "60daysAgo": 0.0, "90daysAgo": 0.0}, "epsRevisions": {"upLast7days": 0, "upLast30days": 0, "downLast30days": 0, "downLast90days": {}}}, {"maxAge": 1, "period": "+1q", "endDate": null, "growth": {}, "earningsEstimate": {"avg": 0.0, "low": 0.0, "high": 0.0, "yearAgoEps": {}, "numberOfAnalysts": 0, "growth": {}}, "revenueEstimate": {"avg": 0, "low": 0, "high": 0, "numberOfAnalysts": 0, "yearAgoRevenue": {}, "growth": {}}, "epsTrend": {"current": 0.0, "7daysAgo": 0.0, "30daysAgo": 0.0, "60daysAgo": 0.0, "90daysAgo": 0.0}, "epsRevisions": {"upLast7days": 0, "upLast30days": 0, "downLast30days": 0, "downLast90days": {}}}, {"maxAge": 1, "period": "0y", "endDate": null, "growth": {}, "earningsEstimate": {"avg": 0.0, "low": 0.0, "high": 0.0, "yearAgoEps": {}, "numberOfAnalysts": 0, "growth": {}}, "revenueEstimate": {"avg": 0, "low": 0, "high": 0, "numberOfAnalysts": 0, "yearAgoRevenue": {}, "growth": {}}, "epsTrend": {"current": 0.0, "7daysAgo": 0.0, "30daysAgo": 0.0, "60daysAgo": 0.0, "90daysAgo": 0.0}, "epsRevisions": {"upLast7days": 0, "upLast30days": 0, "downLast30days": 0, "downLast90days": {}}}, {"maxAge": 1, "period": "+1y", "endDate": null, "growth": {}, "earningsEstimate": {"avg": 0.0, "low": 0.0, "high": 0.0, "yearAgoEps": {}, "numberOfAnalysts": 0, "growth": {}}, "revenueEstimate": {"avg": 0, "low": 0, "high": 0, "numberOfAnalysts": 0, "yearAgoRevenue": {}, "growth": {}}, "epsTrend": {"current": 0.0, "7daysAgo": 0.0, "30daysAgo": 0.0, "60daysAgo": 0.0, "90daysAgo": 0.0}, "epsRevisions": {"upLast7days": 0, "upLast30days": 0, "downLast30days": 0, "downLast90days": {}}}, {"maxAge": 1, "period": "+5y", "endDate": null, "growth": {}, "earningsEstimate": {"avg": {}, "low": {}, "high": {}, "yearAgoEps": {}, "numberOfAnalysts": {}, "growth": {}}, "revenueEstimate": {"avg": {}, "low": {}, "high": {}, "numberOfAnalysts": {}, "yearAgoRevenue": {}, "growth": {}}, "epsTrend": {"current": {}, "7daysAgo": {}, "30daysAgo": {}, "60daysAgo": {}, "90daysAgo": {}}, "epsRevisions": {"upLast7days": {}, "upLast30days": {}, "downLast30days": {}, "downLast90days": {}}}, {"maxAge": 1, "period": "-5y", "endDate": null, "growth": {}, "earningsEstimate": {"avg": {}, "low": {}, "high": {}, "yearAgoEps": {}, "numberOfAnalysts": {}, "growth": {}}, "revenueEstimate": {"avg": {}, "low": {}, "high": {}, "numberOfAnalysts": {}, "yearAgoRevenue": {}, "growth": {}}, "epsTrend": {"current": {}, "7daysAgo": {}, "30daysAgo": {}, "60daysAgo": {}, "90daysAgo": {}}, "epsRevisions": {"upLast7days": {}, "upLast30days": {}, "downLast30days": {}, "downLast90days": {}}}], "maxAge": 1}, "financialData": {"maxAge": 86400, "currentPrice": 32.95, "recommendationKey": "none", "grossProfits": 3236835000, "financialCurrency": "INR"}}}