{"THACKER.BO": {"cashflowStatementHistory": {"cashflowStatements": [{"maxAge": 1, "endDate": "2020-03-31", "netIncome": 73457412, "depreciation": 21218913, "changeToNetincome": -95439901, "changeToAccountReceivables": 5910182, "changeToLiabilities": 0, "changeToInventory": 1827483, "changeToOperatingActivities": -3614619, "totalCashFromOperatingActivities": 3444156, "capitalExpenditures": -974945, "investments": -7856061, "otherCashflowsFromInvestingActivities": 22674111, "totalCashflowsFromInvestingActivities": 13843105, "netBorrowings": -20050604, "totalCashFromFinancingActivities": -20050604, "changeInCash": -2763343}, {"maxAge": 1, "endDate": "2019-03-31", "netIncome": 27959759, "depreciation": 23712521, "changeToNetincome": -57018014, "changeToAccountReceivables": 2273542, "changeToLiabilities": 0, "changeToInventory": -2079559, "changeToOperatingActivities": 14352440, "totalCashFromOperatingActivities": 9352929, "capitalExpenditures": -974945, "investments": -48, "otherCashflowsFromInvestingActivities": 3780063, "totalCashflowsFromInvestingActivities": 3780015, "netBorrowings": -7775000, "totalCashFromFinancingActivities": -7775000, "changeInCash": 5357944}, {"maxAge": 1, "endDate": "2018-03-31", "netIncome": 39767410, "depreciation": 26356520, "changeToNetincome": -65157050, "changeToAccountReceivables": -4312480, "changeToLiabilities": 0, "changeToInventory": 2763560, "changeToOperatingActivities": -7348940, "totalCashFromOperatingActivities": -7797610, "capitalExpenditures": -2062850, "investments": -48, "otherCashflowsFromInvestingActivities": 8911610, "totalCashflowsFromInvestingActivities": 6848760, "netBorrowings": 4526330, "totalCashFromFinancingActivities": 4526330, "changeInCash": 3577480}, {"maxAge": 1, "endDate": "2017-03-31", "netIncome": -348190, "depreciation": 1971230, "changeToNetincome": -13569800, "changeToAccountReceivables": 43974630, "changeToLiabilities": 0, "changeToInventory": -404850, "changeToOperatingActivities": 4154250, "totalCashFromOperatingActivities": 35777270, "capitalExpenditures": -423160, "investments": 10359580, "otherCashflowsFromInvestingActivities": 11496890, "totalCashflowsFromInvestingActivities": 21433310, "netBorrowings": -49612630, "otherCashflowsFromFinancingActivities": 10, "totalCashFromFinancingActivities": -49612620, "changeInCash": 7597970}], "maxAge": 86400}, "institutionOwnership": {"maxAge": 1, "ownershipList": []}, "balanceSheetHistoryQuarterly": {"balanceSheetStatements": [{"maxAge": 1, "endDate": "2020-06-30", "cash": 17697000, "netReceivables": 1876000, "inventory": 3351000, "otherCurrentAssets": 6973000, "totalCurrentAssets": 29897000, "longTermInvestments": 573723000, "propertyPlantEquipment": 220568000, "intangibleAssets": 45000, "otherAssets": 8457000, "deferredLongTermAssetCharges": 672000, "totalAssets": 832690000, "accountsPayable": 4916000, "otherCurrentLiab": 19732000, "totalCurrentLiabilities": 24983000, "totalLiab": 24983000, "commonStock": 1088000, "treasuryStock": 806619000, "otherStockholderEquity": 806619000, "totalStockholderEquity": 807707000, "netTangibleAssets": 807662000}, {"maxAge": 1, "endDate": "2020-03-31", "cash": 20552708, "netReceivables": 4030532, "inventory": 3947876, "otherCurrentAssets": 759807, "totalCurrentAssets": 29339253, "longTermInvestments": 566599303, "propertyPlantEquipment": 225504437, "intangibleAssets": 55084, "otherAssets": 8674678, "deferredLongTermAssetCharges": 647608, "totalAssets": 830172755, "accountsPayable": 7270182, "otherCurrentLiab": 12344033, "totalCurrentLiabilities": 28318629, "totalLiab": 28318629, "commonStock": 1087719, "retainedEarnings": 280185852, "treasuryStock": 520580555, "otherStockholderEquity": 520580555, "totalStockholderEquity": 801854126, "netTangibleAssets": 801799042}, {"maxAge": 1, "endDate": "2019-12-31", "cash": 14013000, "shortTermInvestments": 386000, "netReceivables": 4288000, "inventory": 5186000, "otherCurrentAssets": 735000, "totalCurrentAssets": 24608000, "longTermInvestments": 565273000, "propertyPlantEquipment": 230822000, "intangibleAssets": 74000, "otherAssets": 10245000, "deferredLongTermAssetCharges": 663000, "totalAssets": 831022000, "accountsPayable": 4213000, "otherCurrentLiab": 27251000, "totalCurrentLiabilities": 31767000, "totalLiab": 31767000, "commonStock": 1088000, "treasuryStock": 798167000, "otherStockholderEquity": 798167000, "totalStockholderEquity": 799255000, "netTangibleAssets": 799181000}, {"maxAge": 1, "endDate": "2019-09-30", "cash": 14059000, "shortTermInvestments": 383000, "netReceivables": 3441000, "inventory": 6763000, "otherCurrentAssets": 1271000, "totalCurrentAssets": 25917000, "longTermInvestments": 553880000, "propertyPlantEquipment": 236039000, "intangibleAssets": 94000, "otherAssets": 10550000, "deferredLongTermAssetCharges": 665000, "totalAssets": 826480000, "accountsPayable": 7347000, "otherCurrentLiab": 30218000, "totalCurrentLiabilities": 37868000, "totalLiab": 37868000, "commonStock": 1088000, "treasuryStock": 787524000, "otherStockholderEquity": 787524000, "totalStockholderEquity": 788612000, "netTangibleAssets": 788518000}], "maxAge": 86400}, "indexTrend": {"maxAge": 1, "symbol": "SP5", "peRatio": 19.7411, "pegRatio": 1.34172, "estimates": [{"period": "0q", "growth": 0.549}, {"period": "+1q", "growth": 0.431}, {"period": "0y", "growth": 0.305}, {"period": "+1y", "growth": 0.109}, {"period": "+5y", "growth": 0.120859005}, {"period": "-5y"}]}, "insiderTransactions": {"transactions": [{"maxAge": 1, "shares": 11000, "filerUrl": "", "transactionText": "", "filerName": "Jatia (Vasudha)", "filerRelation": "Promoter", "moneyText": "", "startDate": "2019-02-15", "ownership": "D"}, {"maxAge": 1, "shares": 15000, "filerUrl": "", "transactionText": "", "filerName": "Jatia (Vrinda)", "filerRelation": "Promoter", "moneyText": "", "startDate": "2019-02-15", "ownership": "D"}, {"maxAge": 1, "shares": 11000, "filerUrl": "", "transactionText": "", "filerName": "Vasudha Jatia Trust", "filerRelation": "Institution- Corporation", "moneyText": "", "startDate": "2019-02-15", "ownership": "D"}, {"maxAge": 1, "shares": 15000, "filerUrl": "", "transactionText": "", "filerName": "Vrinda Jatia Trust", "filerRelation": "Institution- Corporation", "moneyText": "", "startDate": "2019-02-15", "ownership": "D"}], "maxAge": 1}, "quoteType": {"exchange": "BSE", "quoteType": "EQUITY", "symbol": "THACKER.BO", "underlyingSymbol": "THACKER.BO", "shortName": "THACKER & CO.LTD.", "longName": "Thacker and Company Limited", "firstTradeDateEpochUtc": "2000-12-19 09:15:00", "timeZoneFullName": "Asia/Kolkata", "timeZoneShortName": "IST", "uuid": "436e7974-d58d-3131-a1eb-6f5bfa52aec2", "messageBoardId": null, "gmtOffSetMilliseconds": 19800000, "maxAge": 1}, "incomeStatementHistory": {"incomeStatementHistory": [{"maxAge": 1, "endDate": "2020-03-31", "totalRevenue": 56165277, "costOfRevenue": 17674499, "grossProfit": 38490778, "researchDevelopment": {}, "sellingGeneralAdministrative": 25241102, "nonRecurring": {}, "otherOperatingExpenses": 10269562, "totalOperatingExpenses": 53810830, "operatingIncome": 2354447, "totalOtherIncomeExpenseNet": 74387626, "ebit": 2354447, "interestExpense": -1584074, "incomeBeforeTax": 76742073, "incomeTaxExpense": 3284661, "minorityInterest": {}, "netIncomeFromContinuingOps": 73457412, "discontinuedOperations": {}, "extraordinaryItems": {}, "effectOfAccountingCharges": {}, "otherItems": {}, "netIncome": 73457412, "netIncomeApplicableToCommonShares": 73457412}, {"maxAge": 1, "endDate": "2019-03-31", "totalRevenue": 30698350, "costOfRevenue": 10066813, "grossProfit": 20631537, "researchDevelopment": {}, "sellingGeneralAdministrative": 26929718, "nonRecurring": {}, "otherOperatingExpenses": 13899609, "totalOperatingExpenses": 51919155, "operatingIncome": -21220805, "totalOtherIncomeExpenseNet": 49889093, "ebit": -21220805, "interestExpense": -2877120, "incomeBeforeTax": 28668288, "incomeTaxExpense": 708529, "minorityInterest": {}, "netIncomeFromContinuingOps": 27959759, "discontinuedOperations": {}, "extraordinaryItems": {}, "effectOfAccountingCharges": {}, "otherItems": {}, "netIncome": 27959759, "netIncomeApplicableToCommonShares": 27959759}, {"maxAge": 1, "endDate": "2018-03-31", "totalRevenue": 34589790, "costOfRevenue": 13573000, "grossProfit": 21016790, "researchDevelopment": {}, "sellingGeneralAdministrative": 29637390, "nonRecurring": {}, "otherOperatingExpenses": 4023050, "totalOperatingExpenses": 48651240, "operatingIncome": -14061450, "totalOtherIncomeExpenseNet": 54825700, "ebit": -14061450, "interestExpense": -2009480, "incomeBeforeTax": 40764250, "incomeTaxExpense": 996840, "minorityInterest": {}, "netIncomeFromContinuingOps": 39767410, "discontinuedOperations": {}, "extraordinaryItems": {}, "effectOfAccountingCharges": {}, "otherItems": {}, "netIncome": 39767410, "netIncomeApplicableToCommonShares": 39767410}, {"maxAge": 1, "endDate": "2017-03-31", "totalRevenue": 46277930, "costOfRevenue": 15552190, "grossProfit": 30725740, "researchDevelopment": {}, "sellingGeneralAdministrative": 7456190, "nonRecurring": {}, "otherOperatingExpenses": 14341950, "totalOperatingExpenses": 39321560, "operatingIncome": 6956370, "totalOtherIncomeExpenseNet": -6833030, "ebit": 6956370, "interestExpense": -6748200, "incomeBeforeTax": 123340, "incomeTaxExpense": 471530, "minorityInterest": {}, "netIncomeFromContinuingOps": -348190, "discontinuedOperations": {}, "extraordinaryItems": {}, "effectOfAccountingCharges": {}, "otherItems": {}, "netIncome": -348190, "netIncomeApplicableToCommonShares": -348190}], "maxAge": 86400}, "fundOwnership": {"maxAge": 1, "ownershipList": []}, "summaryDetail": {"maxAge": 1, "priceHint": 2, "previousClose": 192.45, "open": 182.9, "dayLow": 182.9, "dayHigh": 199.0, "regularMarketPreviousClose": 192.45, "regularMarketOpen": 182.9, "regularMarketDayLow": 182.9, "regularMarketDayHigh": 199.0, "trailingPE": 3.2573824, "volume": 49, "regularMarketVolume": 49, "averageVolume": 193, "averageVolume10days": 0, "averageDailyVolume10Day": 0, "bid": 188.1, "ask": 199.0, "marketCap": 216456288, "fiftyTwoWeekLow": 82.05, "fiftyTwoWeekHigh": 253.0, "fiftyDayAverage": 214.90286, "twoHundredDayAverage": 180.78613, "currency": "INR", "fromCurrency": null, "toCurrency": null, "lastMarket": null, "algorithm": null, "tradeable": false}, "incomeStatementHistoryQuarterly": {"incomeStatementHistory": [{"maxAge": 1, "endDate": "2020-06-30", "totalRevenue": 8158000, "costOfRevenue": 1562000, "grossProfit": 6596000, "researchDevelopment": {}, "sellingGeneralAdministrative": 670000, "nonRecurring": {}, "otherOperatingExpenses": 1642000, "totalOperatingExpenses": 8821000, "operatingIncome": -663000, "totalOtherIncomeExpenseNet": 3894000, "ebit": -663000, "interestExpense": -173000, "incomeBeforeTax": 3231000, "incomeTaxExpense": 694000, "minorityInterest": {}, "netIncomeFromContinuingOps": 2537000, "discontinuedOperations": {}, "extraordinaryItems": {}, "effectOfAccountingCharges": {}, "otherItems": {}, "netIncome": 2537000, "netIncomeApplicableToCommonShares": 2537000}, {"maxAge": 1, "endDate": "2020-03-31", "totalRevenue": 21945277, "costOfRevenue": 5256499, "grossProfit": 16688778, "researchDevelopment": {}, "sellingGeneralAdministrative": 22924102, "nonRecurring": {}, "otherOperatingExpenses": 748562, "totalOperatingExpenses": 13587830, "operatingIncome": 8357447, "totalOtherIncomeExpenseNet": 12514626, "ebit": 8357447, "interestExpense": -154074, "incomeBeforeTax": 20872073, "incomeTaxExpense": 1754661, "minorityInterest": {}, "netIncomeFromContinuingOps": 19117412, "discontinuedOperations": {}, "extraordinaryItems": {}, "effectOfAccountingCharges": {}, "otherItems": {}, "netIncome": 19117412, "netIncomeApplicableToCommonShares": 19117412}, {"maxAge": 1, "endDate": "2019-12-31", "totalRevenue": 15361000, "costOfRevenue": 5808000, "grossProfit": 9553000, "researchDevelopment": {}, "sellingGeneralAdministrative": 882000, "nonRecurring": {}, "otherOperatingExpenses": 3059000, "totalOperatingExpenses": 15086000, "operatingIncome": 275000, "totalOtherIncomeExpenseNet": 25671000, "ebit": 275000, "interestExpense": -361000, "incomeBeforeTax": 25946000, "incomeTaxExpense": 966000, "minorityInterest": {}, "netIncomeFromContinuingOps": 24980000, "discontinuedOperations": {}, "extraordinaryItems": {}, "effectOfAccountingCharges": {}, "otherItems": {}, "netIncome": 24980000, "netIncomeApplicableToCommonShares": 24980000}, {"maxAge": 1, "endDate": "2019-09-30", "totalRevenue": 11544000, "costOfRevenue": 3578000, "grossProfit": 7966000, "researchDevelopment": {}, "sellingGeneralAdministrative": 699000, "nonRecurring": {}, "otherOperatingExpenses": 4291000, "totalOperatingExpenses": 13919000, "operatingIncome": -2375000, "totalOtherIncomeExpenseNet": 22306000, "ebit": -2375000, "interestExpense": -496000, "incomeBeforeTax": 19931000, "incomeTaxExpense": 95000, "minorityInterest": {}, "netIncomeFromContinuingOps": 19836000, "discontinuedOperations": {}, "extraordinaryItems": {}, "effectOfAccountingCharges": {}, "otherItems": {}, "netIncome": 19836000, "netIncomeApplicableToCommonShares": 19836000}], "maxAge": 86400}, "cashflowStatementHistoryQuarterly": {"cashflowStatements": [{"maxAge": 1, "endDate": "2020-06-30", "netIncome": 2537000, "changeToLiabilities": 0}, {"maxAge": 1, "endDate": "2020-03-31", "netIncome": 19117412, "changeToLiabilities": 0}, {"maxAge": 1, "endDate": "2019-12-31", "netIncome": 24980000, "changeToLiabilities": 0}, {"maxAge": 1, "endDate": "2019-09-30", "netIncome": 19836000, "changeToLiabilities": 0}], "maxAge": 86400}, "insiderHolders": {"holders": [{"maxAge": 1, "name": "Jatia (Vasudha)", "relation": "Promoter", "url": "", "transactionDescription": "Sale", "latestTransDate": "2019-02-15", "positionDirect": 0, "positionDirectDate": "2019-02-15"}, {"maxAge": 1, "name": "Jatia (Vrinda)", "relation": "Promoter", "url": "", "transactionDescription": "Sale", "latestTransDate": "2019-02-15", "positionDirect": 0, "positionDirectDate": "2019-02-15"}, {"maxAge": 1, "name": "Vasudha Jatia Trust", "relation": "Institution- Corporation", "url": "", "transactionDescription": "Purchase", "latestTransDate": "2019-02-15", "positionDirect": 11000, "positionDirectDate": "2019-02-15"}, {"maxAge": 1, "name": "Vrinda Jatia Trust", "relation": "Institution- Corporation", "url": "", "transactionDescription": "Purchase", "latestTransDate": "2019-02-15", "positionDirect": 15000, "positionDirectDate": "2019-02-15"}], "maxAge": 1}, "calendarEvents": {"maxAge": 1, "earnings": {"earningsDate": []}}, "price": {"maxAge": 1, "regularMarketChangePercent": 0.03403483, "regularMarketChange": 6.550003, "regularMarketTime": "2021-04-30 14:33:11", "priceHint": 2, "regularMarketPrice": 199.0, "regularMarketDayHigh": 199.0, "regularMarketDayLow": 182.9, "regularMarketVolume": 49, "averageDailyVolume10Day": 0, "averageDailyVolume3Month": 193, "regularMarketPreviousClose": 192.45, "regularMarketSource": "FREE_REALTIME", "regularMarketOpen": 182.9, "exchange": "BSE", "exchangeName": "BSE", "exchangeDataDelayedBy": 0, "marketState": "CLOSED", "quoteType": "EQUITY", "symbol": "THACKER.BO", "underlyingSymbol": null, "shortName": "THACKER & CO.LTD.", "longName": "Thacker and Company Limited", "currency": "INR", "quoteSourceName": "Delayed Quote", "currencySymbol": "\u20b9", "fromCurrency": null, "toCurrency": null, "lastMarket": null, "marketCap": 216456288}, "balanceSheetHistory": {"balanceSheetStatements": [{"maxAge": 1, "endDate": "2020-03-31", "cash": 20552708, "netReceivables": 4030532, "inventory": 3947876, "otherCurrentAssets": 759807, "totalCurrentAssets": 29339253, "longTermInvestments": 566599303, "propertyPlantEquipment": 225504437, "intangibleAssets": 55084, "otherAssets": 8674678, "deferredLongTermAssetCharges": 647608, "totalAssets": 830172755, "accountsPayable": 7270182, "otherCurrentLiab": 12344033, "totalCurrentLiabilities": 28318629, "totalLiab": 28318629, "commonStock": 1087719, "retainedEarnings": 280185852, "treasuryStock": 520580555, "otherStockholderEquity": 520580555, "totalStockholderEquity": 801854126, "netTangibleAssets": 801799042}, {"maxAge": 1, "endDate": "2019-03-31", "cash": 23316051, "netReceivables": 2879229, "inventory": 5775359, "otherCurrentAssets": 4758808, "totalCurrentAssets": 36794914, "longTermInvestments": 528858910, "propertyPlantEquipment": 245707182, "intangibleAssets": 180994, "otherAssets": 10887477, "deferredLongTermAssetCharges": 693360, "totalAssets": 822429477, "accountsPayable": 7468042, "otherCurrentLiab": 12311249, "totalCurrentLiabilities": 48738246, "totalLiab": 48738246, "commonStock": 1087719, "retainedEarnings": 206728440, "treasuryStock": 565875072, "otherStockholderEquity": 565875072, "totalStockholderEquity": 773691231, "netTangibleAssets": 773510237}, {"maxAge": 1, "endDate": "2018-03-31", "cash": 17958110, "netReceivables": 7893050, "inventory": 3695800, "otherCurrentAssets": 2018150, "totalCurrentAssets": 31630950, "longTermInvestments": 514884610, "propertyPlantEquipment": 269376410, "intangibleAssets": 376530, "otherAssets": 10519740, "deferredLongTermAssetCharges": 680450, "totalAssets": 826788240, "accountsPayable": 6763880, "otherCurrentLiab": 1545090, "totalCurrentLiabilities": 42160810, "totalLiab": 42160810, "commonStock": 1087710, "retainedEarnings": 178768680, "treasuryStock": 604771040, "otherStockholderEquity": 604771040, "totalStockholderEquity": 784627430, "netTangibleAssets": 784250900}, {"maxAge": 1, "endDate": "2017-03-31", "cash": 14380630, "netReceivables": 3627510, "inventory": 6459350, "otherCurrentAssets": 2295400, "totalCurrentAssets": 26870270, "longTermInvestments": 75873550, "propertyPlantEquipment": 32104500, "intangibleAssets": 551130, "otherAssets": 10922380, "deferredLongTermAssetCharges": 646140, "totalAssets": 146321830, "accountsPayable": 3681840, "otherCurrentLiab": 4328500, "longTermDebt": 10126280, "otherLiab": 339360, "totalCurrentLiabilities": 34660310, "totalLiab": 45125950, "commonStock": 787650, "retainedEarnings": 100400000, "treasuryStock": 8230, "otherStockholderEquity": 8230, "totalStockholderEquity": 101195880, "netTangibleAssets": 100644750}], "maxAge": 86400}, "financialData": {"maxAge": 86400, "currentPrice": 199.0, "recommendationKey": "none", "grossProfits": 38490778, "financialCurrency": "INR"}}}