{"THAKDEV.BO": {"recommendationTrend": {"trend": [{"period": "0m", "strongBuy": 0, "buy": 0, "hold": 0, "sell": 0, "strongSell": 0}, {"period": "-1m", "strongBuy": 0, "buy": 0, "hold": 0, "sell": 0, "strongSell": 0}, {"period": "-2m", "strongBuy": 0, "buy": 0, "hold": 0, "sell": 0, "strongSell": 0}, {"period": "-3m", "strongBuy": 0, "buy": 0, "hold": 0, "sell": 0, "strongSell": 0}], "maxAge": 86400}, "cashflowStatementHistory": {"cashflowStatements": [{"maxAge": 1, "endDate": "2020-03-31", "netIncome": 37381693, "depreciation": 11607803, "changeToNetincome": 15182734, "changeToAccountReceivables": 23933153, "changeToLiabilities": 170042, "changeToInventory": 9255599, "changeToOperatingActivities": -86674210, "totalCashFromOperatingActivities": 11113850, "capitalExpenditures": -1054493, "otherCashflowsFromInvestingActivities": 1003384, "totalCashflowsFromInvestingActivities": 199890, "netBorrowings": -44721190, "otherCashflowsFromFinancingActivities": -17132061, "totalCashFromFinancingActivities": -61853251, "changeInCash": -50539511}, {"maxAge": 1, "endDate": "2019-03-31", "netIncome": 11219349, "depreciation": 15515156, "changeToNetincome": 20070004, "changeToAccountReceivables": 23931961, "changeToLiabilities": -6706245, "changeToInventory": 87527728, "changeToOperatingActivities": 143759644, "totalCashFromOperatingActivities": 295317597, "capitalExpenditures": -4365662, "investments": 11075009, "otherCashflowsFromInvestingActivities": 912062, "totalCashflowsFromInvestingActivities": 7621409, "netBorrowings": 27798672, "otherCashflowsFromFinancingActivities": -23923719, "totalCashFromFinancingActivities": 3874953, "changeInCash": 45636934}, {"maxAge": 1, "endDate": "2018-03-31", "netIncome": 3489378, "depreciation": 17556191, "changeToNetincome": 24844366, "changeToAccountReceivables": -50314104, "changeToLiabilities": -2333920, "changeToInventory": 6414061, "changeToOperatingActivities": -31809764, "totalCashFromOperatingActivities": -31972667, "capitalExpenditures": -26499932, "investments": 37258978, "otherCashflowsFromInvestingActivities": 3410737, "totalCashflowsFromInvestingActivities": 14554783, "netBorrowings": 33740295, "otherCashflowsFromFinancingActivities": -28682430, "totalCashFromFinancingActivities": 5057865, "changeInCash": -12360019}, {"maxAge": 1, "endDate": "2017-03-31", "netIncome": 136610813, "depreciation": 11574564, "changeToNetincome": 61261006, "changeToAccountReceivables": 3079015, "changeToLiabilities": 114856601, "changeToInventory": -33299798, "changeToOperatingActivities": -29699939, "totalCashFromOperatingActivities": 265159462, "capitalExpenditures": -25480643, "investments": -29249612, "otherCashflowsFromInvestingActivities": 958463, "totalCashflowsFromInvestingActivities": -53626792, "netBorrowings": -157088076, "otherCashflowsFromFinancingActivities": -48118834, "totalCashFromFinancingActivities": -205206910, "changeInCash": 6325760}], "maxAge": 86400}, "institutionOwnership": {"ownershipList": [], "maxAge": 1}, "balanceSheetHistoryQuarterly": {"balanceSheetStatements": [{"maxAge": 1, "endDate": "2020-06-30", "cash": 17668000, "shortTermInvestments": 37870000, "netReceivables": 10081000, "inventory": 959236000, "otherCurrentAssets": 42421000, "totalCurrentAssets": 1067276000, "longTermInvestments": 35880000, "propertyPlantEquipment": 37923000, "intangibleAssets": 66000, "otherAssets": 591036000, "totalAssets": 1732181000, "accountsPayable": 5366000, "shortLongTermDebt": 21421000, "otherCurrentLiab": 157667000, "longTermDebt": 212382000, "otherLiab": 496827000, "totalCurrentLiabilities": 227206000, "totalLiab": 936415000, "commonStock": 90000000, "treasuryStock": 705766000, "otherStockholderEquity": 705766000, "totalStockholderEquity": 795766000, "netTangibleAssets": 795700000}, {"maxAge": 1, "endDate": "2020-03-31", "cash": 9250894, "shortTermInvestments": 49154201, "netReceivables": 17450632, "inventory": 959542233, "otherCurrentAssets": 4402274, "totalCurrentAssets": 1048419252, "longTermInvestments": 29651750, "propertyPlantEquipment": 44765170, "intangibleAssets": 79780, "otherAssets": 599526667, "totalAssets": 1722442619, "accountsPayable": 9378382, "shortLongTermDebt": 21193254, "otherCurrentLiab": 141286267, "longTermDebt": 238617475, "otherLiab": 488079434, "totalCurrentLiabilities": 191160343, "totalLiab": 917857252, "commonStock": 90000000, "retainedEarnings": 669585367, "capitalSurplus": 45000000, "totalStockholderEquity": 804585367, "netTangibleAssets": 804505587}, {"maxAge": 1, "endDate": "2019-12-31", "cash": 49138000, "shortTermInvestments": 38798000, "netReceivables": 49297000, "inventory": 953925000, "otherCurrentAssets": 24751000, "totalCurrentAssets": 1115909000, "longTermInvestments": 35761000, "propertyPlantEquipment": 47602000, "intangibleAssets": 96000, "otherAssets": 565882000, "totalAssets": 1765250000, "accountsPayable": 36710000, "shortLongTermDebt": 20969000, "otherCurrentLiab": 95252000, "longTermDebt": 265906000, "otherLiab": 515421000, "totalCurrentLiabilities": 214968000, "totalLiab": 996295000, "commonStock": 90000000, "treasuryStock": 678955000, "otherStockholderEquity": 678955000, "totalStockholderEquity": 768955000, "netTangibleAssets": 768859000}, {"maxAge": 1, "endDate": "2019-09-30", "cash": 11689000, "shortTermInvestments": 36313000, "netReceivables": 84553000, "inventory": 957376000, "otherCurrentAssets": 24803000, "totalCurrentAssets": 1114734000, "longTermInvestments": 35761000, "propertyPlantEquipment": 50443000, "intangibleAssets": 1000, "otherAssets": 596837000, "totalAssets": 1797776000, "accountsPayable": 37212000, "shortLongTermDebt": 21059000, "otherCurrentLiab": 98730000, "longTermDebt": 270610000, "otherLiab": 577304000, "totalCurrentLiabilities": 210859000, "totalLiab": 1058773000, "commonStock": 90000000, "treasuryStock": 649003000, "otherStockholderEquity": 649003000, "totalStockholderEquity": 739003000, "netTangibleAssets": 739002000}], "maxAge": 86400}, "earningsHistory": {"history": [{"maxAge": 1, "epsActual": {}, "epsEstimate": {}, "epsDifference": {}, "surprisePercent": {}, "quarter": {}, "period": "-4q"}, {"maxAge": 1, "epsActual": {}, "epsEstimate": {}, "epsDifference": {}, "surprisePercent": {}, "quarter": {}, "period": "-3q"}, {"maxAge": 1, "epsActual": {}, "epsEstimate": {}, "epsDifference": {}, "surprisePercent": {}, "quarter": {}, "period": "-2q"}, {"maxAge": 1, "epsActual": {}, "epsEstimate": {}, "epsDifference": {}, "surprisePercent": {}, "quarter": {}, "period": "-1q"}], "maxAge": 86400}, "indexTrend": {"maxAge": 1, "symbol": "SP5", "peRatio": 19.7411, "pegRatio": 1.34172, "estimates": [{"period": "0q", "growth": 0.549}, {"period": "+1q", "growth": 0.431}, {"period": "0y", "growth": 0.305}, {"period": "+1y", "growth": 0.109}, {"period": "+5y", "growth": 0.120859005}, {"period": "-5y"}]}, "industryTrend": {"maxAge": 1, "symbol": null, "estimates": []}, "quoteType": {"exchange": "BSE", "quoteType": "EQUITY", "symbol": "THAKDEV.BO", "underlyingSymbol": "THAKDEV.BO", "shortName": "THAKKERS DEVELOPERS LTD.", "longName": "Thakkers Developers Limited", "firstTradeDateEpochUtc": "2002-08-07 09:15:00", "timeZoneFullName": "Asia/Kolkata", "timeZoneShortName": "IST", "uuid": "1028a682-b04e-3b21-ac4c-9f1ef0609f7a", "gmtOffSetMilliseconds": 19800000, "maxAge": 1}, "incomeStatementHistory": {"incomeStatementHistory": [{"maxAge": 1, "endDate": "2020-03-31", "totalRevenue": 179351462, "costOfRevenue": 72685185, "grossProfit": 106666277, "researchDevelopment": {}, "sellingGeneralAdministrative": 63812591, "nonRecurring": {}, "otherOperatingExpenses": 33620450, "totalOperatingExpenses": 181744111, "operatingIncome": -2392649, "totalOtherIncomeExpenseNet": 49392632, "ebit": -2392649, "interestExpense": -16893107, "incomeBeforeTax": 46999983, "incomeTaxExpense": 9618290, "minorityInterest": {}, "netIncomeFromContinuingOps": 37381693, "discontinuedOperations": {}, "extraordinaryItems": {}, "effectOfAccountingCharges": {}, "otherItems": {}, "netIncome": 37381693, "netIncomeApplicableToCommonShares": 37381693}, {"maxAge": 1, "endDate": "2019-03-31", "totalRevenue": 184132755, "costOfRevenue": 51885822, "grossProfit": 132246933, "researchDevelopment": {}, "sellingGeneralAdministrative": 62603212, "nonRecurring": {}, "otherOperatingExpenses": 32402164, "totalOperatingExpenses": 162406354, "operatingIncome": 21726401, "totalOtherIncomeExpenseNet": -14192504, "ebit": 21726401, "interestExpense": -23624536, "incomeBeforeTax": 7533897, "incomeTaxExpense": -3685452, "minorityInterest": {}, "netIncomeFromContinuingOps": 11219349, "discontinuedOperations": {}, "extraordinaryItems": {}, "effectOfAccountingCharges": {}, "otherItems": {}, "netIncome": 11219349, "netIncomeApplicableToCommonShares": 11219349}, {"maxAge": 1, "endDate": "2018-03-31", "totalRevenue": 281124746, "costOfRevenue": 160118915, "grossProfit": 121005831, "researchDevelopment": {}, "sellingGeneralAdministrative": 59789980, "nonRecurring": {}, "otherOperatingExpenses": 34430574, "totalOperatingExpenses": 271895660, "operatingIncome": 9229086, "totalOtherIncomeExpenseNet": 12495482, "ebit": 9229086, "interestExpense": -28795417, "incomeBeforeTax": 21724568, "incomeTaxExpense": 18235190, "minorityInterest": {}, "netIncomeFromContinuingOps": 3489378, "discontinuedOperations": {}, "extraordinaryItems": {}, "effectOfAccountingCharges": {}, "otherItems": {}, "netIncome": 3489378, "netIncomeApplicableToCommonShares": 3489378}, {"maxAge": 1, "endDate": "2017-03-31", "totalRevenue": 417566346, "costOfRevenue": 87430570, "grossProfit": 330135776, "researchDevelopment": {}, "sellingGeneralAdministrative": 60968328, "nonRecurring": {}, "otherOperatingExpenses": 30221602, "totalOperatingExpenses": 190195064, "operatingIncome": 227371282, "totalOtherIncomeExpenseNet": -46276140, "ebit": 227371282, "interestExpense": -47341634, "incomeBeforeTax": 181095142, "incomeTaxExpense": 44484329, "minorityInterest": {}, "netIncomeFromContinuingOps": 136610813, "discontinuedOperations": {}, "extraordinaryItems": {}, "effectOfAccountingCharges": {}, "otherItems": {}, "netIncome": 136610813, "netIncomeApplicableToCommonShares": 136610813}], "maxAge": 86400}, "fundOwnership": {"ownershipList": [], "maxAge": 1}, "summaryDetail": {"maxAge": 1, "priceHint": 2, "previousClose": 79.9, "open": 79.0, "dayLow": 79.0, "dayHigh": 79.0, "regularMarketPreviousClose": 79.9, "regularMarketOpen": 79.0, "regularMarketDayLow": 79.0, "regularMarketDayHigh": 79.0, "trailingPE": 17.040552, "volume": 50, "regularMarketVolume": 50, "averageVolume": 953, "averageVolume10days": 157, "averageDailyVolume10Day": 157, "bid": 0.0, "ask": 79.0, "bidSize": 0, "askSize": 0, "marketCap": 711000000, "fiftyTwoWeekLow": 35.25, "fiftyTwoWeekHigh": 79.0, "fiftyDayAverage": 49.186363, "twoHundredDayAverage": 43.398895, "currency": "INR", "fromCurrency": null, "lastMarket": null, "algorithm": null, "tradeable": false}, "sectorTrend": {"maxAge": 1, "symbol": null, "estimates": []}, "incomeStatementHistoryQuarterly": {"incomeStatementHistory": [{"maxAge": 1, "endDate": "2020-06-30", "totalRevenue": 11215000, "costOfRevenue": 3363000, "grossProfit": 7852000, "researchDevelopment": {}, "sellingGeneralAdministrative": 11323000, "nonRecurring": {}, "otherOperatingExpenses": 6361000, "totalOperatingExpenses": 23160000, "operatingIncome": -11945000, "totalOtherIncomeExpenseNet": 3126000, "ebit": -11945000, "interestExpense": -2341000, "incomeBeforeTax": -8819000, "incomeTaxExpense": 0, "minorityInterest": {}, "netIncomeFromContinuingOps": -8819000, "discontinuedOperations": {}, "extraordinaryItems": {}, "effectOfAccountingCharges": {}, "otherItems": {}, "netIncome": -8819000, "netIncomeApplicableToCommonShares": -8819000}, {"maxAge": 1, "endDate": "2020-03-31", "totalRevenue": 22973462, "costOfRevenue": 9894185, "grossProfit": 13079277, "researchDevelopment": {}, "sellingGeneralAdministrative": 15521591, "nonRecurring": {}, "otherOperatingExpenses": 3564450, "totalOperatingExpenses": 31895111, "operatingIncome": -8921649, "totalOtherIncomeExpenseNet": 54170632, "ebit": -8921649, "interestExpense": -3992107, "incomeBeforeTax": 45248983, "incomeTaxExpense": 9618290, "minorityInterest": {}, "netIncomeFromContinuingOps": 35630693, "discontinuedOperations": {}, "extraordinaryItems": {}, "effectOfAccountingCharges": {}, "otherItems": {}, "netIncome": 35630693, "netIncomeApplicableToCommonShares": 35630693}, {"maxAge": 1, "endDate": "2019-12-31", "totalRevenue": 120316000, "costOfRevenue": 58061000, "grossProfit": 62255000, "researchDevelopment": {}, "sellingGeneralAdministrative": 15347000, "nonRecurring": {}, "otherOperatingExpenses": 10360000, "totalOperatingExpenses": 86670000, "operatingIncome": 33646000, "totalOtherIncomeExpenseNet": -3693000, "ebit": 33646000, "interestExpense": -3978000, "incomeBeforeTax": 29953000, "incomeTaxExpense": 0, "minorityInterest": {}, "netIncomeFromContinuingOps": 29953000, "discontinuedOperations": {}, "extraordinaryItems": {}, "effectOfAccountingCharges": {}, "otherItems": {}, "netIncome": 29953000, "netIncomeApplicableToCommonShares": 29953000}, {"maxAge": 1, "endDate": "2019-09-30", "totalRevenue": 14495000, "costOfRevenue": 2318000, "grossProfit": 12177000, "researchDevelopment": {}, "sellingGeneralAdministrative": 16355000, "nonRecurring": {}, "otherOperatingExpenses": 10858000, "totalOperatingExpenses": 32427000, "operatingIncome": -17932000, "totalOtherIncomeExpenseNet": 2902000, "ebit": -17932000, "interestExpense": -4527000, "incomeBeforeTax": -15030000, "incomeTaxExpense": 0, "minorityInterest": {}, "netIncomeFromContinuingOps": -15030000, "discontinuedOperations": {}, "extraordinaryItems": {}, "effectOfAccountingCharges": {}, "otherItems": {}, "netIncome": -15030000, "netIncomeApplicableToCommonShares": -15030000}], "maxAge": 86400}, "cashflowStatementHistoryQuarterly": {"cashflowStatements": [{"maxAge": 1, "endDate": "2020-06-30", "netIncome": -8819000, "depreciation": 2113000, "changeToNetincome": -3117000, "changeToAccountReceivables": 23000, "changeToLiabilities": -640000, "changeToInventory": 306000, "changeToOperatingActivities": -3293000, "totalCashFromOperatingActivities": -13427000, "capitalExpenditures": -20000, "otherCashflowsFromInvestingActivities": 229000, "totalCashflowsFromInvestingActivities": 10209000, "netBorrowings": 3236000, "otherCashflowsFromFinancingActivities": -2341000, "totalCashFromFinancingActivities": 895000, "changeInCash": -2323000}, {"maxAge": 1, "endDate": "2020-03-31", "netIncome": 35630693, "depreciation": 2896803, "changeToNetincome": 3099734, "changeToAccountReceivables": 7564153, "changeToLiabilities": 420042, "changeToInventory": -5617401, "changeToOperatingActivities": 137790, "totalCashFromOperatingActivities": 44232850, "capitalExpenditures": -246493, "investments": -6575000, "otherCashflowsFromInvestingActivities": 241384, "totalCashflowsFromInvestingActivities": -6449110, "netBorrowings": -65539190, "otherCashflowsFromFinancingActivities": -4075061, "totalCashFromFinancingActivities": -69614251, "changeInCash": -31829511}, {"maxAge": 1, "endDate": "2019-12-31", "netIncome": 29953000, "depreciation": 2902000, "changeToNetincome": 3725000, "changeToAccountReceivables": 37552000, "changeToLiabilities": -502000, "changeToInventory": 3451000, "changeToOperatingActivities": -49533000, "totalCashFromOperatingActivities": 27548000, "capitalExpenditures": -157000, "investments": 11179000, "otherCashflowsFromInvestingActivities": 266000, "totalCashflowsFromInvestingActivities": 11288000, "netBorrowings": 3011000, "otherCashflowsFromFinancingActivities": -3978000, "totalCashFromFinancingActivities": -967000, "changeInCash": 37868000}, {"maxAge": 1, "endDate": "2019-09-30", "netIncome": -15030000, "depreciation": 2902000, "changeToNetincome": 3725000, "changeToAccountReceivables": 37552000, "changeToLiabilities": 0, "changeToInventory": 3451000, "changeToOperatingActivities": -49533000, "totalCashFromOperatingActivities": 27548000, "capitalExpenditures": -157000, "investments": 11179000, "otherCashflowsFromInvestingActivities": 266000, "totalCashflowsFromInvestingActivities": 11288000, "netBorrowings": 3011000, "otherCashflowsFromFinancingActivities": -3978000, "totalCashFromFinancingActivities": -967000, "changeInCash": 37868000}], "maxAge": 86400}, "insiderHolders": {"holders": [], "maxAge": 1}, "earnings": {"maxAge": 86400, "earningsChart": {"quarterly": [], "earningsDate": ["2020-08-20 05:30:S"]}, "financialsChart": {"yearly": [{"date": 2017, "revenue": 417566346, "earnings": 136610813}, {"date": 2018, "revenue": 281124746, "earnings": 3489378}, {"date": 2019, "revenue": 184132755, "earnings": 11219349}, {"date": 2020, "revenue": 179351462, "earnings": 37381693}], "quarterly": [{"date": "3Q2019", "revenue": 14495000, "earnings": -15030000}, {"date": "4Q2019", "revenue": 120316000, "earnings": 29953000}, {"date": "1Q2020", "revenue": 22973462, "earnings": 35630693}, {"date": "2Q2020", "revenue": 11215000, "earnings": -8819000}]}, "financialCurrency": "INR"}, "calendarEvents": {"maxAge": 1, "earnings": {"earningsDate": ["2020-08-20 05:30:S"]}}, "upgradeDowngradeHistory": {"history": [], "maxAge": 86400}, "price": {"maxAge": 1, "regularMarketChangePercent": -0.011264099, "regularMarketChange": -0.9000015, "regularMarketTime": "2021-04-30 15:04:10", "priceHint": 2, "regularMarketPrice": 79.0, "regularMarketDayHigh": 79.0, "regularMarketDayLow": 79.0, "regularMarketVolume": 50, "averageDailyVolume10Day": 157, "averageDailyVolume3Month": 953, "regularMarketPreviousClose": 79.9, "regularMarketSource": "FREE_REALTIME", "regularMarketOpen": 79.0, "exchange": "BSE", "exchangeName": "BSE", "exchangeDataDelayedBy": 0, "marketState": "CLOSED", "quoteType": "EQUITY", "symbol": "THAKDEV.BO", "underlyingSymbol": null, "shortName": "THAKKERS DEVELOPERS LTD.", "longName": "Thakkers Developers Limited", "currency": "INR", "quoteSourceName": "Delayed Quote", "currencySymbol": "\u20b9", "fromCurrency": null, "lastMarket": null, "marketCap": 711000000}, "balanceSheetHistory": {"balanceSheetStatements": [{"maxAge": 1, "endDate": "2020-03-31", "cash": 9250894, "shortTermInvestments": 49154201, "netReceivables": 17450632, "inventory": 959542233, "otherCurrentAssets": 4402274, "totalCurrentAssets": 1048419252, "longTermInvestments": 29651750, "propertyPlantEquipment": 44765170, "intangibleAssets": 79780, "otherAssets": 599526667, "totalAssets": 1722442619, "accountsPayable": 9378382, "shortLongTermDebt": 21193254, "otherCurrentLiab": 141286267, "longTermDebt": 238617475, "otherLiab": 488079434, "totalCurrentLiabilities": 191160343, "totalLiab": 917857252, "commonStock": 90000000, "retainedEarnings": 669585367, "capitalSurplus": 45000000, "totalStockholderEquity": 804585367, "netTangibleAssets": 804505587}, {"maxAge": 1, "endDate": "2019-03-31", "cash": 58492580, "shortTermInvestments": 42593914, "netReceivables": 24701792, "inventory": 968797831, "otherCurrentAssets": 20471917, "totalCurrentAssets": 1123373411, "longTermInvestments": 29651750, "propertyPlantEquipment": 55630438, "intangibleAssets": 2283, "otherAssets": 673165536, "totalAssets": 1881823418, "accountsPayable": 9578664, "shortLongTermDebt": 24590290, "otherCurrentLiab": 90809621, "longTermDebt": 214498342, "otherLiab": 684368580, "totalCurrentLiabilities": 215752821, "totalLiab": 1114619743, "commonStock": 90000000, "retainedEarnings": 632203675, "treasuryStock": 677204000, "capitalSurplus": 45000000, "otherStockholderEquity": 677204000, "totalStockholderEquity": 767203675, "netTangibleAssets": 767201392}, {"maxAge": 1, "endDate": "2018-03-31", "cash": 10614874, "shortTermInvestments": 33591134, "netReceivables": 82762780, "inventory": 993749846, "otherCurrentAssets": 22775348, "totalCurrentAssets": 1143493982, "longTermInvestments": 29651750, "propertyPlantEquipment": 66773947, "intangibleAssets": 8269, "otherAssets": 739765453, "totalAssets": 1979693401, "accountsPayable": 43666260, "shortLongTermDebt": 38675194, "otherCurrentLiab": 135483083, "longTermDebt": 217578129, "otherLiab": 730496377, "totalCurrentLiabilities": 275634570, "totalLiab": 1223709076, "commonStock": 90000000, "retainedEarnings": 620984325, "capitalSurplus": 45000000, "totalStockholderEquity": 755984325, "netTangibleAssets": 755976056}, {"maxAge": 1, "endDate": "2017-03-31", "cash": 28489532, "shortTermInvestments": 58131970, "netReceivables": 38787894, "inventory": 1000163907, "otherCurrentAssets": 89518267, "totalCurrentAssets": 1222548725, "longTermInvestments": 49874561, "propertyPlantEquipment": 57938848, "intangibleAssets": 29952, "otherAssets": 839068200, "totalAssets": 2169460286, "accountsPayable": 46000180, "shortLongTermDebt": 68871822, "otherCurrentLiab": 135470931, "longTermDebt": 166567480, "otherLiab": 906550068, "totalCurrentLiabilities": 343847788, "totalLiab": 1416965336, "commonStock": 90000000, "retainedEarnings": 617494950, "capitalSurplus": 45000000, "totalStockholderEquity": 752494950, "netTangibleAssets": 752464998}], "maxAge": 86400}, "earningsTrend": {"trend": [{"maxAge": 1, "period": "0q", "endDate": "2012-12-31", "growth": {}, "earningsEstimate": {"avg": 0.0, "low": 0.0, "high": 0.0, "yearAgoEps": {}, "numberOfAnalysts": 0, "growth": {}}, "revenueEstimate": {"avg": 0, "low": 0, "high": 0, "numberOfAnalysts": 0, "yearAgoRevenue": {}, "growth": {}}, "epsTrend": {"current": 0.0, "7daysAgo": 3.94, "30daysAgo": 3.94, "60daysAgo": 3.94, "90daysAgo": 3.94}, "epsRevisions": {"upLast7days": 0, "upLast30days": 0, "downLast30days": 0, "downLast90days": {}}}, {"maxAge": 1, "period": "+1q", "endDate": "2013-03-31", "growth": {}, "earningsEstimate": {"avg": 0.0, "low": 0.0, "high": 0.0, "yearAgoEps": {}, "numberOfAnalysts": 0, "growth": {}}, "revenueEstimate": {"avg": 0, "low": 0, "high": 0, "numberOfAnalysts": 0, "yearAgoRevenue": {}, "growth": {}}, "epsTrend": {"current": 0.0, "7daysAgo": 0.0, "30daysAgo": 0.0, "60daysAgo": 0.0, "90daysAgo": 0.0}, "epsRevisions": {"upLast7days": 0, "upLast30days": 0, "downLast30days": 0, "downLast90days": {}}}, {"maxAge": 1, "period": "0y", "endDate": "2019-03-31", "growth": {}, "earningsEstimate": {"avg": 0.0, "low": 0.0, "high": 0.0, "yearAgoEps": {}, "numberOfAnalysts": 0, "growth": {}}, "revenueEstimate": {"avg": 0, "low": 0, "high": 0, "numberOfAnalysts": 0, "yearAgoRevenue": {}, "growth": {}}, "epsTrend": {"current": 0.0, "7daysAgo": 0.0, "30daysAgo": 0.0, "60daysAgo": 0.0, "90daysAgo": 0.0}, "epsRevisions": {"upLast7days": 0, "upLast30days": 0, "downLast30days": 0, "downLast90days": {}}}, {"maxAge": 1, "period": "+1y", "endDate": "2013-03-31", "growth": {}, "earningsEstimate": {"avg": 0.0, "low": 0.0, "high": 0.0, "yearAgoEps": {}, "numberOfAnalysts": 0, "growth": {}}, "revenueEstimate": {"avg": 438620000, "low": 491650000, "high": 491650000, "numberOfAnalysts": 1, "yearAgoRevenue": {}, "growth": {}}, "epsTrend": {"current": 0.0, "7daysAgo": 14.22, "30daysAgo": 14.22, "60daysAgo": 14.22, "90daysAgo": 14.22}, "epsRevisions": {"upLast7days": 0, "upLast30days": 0, "downLast30days": 0, "downLast90days": {}}}, {"maxAge": 1, "period": "+5y", "endDate": null, "growth": {}, "earningsEstimate": {"avg": {}, "low": {}, "high": {}, "yearAgoEps": {}, "numberOfAnalysts": {}, "growth": {}}, "revenueEstimate": {"avg": {}, "low": {}, "high": {}, "numberOfAnalysts": {}, "yearAgoRevenue": {}, "growth": {}}, "epsTrend": {"current": {}, "7daysAgo": {}, "30daysAgo": {}, "60daysAgo": {}, "90daysAgo": {}}, "epsRevisions": {"upLast7days": {}, "upLast30days": {}, "downLast30days": {}, "downLast90days": {}}}, {"maxAge": 1, "period": "-5y", "endDate": null, "growth": {}, "earningsEstimate": {"avg": {}, "low": {}, "high": {}, "yearAgoEps": {}, "numberOfAnalysts": {}, "growth": {}}, "revenueEstimate": {"avg": {}, "low": {}, "high": {}, "numberOfAnalysts": {}, "yearAgoRevenue": {}, "growth": {}}, "epsTrend": {"current": {}, "7daysAgo": {}, "30daysAgo": {}, "60daysAgo": {}, "90daysAgo": {}}, "epsRevisions": {"upLast7days": {}, "upLast30days": {}, "downLast30days": {}, "downLast90days": {}}}], "maxAge": 1}, "financialData": {"maxAge": 86400, "currentPrice": 79.0, "targetHighPrice": 198.0, "targetLowPrice": 198.0, "targetMeanPrice": 198.0, "targetMedianPrice": 198.0, "recommendationKey": "none", "numberOfAnalystOpinions": 1, "grossProfits": 106666277, "financialCurrency": "INR"}}}