{"THAMBBI.BO": {"cashflowStatementHistory": {"cashflowStatements": [{"maxAge": 1, "endDate": "2020-03-31", "netIncome": -21823466, "depreciation": 6262848, "changeToNetincome": 19448023, "changeToAccountReceivables": -383753, "changeToLiabilities": -1027959, "changeToOperatingActivities": 15726159, "totalCashFromOperatingActivities": 18265935, "capitalExpenditures": -5519698, "otherCashflowsFromInvestingActivities": 129520, "totalCashflowsFromInvestingActivities": -5390178, "netBorrowings": 4701663, "otherCashflowsFromFinancingActivities": -17415771, "totalCashFromFinancingActivities": -12714108, "changeInCash": 161649}, {"maxAge": 1, "endDate": "2019-03-31", "netIncome": -20961017, "depreciation": 6044945, "changeToNetincome": 18927826, "changeToAccountReceivables": -956774, "changeToLiabilities": -4406280, "changeToOperatingActivities": 17667777, "totalCashFromOperatingActivities": 16316477, "capitalExpenditures": -15040176, "investments": 100000, "otherCashflowsFromInvestingActivities": 136410, "totalCashflowsFromInvestingActivities": -14803766, "netBorrowings": 15119955, "otherCashflowsFromFinancingActivities": -16642789, "totalCashFromFinancingActivities": -1522834, "changeInCash": -10123}, {"maxAge": 1, "endDate": "2018-03-31", "netIncome": -13671745, "depreciation": 2647353, "changeToNetincome": 9526826, "changeToAccountReceivables": 370654, "changeToLiabilities": 2429172, "changeToOperatingActivities": 27189479, "totalCashFromOperatingActivities": 28507760, "capitalExpenditures": -51999466, "investments": -100000, "otherCashflowsFromInvestingActivities": 136410, "totalCashflowsFromInvestingActivities": -52099466, "netBorrowings": 33559284, "otherCashflowsFromFinancingActivities": -9526826, "totalCashFromFinancingActivities": 24032458, "changeInCash": 440752}, {"maxAge": 1, "endDate": "2017-03-31", "netIncome": -101523000, "depreciation": 2324000, "changeToNetincome": 96653000, "changeToAccountReceivables": 738000, "changeToLiabilities": 2304000, "changeToOperatingActivities": 3543000, "totalCashFromOperatingActivities": 4039000, "capitalExpenditures": -25344000, "investments": -100000, "otherCashflowsFromInvestingActivities": 851000, "totalCashflowsFromInvestingActivities": -24493000, "netBorrowings": 24005000, "otherCashflowsFromFinancingActivities": -6293000, "totalCashFromFinancingActivities": 17712000, "changeInCash": -2742000}], "maxAge": 86400}, "institutionOwnership": {"ownershipList": [], "maxAge": 1}, "balanceSheetHistoryQuarterly": {"balanceSheetStatements": [{"maxAge": 1, "endDate": "2020-06-30", "totalStockholderEquity": -26936000, "netTangibleAssets": -26994000}, {"maxAge": 1, "endDate": "2020-03-31", "cash": 2854661, "netReceivables": 25268789, "otherCurrentAssets": 7024777, "totalCurrentAssets": 35148227, "propertyPlantEquipment": 118175339, "intangibleAssets": 58183, "otherAssets": 7841427, "deferredLongTermAssetCharges": 5809845, "totalAssets": 161223176, "accountsPayable": 741709, "shortLongTermDebt": 5797916, "otherCurrentLiab": 27712145, "longTermDebt": 112978328, "otherLiab": 39869819, "totalCurrentLiabilities": 35311345, "totalLiab": 188159492, "commonStock": 57627700, "retainedEarnings": -508705350, "treasuryStock": 349562334, "capitalSurplus": 74579000, "otherStockholderEquity": 349562334, "totalStockholderEquity": -26936316, "netTangibleAssets": -26994499}, {"maxAge": 1, "endDate": "2019-12-31", "cash": 2737000, "netReceivables": 25511000, "otherCurrentAssets": 8565000, "totalCurrentAssets": 36813000, "propertyPlantEquipment": 118809000, "intangibleAssets": 74000, "otherAssets": 9379000, "deferredLongTermAssetCharges": 7876000, "totalAssets": 165075000, "accountsPayable": 1666000, "otherCurrentLiab": 44538000, "longTermDebt": 104467000, "otherLiab": 34112000, "totalCurrentLiabilities": 46204000, "totalLiab": 184783000, "commonStock": 57628000, "treasuryStock": -77336000, "otherStockholderEquity": -77336000, "totalStockholderEquity": -19708000, "netTangibleAssets": -19782000}, {"maxAge": 1, "endDate": "2019-09-30", "cash": 2988000, "netReceivables": 25637000, "otherCurrentAssets": 7512000, "totalCurrentAssets": 36137000, "propertyPlantEquipment": 115928000, "intangibleAssets": 90000, "otherAssets": 9261000, "deferredLongTermAssetCharges": 7877000, "totalAssets": 161416000, "accountsPayable": 1715000, "otherCurrentLiab": 44566000, "longTermDebt": 105421000, "otherLiab": 22281000, "totalCurrentLiabilities": 46281000, "totalLiab": 173983000, "commonStock": 57628000, "treasuryStock": -70195000, "otherStockholderEquity": -70195000, "totalStockholderEquity": -12567000, "netTangibleAssets": -12657000}], "maxAge": 86400}, "indexTrend": {"maxAge": 1, "symbol": "SP5", "peRatio": 19.7411, "pegRatio": 1.34172, "estimates": [{"period": "0q", "growth": 0.549}, {"period": "+1q", "growth": 0.431}, {"period": "0y", "growth": 0.305}, {"period": "+1y", "growth": 0.109}, {"period": "+5y", "growth": 0.120859005}, {"period": "-5y"}]}, "insiderTransactions": {"transactions": [{"maxAge": 1, "shares": 212920, "filerUrl": "", "transactionText": "", "filerName": "Udayar (Jagadeesan Ramasamy)", "filerRelation": "Managing Director", "moneyText": "", "startDate": "2017-08-24", "ownership": "D"}, {"maxAge": 1, "shares": 144000, "filerUrl": "", "transactionText": "", "filerName": "Jagadeesan (Malathi)", "filerRelation": "Director (Non-Executive)", "moneyText": "", "startDate": "2017-08-24", "ownership": "D"}, {"maxAge": 1, "shares": 280000, "filerUrl": "", "transactionText": "", "filerName": "Udayar (Jagadeesan Ramasamy)", "filerRelation": "Chairman of the Board", "moneyText": "", "startDate": "2014-06-07", "ownership": "D"}, {"maxAge": 1, "shares": 880, "filerUrl": "", "transactionText": "", "filerName": "Udayar (Jagadeesan Ramasamy)", "filerRelation": "Chairman of the Board", "moneyText": "", "startDate": "2014-04-02", "ownership": "D"}, {"maxAge": 1, "shares": 300, "filerUrl": "", "transactionText": "", "filerName": "Udayar (Jagadeesan Ramasamy)", "filerRelation": "Chairman of the Board", "moneyText": "", "startDate": "2014-03-28", "ownership": "D"}, {"maxAge": 1, "shares": 8410, "filerUrl": "", "transactionText": "", "filerName": "Udayar (Jagadeesan Ramasamy)", "filerRelation": "Chairman of the Board", "moneyText": "", "startDate": "2014-03-27", "ownership": "D"}, {"maxAge": 1, "shares": 51365, "filerUrl": "", "transactionText": "", "filerName": "Udayar (Jagadeesan Ramasamy)", "filerRelation": "Chairman of the Board", "moneyText": "", "startDate": "2014-03-26", "ownership": "D"}, {"maxAge": 1, "shares": 67300, "filerUrl": "", "transactionText": "", "filerName": "Udayar (Jagadeesan Ramasamy)", "filerRelation": "Chairman of the Board", "moneyText": "", "startDate": "2014-03-25", "ownership": "D"}, {"maxAge": 1, "shares": 32000, "filerUrl": "", "transactionText": "", "filerName": "Udayar (Jagadeesan Ramasamy)", "filerRelation": "Chairman of the Board", "moneyText": "", "startDate": "2014-03-21", "ownership": "D"}, {"maxAge": 1, "shares": 74300, "filerUrl": "", "transactionText": "", "filerName": "Udayar (Jagadeesan Ramasamy)", "filerRelation": "Chairman of the Board", "moneyText": "", "startDate": "2014-03-20", "ownership": "D"}, {"maxAge": 1, "shares": 32000, "filerUrl": "", "transactionText": "", "filerName": "Udayar (Jagadeesan Ramasamy)", "filerRelation": "Chairman of the Board", "moneyText": "", "startDate": "2013-03-25", "ownership": "D"}, {"maxAge": 1, "shares": 86250, "filerUrl": "", "transactionText": "", "filerName": "Udayar (Jagadeesan Ramasamy)", "filerRelation": "Chairman of the Board", "moneyText": "", "startDate": "2013-03-19", "ownership": "D"}, {"maxAge": 1, "shares": 3000, "filerUrl": "", "transactionText": "", "filerName": "Udayar (Jagadeesan Ramasamy)", "filerRelation": "Chairman of the Board", "moneyText": "", "startDate": "2013-03-15", "ownership": "D"}, {"maxAge": 1, "shares": 17561, "filerUrl": "", "transactionText": "", "filerName": "Udayar (Jagadeesan Ramasamy)", "filerRelation": "Chairman of the Board", "moneyText": "", "startDate": "2013-03-14", "ownership": "D"}, {"maxAge": 1, "shares": 65000, "filerUrl": "", "transactionText": "", "filerName": "Udayar (Jagadeesan Ramasamy)", "filerRelation": "Chairman of the Board", "moneyText": "", "startDate": "2013-03-13", "ownership": "D"}, {"maxAge": 1, "shares": 8486, "filerUrl": "", "transactionText": "", "filerName": "Udayar (Jagadeesan Ramasamy)", "filerRelation": "Chairman of the Board", "moneyText": "", "startDate": "2011-09-30", "ownership": "D"}, {"maxAge": 1, "shares": 24598, "filerUrl": "", "transactionText": "", "filerName": "Udayar (Jagadeesan Ramasamy)", "filerRelation": "Chairman of the Board", "moneyText": "", "startDate": "2011-06-30", "ownership": "D"}, {"maxAge": 1, "shares": 261255, "filerUrl": "", "transactionText": "", "filerName": "Udayar (Jagadeesan Ramasamy)", "filerRelation": "Chairman of the Board", "moneyText": "", "startDate": "2011-03-31", "ownership": "D"}], "maxAge": 1}, "quoteType": {"exchange": "BSE", "quoteType": "EQUITY", "symbol": "THAMBBI.BO", "underlyingSymbol": "THAMBBI.BO", "shortName": "THAMBBI MODERN SPINNING MILLS", "longName": "Thambbi Modern Spinning Mills Limited", "firstTradeDateEpochUtc": "2002-01-25 09:15:00", "timeZoneFullName": "Asia/Kolkata", "timeZoneShortName": "IST", "uuid": "09c60268-899e-378d-b5b8-d9a810e00e64", "gmtOffSetMilliseconds": 19800000, "maxAge": 1}, "incomeStatementHistory": {"incomeStatementHistory": [{"maxAge": 1, "endDate": "2020-03-31", "totalRevenue": 19125908, "costOfRevenue": 2101782, "grossProfit": 17024126, "researchDevelopment": {}, "sellingGeneralAdministrative": 7474606, "nonRecurring": {}, "otherOperatingExpenses": 4937648, "totalOperatingExpenses": 20840967, "operatingIncome": -1715059, "totalOtherIncomeExpenseNet": -18041699, "ebit": -1715059, "interestExpense": -17415772, "incomeBeforeTax": -19756758, "incomeTaxExpense": 2066708, "minorityInterest": {}, "netIncomeFromContinuingOps": -21823466, "discontinuedOperations": {}, "extraordinaryItems": {}, "effectOfAccountingCharges": {}, "otherItems": {}, "netIncome": -21823466, "netIncomeApplicableToCommonShares": -21823466}, {"maxAge": 1, "endDate": "2019-03-31", "totalRevenue": 24965110, "costOfRevenue": 8077417, "grossProfit": 16887693, "researchDevelopment": {}, "sellingGeneralAdministrative": 9819401, "nonRecurring": {}, "otherOperatingExpenses": 5097566, "totalOperatingExpenses": 29039329, "operatingIncome": -4074219, "totalOtherIncomeExpenseNet": -14465351, "ebit": -4074219, "interestExpense": -16642789, "incomeBeforeTax": -18539570, "incomeTaxExpense": 2421447, "minorityInterest": {}, "netIncomeFromContinuingOps": -20961017, "discontinuedOperations": {}, "extraordinaryItems": {}, "effectOfAccountingCharges": {}, "otherItems": {}, "netIncome": -20961017, "netIncomeApplicableToCommonShares": -20961017}, {"maxAge": 1, "endDate": "2018-03-31", "totalRevenue": 22034641, "costOfRevenue": 7694746, "grossProfit": 14339895, "researchDevelopment": {}, "sellingGeneralAdministrative": 8654827, "nonRecurring": {}, "otherOperatingExpenses": 4746460, "totalOperatingExpenses": 23759407, "operatingIncome": -1724766, "totalOtherIncomeExpenseNet": -11946979, "ebit": -1724766, "interestExpense": -9526826, "incomeBeforeTax": -13671745, "incomeTaxExpense": 0, "minorityInterest": {}, "netIncomeFromContinuingOps": -13671745, "discontinuedOperations": {}, "extraordinaryItems": {}, "effectOfAccountingCharges": {}, "otherItems": {}, "netIncome": -13671745, "netIncomeApplicableToCommonShares": -13671745}, {"maxAge": 1, "endDate": "2017-03-31", "totalRevenue": 17923000, "costOfRevenue": 3005000, "grossProfit": 14918000, "researchDevelopment": {}, "sellingGeneralAdministrative": 5006000, "nonRecurring": {}, "otherOperatingExpenses": 4021000, "totalOperatingExpenses": 17169000, "operatingIncome": 754000, "totalOtherIncomeExpenseNet": -5714000, "ebit": 754000, "interestExpense": -6293000, "incomeBeforeTax": -4960000, "incomeTaxExpense": 96563000, "minorityInterest": {}, "netIncomeFromContinuingOps": -101523000, "discontinuedOperations": {}, "extraordinaryItems": {}, "effectOfAccountingCharges": {}, "otherItems": {}, "netIncome": -101523000, "netIncomeApplicableToCommonShares": -101523000}], "maxAge": 86400}, "fundOwnership": {"ownershipList": [], "maxAge": 1}, "summaryDetail": {"maxAge": 1, "priceHint": 2, "previousClose": 7.35, "open": 7.71, "dayLow": 7.71, "dayHigh": 7.71, "regularMarketPreviousClose": 7.35, "regularMarketOpen": 7.71, "regularMarketDayLow": 7.71, "regularMarketDayHigh": 7.71, "volume": 1300, "regularMarketVolume": 1300, "averageVolume": 195, "averageVolume10days": 0, "averageDailyVolume10Day": 0, "bid": 0.0, "ask": 7.71, "marketCap": 44409600, "fiftyTwoWeekLow": 6.65, "fiftyTwoWeekHigh": 8.4, "fiftyDayAverage": 7.727576, "twoHundredDayAverage": 7.3802943, "currency": "INR", "fromCurrency": null, "lastMarket": null, "algorithm": null, "tradeable": false}, "incomeStatementHistoryQuarterly": {"incomeStatementHistory": [{"maxAge": 1, "endDate": "2020-06-30", "totalRevenue": 5087000, "costOfRevenue": 0, "grossProfit": 5087000, "researchDevelopment": {}, "sellingGeneralAdministrative": 1245000, "nonRecurring": {}, "otherOperatingExpenses": 1768000, "totalOperatingExpenses": 4636000, "operatingIncome": 451000, "totalOtherIncomeExpenseNet": -3950000, "ebit": 451000, "interestExpense": -3950000, "incomeBeforeTax": -3499000, "incomeTaxExpense": 0, "minorityInterest": {}, "netIncomeFromContinuingOps": -3499000, "discontinuedOperations": {}, "extraordinaryItems": {}, "effectOfAccountingCharges": {}, "otherItems": {}, "netIncome": -3499000, "netIncomeApplicableToCommonShares": -3499000}, {"maxAge": 1, "endDate": "2020-03-31", "totalRevenue": 4327908, "costOfRevenue": 2101782, "grossProfit": 2226126, "researchDevelopment": {}, "sellingGeneralAdministrative": 2762606, "nonRecurring": {}, "otherOperatingExpenses": -3185352, "totalOperatingExpenses": 3449967, "operatingIncome": 877941, "totalOtherIncomeExpenseNet": -6040699, "ebit": 877941, "interestExpense": -5414772, "incomeBeforeTax": -5162758, "incomeTaxExpense": 2066708, "minorityInterest": {}, "netIncomeFromContinuingOps": -7229466, "discontinuedOperations": {}, "extraordinaryItems": {}, "effectOfAccountingCharges": {}, "otherItems": {}, "netIncome": -7229466, "netIncomeApplicableToCommonShares": -7229466}, {"maxAge": 1, "endDate": "2019-12-31", "totalRevenue": 4723000, "costOfRevenue": 0, "grossProfit": 4723000, "researchDevelopment": {}, "sellingGeneralAdministrative": 2122000, "nonRecurring": {}, "otherOperatingExpenses": 3805000, "totalOperatingExpenses": 7461000, "operatingIncome": -2738000, "totalOtherIncomeExpenseNet": -4403000, "ebit": -2738000, "interestExpense": -4403000, "incomeBeforeTax": -7141000, "incomeTaxExpense": 0, "minorityInterest": {}, "netIncomeFromContinuingOps": -7141000, "discontinuedOperations": {}, "extraordinaryItems": {}, "effectOfAccountingCharges": {}, "otherItems": {}, "netIncome": -7141000, "netIncomeApplicableToCommonShares": -7141000}, {"maxAge": 1, "endDate": "2019-09-30", "totalRevenue": 4988000, "costOfRevenue": 0, "grossProfit": 4988000, "researchDevelopment": {}, "sellingGeneralAdministrative": 1345000, "nonRecurring": {}, "otherOperatingExpenses": 2550000, "totalOperatingExpenses": 5294000, "operatingIncome": -306000, "totalOtherIncomeExpenseNet": -3648000, "ebit": -306000, "interestExpense": -3648000, "incomeBeforeTax": -3954000, "incomeTaxExpense": 0, "minorityInterest": {}, "netIncomeFromContinuingOps": -3954000, "discontinuedOperations": {}, "extraordinaryItems": {}, "effectOfAccountingCharges": {}, "otherItems": {}, "netIncome": -3954000, "netIncomeApplicableToCommonShares": -3954000}], "maxAge": 86400}, "cashflowStatementHistoryQuarterly": {"cashflowStatements": [{"maxAge": 1, "endDate": "2020-06-30", "netIncome": -3499000, "changeToLiabilities": 0}, {"maxAge": 1, "endDate": "2020-03-31", "netIncome": -7229466, "changeToLiabilities": 0}, {"maxAge": 1, "endDate": "2019-12-31", "netIncome": -7141000, "changeToLiabilities": 0}, {"maxAge": 1, "endDate": "2019-09-30", "netIncome": -3954000, "changeToLiabilities": 0}], "maxAge": 86400}, "insiderHolders": {"holders": [{"maxAge": 1, "name": "Jagadeesan (Malathi)", "relation": "Director (Non-Executive)", "url": "", "transactionDescription": "Purchase", "latestTransDate": "2017-08-24", "positionDirect": 568530, "positionDirectDate": "2017-08-24"}, {"maxAge": 1, "name": "Udayar (Jagadeesan Ramasamy)", "relation": "Managing Director", "url": "", "transactionDescription": "Purchase", "latestTransDate": "2017-08-24", "positionDirect": 3284995, "positionDirectDate": "2017-08-24"}], "maxAge": 1}, "calendarEvents": {"maxAge": 1, "earnings": {"earningsDate": []}}, "upgradeDowngradeHistory": {"history": [], "maxAge": 86400}, "price": {"maxAge": 1, "regularMarketChangePercent": 0.04897961, "regularMarketChange": 0.36000013, "regularMarketTime": "2021-04-30 15:15:00", "priceHint": 2, "regularMarketPrice": 7.71, "regularMarketDayHigh": 7.71, "regularMarketDayLow": 7.71, "regularMarketVolume": 1300, "averageDailyVolume10Day": 0, "averageDailyVolume3Month": 195, "regularMarketPreviousClose": 7.35, "regularMarketSource": "FREE_REALTIME", "regularMarketOpen": 7.71, "exchange": "BSE", "exchangeName": "BSE", "exchangeDataDelayedBy": 0, "marketState": "CLOSED", "quoteType": "EQUITY", "symbol": "THAMBBI.BO", "underlyingSymbol": null, "shortName": "THAMBBI MODERN SPINNING MILLS", "longName": "Thambbi Modern Spinning Mills Limited", "currency": "INR", "quoteSourceName": "Delayed Quote", "currencySymbol": "\u20b9", "fromCurrency": null, "lastMarket": null, "marketCap": 44409600}, "balanceSheetHistory": {"balanceSheetStatements": [{"maxAge": 1, "endDate": "2020-03-31", "cash": 2854661, "netReceivables": 25268789, "otherCurrentAssets": 7024777, "totalCurrentAssets": 35148227, "propertyPlantEquipment": 118175339, "intangibleAssets": 58183, "otherAssets": 7841427, "deferredLongTermAssetCharges": 5809845, "totalAssets": 161223176, "accountsPayable": 741709, "shortLongTermDebt": 5797916, "otherCurrentLiab": 27712145, "longTermDebt": 112978328, "otherLiab": 39869819, "totalCurrentLiabilities": 35311345, "totalLiab": 188159492, "commonStock": 57627700, "retainedEarnings": -508705350, "treasuryStock": 349562334, "capitalSurplus": 74579000, "otherStockholderEquity": 349562334, "totalStockholderEquity": -26936316, "netTangibleAssets": -26994499}, {"maxAge": 1, "endDate": "2019-03-31", "cash": 2693011, "shortTermInvestments": 4206361, "netReceivables": 24885037, "otherCurrentAssets": 7771881, "totalCurrentAssets": 35349929, "propertyPlantEquipment": 118918489, "intangibleAssets": 122266, "otherAssets": 9260362, "deferredLongTermAssetCharges": 7876553, "totalAssets": 163651046, "accountsPayable": 1769668, "shortLongTermDebt": 4120569, "otherCurrentLiab": 32676175, "longTermDebt": 108276665, "otherLiab": 19821259, "totalCurrentLiabilities": 40665972, "totalLiab": 168763896, "commonStock": 57627700, "retainedEarnings": -486881884, "treasuryStock": 349562334, "capitalSurplus": 74579000, "otherStockholderEquity": 349562334, "totalStockholderEquity": -5112850, "netTangibleAssets": -5235116}, {"maxAge": 1, "endDate": "2018-03-31", "cash": 2703133, "netReceivables": 23928263, "otherCurrentAssets": 13968285, "totalCurrentAssets": 40599681, "longTermInvestments": 100000, "propertyPlantEquipment": 109859175, "intangibleAssets": 186349, "otherAssets": 11681809, "deferredLongTermAssetCharges": 10298000, "totalAssets": 162427014, "accountsPayable": 6175948, "shortLongTermDebt": 2303822, "otherCurrentLiab": 31512967, "longTermDebt": 93156709, "otherLiab": 11774236, "deferredLongTermLiab": 55000, "totalCurrentLiabilities": 41647902, "totalLiab": 146578847, "commonStock": 57627700, "retainedEarnings": -465920867, "treasuryStock": 349562334, "capitalSurplus": 74579000, "otherStockholderEquity": 349562334, "totalStockholderEquity": 15848167, "netTangibleAssets": 15661818}, {"maxAge": 1, "endDate": "2017-03-31", "cash": 2262000, "netReceivables": 24299000, "otherCurrentAssets": 12451000, "totalCurrentAssets": 39012000, "propertyPlantEquipment": 60710000, "otherAssets": 11628000, "deferredLongTermAssetCharges": 10298000, "totalAssets": 111350000, "accountsPayable": 3747000, "shortLongTermDebt": 4782000, "otherCurrentLiab": 600000, "longTermDebt": 59595000, "otherLiab": 11282000, "totalCurrentLiabilities": 10951000, "totalLiab": 81828000, "commonStock": 57628000, "retainedEarnings": -452247000, "treasuryStock": 349562000, "capitalSurplus": 74579000, "otherStockholderEquity": 349562000, "totalStockholderEquity": 29522000, "netTangibleAssets": 29522000}], "maxAge": 86400}, "financialData": {"maxAge": 86400, "currentPrice": 7.71, "recommendationKey": "none", "grossProfits": 17024126, "financialCurrency": "INR"}}}