{"THEMISMED.BO": {"recommendationTrend": {"trend": [{"period": "0m", "strongBuy": 0, "buy": 0, "hold": 0, "sell": 0, "strongSell": 0}, {"period": "-1m", "strongBuy": 0, "buy": 0, "hold": 0, "sell": 0, "strongSell": 0}, {"period": "-2m", "strongBuy": 0, "buy": 0, "hold": 0, "sell": 0, "strongSell": 0}, {"period": "-3m", "strongBuy": 0, "buy": 0, "hold": 0, "sell": 0, "strongSell": 0}], "maxAge": 86400}, "cashflowStatementHistory": {"cashflowStatements": [{"maxAge": 1, "endDate": "2020-03-31", "netIncome": 247817000, "depreciation": 82720000, "changeToNetincome": 29093000, "changeToAccountReceivables": -286933000, "changeToLiabilities": -53570000, "changeToInventory": -9741000, "changeToOperatingActivities": -6104000, "totalCashFromOperatingActivities": 3282000, "capitalExpenditures": -58065000, "otherCashflowsFromInvestingActivities": 3038000, "totalCashflowsFromInvestingActivities": -54662000, "netBorrowings": 175608000, "otherCashflowsFromFinancingActivities": -110719000, "totalCashFromFinancingActivities": 67249000, "changeInCash": 15868000, "issuanceOfStock": 2360000}, {"maxAge": 1, "endDate": "2019-03-31", "netIncome": -107416000, "depreciation": 79903000, "changeToNetincome": 65969000, "changeToAccountReceivables": -51636000, "changeToLiabilities": 44841000, "changeToInventory": -40596000, "changeToOperatingActivities": 118170000, "totalCashFromOperatingActivities": 109235000, "capitalExpenditures": -56348000, "otherCashflowsFromInvestingActivities": 17535000, "totalCashflowsFromInvestingActivities": -37232000, "netBorrowings": 4777000, "otherCashflowsFromFinancingActivities": -104167000, "totalCashFromFinancingActivities": -99390000, "changeInCash": -27387000, "issuanceOfStock": 2360000}, {"maxAge": 1, "endDate": "2018-03-31", "netIncome": 112913000, "depreciation": 74151000, "changeToNetincome": 81950000, "changeToAccountReceivables": -203808000, "changeToLiabilities": -10819000, "changeToInventory": -11344000, "changeToOperatingActivities": 35511000, "totalCashFromOperatingActivities": 78554000, "capitalExpenditures": -96051000, "investments": 10113000, "otherCashflowsFromInvestingActivities": 20787000, "totalCashflowsFromInvestingActivities": -364000, "netBorrowings": -31370000, "otherCashflowsFromFinancingActivities": -110719000, "totalCashFromFinancingActivities": -91075000, "changeInCash": -12885000, "issuanceOfStock": 51014000}, {"maxAge": 1, "endDate": "2017-03-31", "netIncome": 159592000, "depreciation": 74704000, "changeToNetincome": 102191000, "changeToAccountReceivables": -245223000, "changeToLiabilities": -8918000, "changeToInventory": -33274000, "changeToOperatingActivities": -64169000, "totalCashFromOperatingActivities": -15097000, "capitalExpenditures": -54380000, "investments": -10000000, "otherCashflowsFromInvestingActivities": 21940000, "totalCashflowsFromInvestingActivities": -41425000, "netBorrowings": -107885000, "otherCashflowsFromFinancingActivities": -108815000, "totalCashFromFinancingActivities": 52737000, "changeInCash": -3785000, "issuanceOfStock": 269437000}], "maxAge": 86400}, "institutionOwnership": {"maxAge": 1, "ownershipList": []}, "balanceSheetHistoryQuarterly": {"balanceSheetStatements": [{"maxAge": 1, "endDate": "2020-06-30", "totalStockholderEquity": 1830245000, "netTangibleAssets": 1815989000}, {"maxAge": 1, "endDate": "2020-03-31", "cash": 33415000, "shortTermInvestments": 33000, "netReceivables": 1032515000, "inventory": 546089000, "otherCurrentAssets": 152957000, "totalCurrentAssets": 1804913000, "longTermInvestments": 357754000, "propertyPlantEquipment": 1224240000, "intangibleAssets": 14256000, "otherAssets": 97971000, "deferredLongTermAssetCharges": 45724000, "totalAssets": 3499134000, "accountsPayable": 296831000, "shortLongTermDebt": 108466000, "otherCurrentLiab": 299228000, "longTermDebt": 117613000, "minorityInterest": -5000, "totalCurrentLiabilities": 1548102000, "totalLiab": 1668894000, "commonStock": 91880000, "retainedEarnings": 1029915000, "treasuryStock": 357993000, "capitalSurplus": 350457000, "otherStockholderEquity": 357993000, "totalStockholderEquity": 1830245000, "netTangibleAssets": 1815989000}, {"maxAge": 1, "endDate": "2019-12-31", "totalStockholderEquity": 1648930000, "netTangibleAssets": 1633582000}, {"maxAge": 1, "endDate": "2019-09-30", "cash": 50759000, "shortTermInvestments": 47249000, "netReceivables": 813137000, "inventory": 514660000, "otherCurrentAssets": 145156000, "totalCurrentAssets": 1570961000, "longTermInvestments": 314923000, "propertyPlantEquipment": 1217509000, "intangibleAssets": 15348000, "otherAssets": 123183000, "deferredLongTermAssetCharges": 73389000, "totalAssets": 3241924000, "accountsPayable": 352663000, "otherCurrentLiab": 451515000, "longTermDebt": 75035000, "otherLiab": 4064000, "minorityInterest": -4000, "totalCurrentLiabilities": 1513899000, "totalLiab": 1592998000, "commonStock": 91809000, "treasuryStock": 1557121000, "otherStockholderEquity": 1557121000, "totalStockholderEquity": 1648930000, "netTangibleAssets": 1633582000}], "maxAge": 86400}, "earningsHistory": {"history": [{"maxAge": 1, "epsActual": {}, "epsEstimate": {}, "epsDifference": {}, "surprisePercent": {}, "quarter": {}, "period": "-4q"}, {"maxAge": 1, "epsActual": {}, "epsEstimate": {}, "epsDifference": {}, "surprisePercent": {}, "quarter": {}, "period": "-3q"}, {"maxAge": 1, "epsActual": {}, "epsEstimate": {}, "epsDifference": {}, "surprisePercent": {}, "quarter": {}, "period": "-2q"}, {"maxAge": 1, "epsActual": {}, "epsEstimate": {}, "epsDifference": {}, "surprisePercent": {}, "quarter": {}, "period": "-1q"}], "maxAge": 86400}, "indexTrend": {"maxAge": 1, "symbol": "SP5", "peRatio": 19.7411, "pegRatio": 1.34172, "estimates": [{"period": "0q", "growth": 0.549}, {"period": "+1q", "growth": 0.431}, {"period": "0y", "growth": 0.305}, {"period": "+1y", "growth": 0.109}, {"period": "+5y", "growth": 0.120865}, {"period": "-5y"}]}, "industryTrend": {"maxAge": 1, "symbol": null, "estimates": []}, "insiderTransactions": {"transactions": [{"maxAge": 1, "shares": 8901, "filerUrl": "", "transactionText": "", "filerName": "Agarwal (Avantika Vijay)", "filerRelation": "UNREPORTED", "moneyText": "", "startDate": "2019-12-04", "ownership": "D"}, {"maxAge": 1, "shares": 8802, "filerUrl": "", "transactionText": "", "filerName": "Agarwal (Avantika Vijay)", "filerRelation": "UNREPORTED", "moneyText": "", "startDate": "2019-12-04", "ownership": "D"}, {"maxAge": 1, "shares": 163996, "filerUrl": "", "transactionText": "", "filerName": "Patel (Dinesh Shantilal)", "filerRelation": "Executive Vice Chairman", "moneyText": "", "startDate": "2019-03-01", "ownership": "D"}], "maxAge": 1}, "quoteType": {"exchange": "BSE", "quoteType": "EQUITY", "symbol": "THEMISMED.BO", "underlyingSymbol": "THEMISMED.BO", "shortName": "THEMIS MEDICARE LTD.", "longName": "Themis Medicare Limited", "firstTradeDateEpochUtc": "2000-06-23 09:15:00", "timeZoneFullName": "Asia/Kolkata", "timeZoneShortName": "IST", "uuid": "3e3051e8-4077-33b4-b002-38b095ae725c", "messageBoardId": null, "gmtOffSetMilliseconds": 19800000, "maxAge": 1}, "incomeStatementHistory": {"incomeStatementHistory": [{"maxAge": 1, "endDate": "2020-03-31", "totalRevenue": 2015883000, "costOfRevenue": 645420000, "grossProfit": 1370463000, "researchDevelopment": {}, "sellingGeneralAdministrative": 490643000, "nonRecurring": {}, "otherOperatingExpenses": 523253000, "totalOperatingExpenses": 1742036000, "operatingIncome": 273847000, "totalOtherIncomeExpenseNet": -5101000, "ebit": 273847000, "interestExpense": -110720000, "incomeBeforeTax": 268746000, "incomeTaxExpense": 20930000, "minorityInterest": -5000, "netIncomeFromContinuingOps": 247816000, "discontinuedOperations": {}, "extraordinaryItems": {}, "effectOfAccountingCharges": {}, "otherItems": {}, "netIncome": 247817000, "netIncomeApplicableToCommonShares": 247817000}, {"maxAge": 1, "endDate": "2019-03-31", "totalRevenue": 1837547000, "costOfRevenue": 694257000, "grossProfit": 1143290000, "researchDevelopment": {}, "sellingGeneralAdministrative": 540746000, "nonRecurring": {}, "otherOperatingExpenses": 579753000, "totalOperatingExpenses": 1894659000, "operatingIncome": -57112000, "totalOtherIncomeExpenseNet": -68860000, "ebit": -57112000, "interestExpense": -104067000, "incomeBeforeTax": -125972000, "incomeTaxExpense": -18374000, "minorityInterest": -175000, "netIncomeFromContinuingOps": -107598000, "discontinuedOperations": {}, "extraordinaryItems": {}, "effectOfAccountingCharges": {}, "otherItems": {}, "netIncome": -107416000, "netIncomeApplicableToCommonShares": -107416000}, {"maxAge": 1, "endDate": "2018-03-31", "totalRevenue": 2095033000, "costOfRevenue": 727745000, "grossProfit": 1367288000, "researchDevelopment": {}, "sellingGeneralAdministrative": 545963000, "nonRecurring": {}, "otherOperatingExpenses": 570394000, "totalOperatingExpenses": 1918253000, "operatingIncome": 176780000, "totalOtherIncomeExpenseNet": -63478000, "ebit": 176780000, "interestExpense": -104274000, "incomeBeforeTax": 113302000, "incomeTaxExpense": 1018000, "minorityInterest": -630000, "netIncomeFromContinuingOps": 112284000, "discontinuedOperations": {}, "extraordinaryItems": {}, "effectOfAccountingCharges": {}, "otherItems": {}, "netIncome": 112913000, "netIncomeApplicableToCommonShares": 112913000}, {"maxAge": 1, "endDate": "2017-03-31", "totalRevenue": 2166592000, "costOfRevenue": 719139000, "grossProfit": 1447453000, "researchDevelopment": {}, "sellingGeneralAdministrative": 486849000, "nonRecurring": {}, "otherOperatingExpenses": 634054000, "totalOperatingExpenses": 1909956000, "operatingIncome": 256636000, "totalOtherIncomeExpenseNet": -81000000, "ebit": 256636000, "interestExpense": -105769000, "incomeBeforeTax": 175636000, "incomeTaxExpense": 16044000, "minorityInterest": -630000, "netIncomeFromContinuingOps": 159592000, "discontinuedOperations": {}, "extraordinaryItems": {}, "effectOfAccountingCharges": {}, "otherItems": {}, "netIncome": 159592000, "netIncomeApplicableToCommonShares": 159592000}], "maxAge": 86400}, "fundOwnership": {"maxAge": 1, "ownershipList": []}, "summaryDetail": {"maxAge": 1, "priceHint": 2, "previousClose": 351.3, "open": 346.1, "dayLow": 346.1, "dayHigh": 389.45, "regularMarketPreviousClose": 351.3, "regularMarketOpen": 346.1, "regularMarketDayLow": 346.1, "regularMarketDayHigh": 389.45, "trailingPE": 12.468108, "volume": 8002, "regularMarketVolume": 8002, "averageVolume": 2818, "averageVolume10days": 3340, "averageDailyVolume10Day": 3340, "bid": 370.05, "ask": 372.45, "bidSize": 0, "askSize": 0, "marketCap": 3412590336, "fiftyTwoWeekLow": 232.0, "fiftyTwoWeekHigh": 449.9, "fiftyDayAverage": 342.48383, "twoHundredDayAverage": 353.05884, "trailingAnnualDividendRate": 1.75, "trailingAnnualDividendYield": 0.0049814973, "currency": "INR", "fromCurrency": null, "toCurrency": null, "lastMarket": null, "algorithm": null, "tradeable": false}, "sectorTrend": {"maxAge": 1, "symbol": null, "estimates": []}, "incomeStatementHistoryQuarterly": {"incomeStatementHistory": [{"maxAge": 1, "endDate": "2020-06-30", "totalRevenue": 484884000, "costOfRevenue": 169199000, "grossProfit": 315685000, "researchDevelopment": {}, "sellingGeneralAdministrative": 101619000, "nonRecurring": {}, "otherOperatingExpenses": 91114000, "totalOperatingExpenses": 382314000, "operatingIncome": 102570000, "totalOtherIncomeExpenseNet": -5231000, "ebit": 102570000, "interestExpense": -29948000, "incomeBeforeTax": 97339000, "incomeTaxExpense": 19811000, "minorityInterest": {}, "netIncomeFromContinuingOps": 77528000, "discontinuedOperations": {}, "extraordinaryItems": {}, "effectOfAccountingCharges": {}, "otherItems": {}, "netIncome": 77528000, "netIncomeApplicableToCommonShares": 77528000}, {"maxAge": 1, "endDate": "2020-03-31", "totalRevenue": 461542000, "costOfRevenue": 95417000, "grossProfit": 366125000, "researchDevelopment": {}, "sellingGeneralAdministrative": 158381000, "nonRecurring": {}, "otherOperatingExpenses": 73883000, "totalOperatingExpenses": 348413000, "operatingIncome": 113129000, "totalOtherIncomeExpenseNet": -9414000, "ebit": 113129000, "interestExpense": -16008000, "incomeBeforeTax": 103715000, "incomeTaxExpense": 30954000, "minorityInterest": -5000, "netIncomeFromContinuingOps": 72761000, "discontinuedOperations": {}, "extraordinaryItems": {}, "effectOfAccountingCharges": {}, "otherItems": {}, "netIncome": 72762000, "netIncomeApplicableToCommonShares": 72762000}, {"maxAge": 1, "endDate": "2019-12-31", "totalRevenue": 537774000, "costOfRevenue": 185262000, "grossProfit": 352512000, "researchDevelopment": {}, "sellingGeneralAdministrative": 111264000, "nonRecurring": {}, "otherOperatingExpenses": 147932000, "totalOperatingExpenses": 465162000, "operatingIncome": 72612000, "totalOtherIncomeExpenseNet": 30957000, "ebit": 72612000, "interestExpense": -29561000, "incomeBeforeTax": 103569000, "incomeTaxExpense": -3117000, "minorityInterest": -5000, "netIncomeFromContinuingOps": 106686000, "discontinuedOperations": {}, "extraordinaryItems": {}, "effectOfAccountingCharges": {}, "otherItems": {}, "netIncome": 106686000, "netIncomeApplicableToCommonShares": 106686000}, {"maxAge": 1, "endDate": "2019-09-30", "totalRevenue": 503230000, "costOfRevenue": 186904000, "grossProfit": 316326000, "researchDevelopment": {}, "sellingGeneralAdministrative": 112779000, "nonRecurring": {}, "otherOperatingExpenses": 149234000, "totalOperatingExpenses": 469543000, "operatingIncome": 33687000, "totalOtherIncomeExpenseNet": -21800000, "ebit": 33687000, "interestExpense": -33049000, "incomeBeforeTax": 11887000, "incomeTaxExpense": -4896000, "minorityInterest": -4000, "netIncomeFromContinuingOps": 16783000, "discontinuedOperations": {}, "extraordinaryItems": {}, "effectOfAccountingCharges": {}, "otherItems": {}, "netIncome": 16783000, "netIncomeApplicableToCommonShares": 16783000}], "maxAge": 86400}, "cashflowStatementHistoryQuarterly": {"cashflowStatements": [{"maxAge": 1, "endDate": "2020-06-30", "netIncome": 77528000, "changeToLiabilities": 0}, {"maxAge": 1, "endDate": "2020-03-31", "netIncome": 72762000, "changeToLiabilities": 0}, {"maxAge": 1, "endDate": "2019-12-31", "netIncome": 106686000, "changeToLiabilities": 0}, {"maxAge": 1, "endDate": "2019-09-30", "netIncome": 16783000, "changeToLiabilities": 0}], "maxAge": 86400}, "insiderHolders": {"holders": [{"maxAge": 1, "name": "Agarwal (Avantika Vijay)", "relation": "UNREPORTED", "url": "", "transactionDescription": "Acquisition", "latestTransDate": "2019-12-04", "positionDirect": 8901, "positionDirectDate": "2019-12-04"}, {"maxAge": 1, "name": "Patel (Dinesh Shantilal)", "relation": "Executive Vice Chairman", "url": "", "transactionDescription": "Other", "latestTransDate": "2019-03-01", "positionDirect": 871953, "positionDirectDate": "2019-03-01"}], "maxAge": 1}, "earnings": {"maxAge": 86400, "earningsChart": {"quarterly": [], "earningsDate": []}, "financialsChart": {"yearly": [{"date": 2017, "revenue": 2166592000, "earnings": 159592000}, {"date": 2018, "revenue": 2095033000, "earnings": 112913000}, {"date": 2019, "revenue": 1837547000, "earnings": -107416000}, {"date": 2020, "revenue": 2015883000, "earnings": 247817000}], "quarterly": [{"date": "3Q2019", "revenue": 503230000, "earnings": 16783000}, {"date": "4Q2019", "revenue": 537774000, "earnings": 106686000}, {"date": "1Q2020", "revenue": 461542000, "earnings": 72762000}, {"date": "2Q2020", "revenue": 484884000, "earnings": 77528000}]}, "financialCurrency": "INR"}, "calendarEvents": {"maxAge": 1, "earnings": {"earningsDate": []}}, "price": {"maxAge": 1, "regularMarketChangePercent": 0.05721607, "regularMarketChange": 20.100006, "regularMarketTime": "2021-04-30 15:29:43", "priceHint": 2, "regularMarketPrice": 371.4, "regularMarketDayHigh": 389.45, "regularMarketDayLow": 346.1, "regularMarketVolume": 8002, "averageDailyVolume10Day": 3340, "averageDailyVolume3Month": 2818, "regularMarketPreviousClose": 351.3, "regularMarketSource": "FREE_REALTIME", "regularMarketOpen": 346.1, "exchange": "BSE", "exchangeName": "BSE", "exchangeDataDelayedBy": 0, "marketState": "CLOSED", "quoteType": "EQUITY", "symbol": "THEMISMED.BO", "underlyingSymbol": null, "shortName": "THEMIS MEDICARE LTD.", "longName": "Themis Medicare Limited", "currency": "INR", "quoteSourceName": "Delayed Quote", "currencySymbol": "\u20b9", "fromCurrency": null, "toCurrency": null, "lastMarket": null, "marketCap": 3412590336}, "balanceSheetHistory": {"balanceSheetStatements": [{"maxAge": 1, "endDate": "2020-03-31", "cash": 33415000, "shortTermInvestments": 33000, "netReceivables": 1032515000, "inventory": 546089000, "otherCurrentAssets": 152957000, "totalCurrentAssets": 1804913000, "longTermInvestments": 357754000, "propertyPlantEquipment": 1224240000, "intangibleAssets": 14256000, "otherAssets": 97971000, "deferredLongTermAssetCharges": 45724000, "totalAssets": 3499134000, "accountsPayable": 296831000, "shortLongTermDebt": 108466000, "otherCurrentLiab": 299228000, "longTermDebt": 117613000, "minorityInterest": -5000, "totalCurrentLiabilities": 1548102000, "totalLiab": 1668894000, "commonStock": 91880000, "retainedEarnings": 1029915000, "treasuryStock": 357993000, "capitalSurplus": 350457000, "otherStockholderEquity": 357993000, "totalStockholderEquity": 1830245000, "netTangibleAssets": 1815989000}, {"maxAge": 1, "endDate": "2019-03-31", "cash": 17547000, "shortTermInvestments": 33000, "netReceivables": 736744000, "inventory": 536349000, "otherCurrentAssets": 172312000, "totalCurrentAssets": 1498631000, "longTermInvestments": 268912000, "propertyPlantEquipment": 1242166000, "intangibleAssets": 16440000, "otherAssets": 114946000, "deferredLongTermAssetCharges": 66374000, "totalAssets": 3141095000, "accountsPayable": 350401000, "shortLongTermDebt": 55336000, "otherCurrentLiab": 337473000, "longTermDebt": 92068000, "minorityInterest": -175000, "totalCurrentLiabilities": 1466858000, "totalLiab": 1560368000, "commonStock": 91809000, "retainedEarnings": 778161000, "treasuryStock": 362764000, "capitalSurplus": 348168000, "otherStockholderEquity": 362764000, "totalStockholderEquity": 1580902000, "netTangibleAssets": 1564462000}, {"maxAge": 1, "endDate": "2018-03-31", "cash": 44934000, "shortTermInvestments": 33000, "netReceivables": 693945000, "inventory": 495753000, "otherCurrentAssets": 159208000, "totalCurrentAssets": 1430355000, "longTermInvestments": 246274000, "propertyPlantEquipment": 1265117000, "intangibleAssets": 18624000, "otherAssets": 92458000, "deferredLongTermAssetCharges": 47786000, "totalAssets": 3052828000, "accountsPayable": 305514000, "shortLongTermDebt": 46630000, "otherCurrentLiab": 244365000, "longTermDebt": 114932000, "otherLiab": 1306000, "minorityInterest": -630000, "totalCurrentLiabilities": 1249428000, "totalLiab": 1364400000, "commonStock": 91809000, "retainedEarnings": 882724000, "treasuryStock": 366357000, "capitalSurplus": 348168000, "otherStockholderEquity": 366357000, "totalStockholderEquity": 1689058000, "netTangibleAssets": 1670434000}, {"maxAge": 1, "endDate": "2017-03-31", "cash": 57819000, "shortTermInvestments": 33000, "netReceivables": 490217000, "inventory": 484408000, "otherCurrentAssets": 164453000, "totalCurrentAssets": 1244035000, "longTermInvestments": 220787000, "propertyPlantEquipment": 1305823000, "intangibleAssets": 20808000, "otherAssets": 98667000, "deferredLongTermAssetCharges": 48013000, "totalAssets": 2890120000, "accountsPayable": 316335000, "shortLongTermDebt": 163239000, "otherCurrentLiab": 211538000, "longTermDebt": 122926000, "totalCurrentLiabilities": 1241739000, "totalLiab": 1365759000, "commonStock": 90394000, "retainedEarnings": 765892000, "treasuryStock": 385131000, "capitalSurplus": 282944000, "otherStockholderEquity": 385131000, "totalStockholderEquity": 1524361000, "netTangibleAssets": 1503553000}], "maxAge": 86400}, "earningsTrend": {"trend": [{"maxAge": 1, "period": "0q", "endDate": null, "growth": {}, "earningsEstimate": {"avg": 0.0, "low": 0.0, "high": 0.0, "yearAgoEps": {}, "numberOfAnalysts": 0, "growth": {}}, "revenueEstimate": {"avg": 0, "low": 0, "high": 0, "numberOfAnalysts": 0, "yearAgoRevenue": {}, "growth": {}}, "epsTrend": {"current": 0.0, "7daysAgo": 0.0, "30daysAgo": 0.0, "60daysAgo": 0.0, "90daysAgo": 0.0}, "epsRevisions": {"upLast7days": 0, "upLast30days": 0, "downLast30days": 0, "downLast90days": {}}}, {"maxAge": 1, "period": "+1q", "endDate": null, "growth": {}, "earningsEstimate": {"avg": 0.0, "low": 0.0, "high": 0.0, "yearAgoEps": {}, "numberOfAnalysts": 0, "growth": {}}, "revenueEstimate": {"avg": 0, "low": 0, "high": 0, "numberOfAnalysts": 0, "yearAgoRevenue": {}, "growth": {}}, "epsTrend": {"current": 0.0, "7daysAgo": 0.0, "30daysAgo": 0.0, "60daysAgo": 0.0, "90daysAgo": 0.0}, "epsRevisions": {"upLast7days": 0, "upLast30days": 0, "downLast30days": 0, "downLast90days": {}}}, {"maxAge": 1, "period": "0y", "endDate": null, "growth": {}, "earningsEstimate": {"avg": 0.0, "low": 0.0, "high": 0.0, "yearAgoEps": {}, "numberOfAnalysts": 0, "growth": {}}, "revenueEstimate": {"avg": 0, "low": 0, "high": 0, "numberOfAnalysts": 0, "yearAgoRevenue": {}, "growth": {}}, "epsTrend": {"current": 0.0, "7daysAgo": 0.0, "30daysAgo": 0.0, "60daysAgo": 0.0, "90daysAgo": 0.0}, "epsRevisions": {"upLast7days": 0, "upLast30days": 0, "downLast30days": 0, "downLast90days": {}}}, {"maxAge": 1, "period": "+1y", "endDate": null, "growth": {}, "earningsEstimate": {"avg": 0.0, "low": 0.0, "high": 0.0, "yearAgoEps": {}, "numberOfAnalysts": 0, "growth": {}}, "revenueEstimate": {"avg": 0, "low": 0, "high": 0, "numberOfAnalysts": 0, "yearAgoRevenue": {}, "growth": {}}, "epsTrend": {"current": 0.0, "7daysAgo": 0.0, "30daysAgo": 0.0, "60daysAgo": 0.0, "90daysAgo": 0.0}, "epsRevisions": {"upLast7days": 0, "upLast30days": 0, "downLast30days": 0, "downLast90days": {}}}, {"maxAge": 1, "period": "+5y", "endDate": null, "growth": {}, "earningsEstimate": {"avg": {}, "low": {}, "high": {}, "yearAgoEps": {}, "numberOfAnalysts": {}, "growth": {}}, "revenueEstimate": {"avg": {}, "low": {}, "high": {}, "numberOfAnalysts": {}, "yearAgoRevenue": {}, "growth": {}}, "epsTrend": {"current": {}, "7daysAgo": {}, "30daysAgo": {}, "60daysAgo": {}, "90daysAgo": {}}, "epsRevisions": {"upLast7days": {}, "upLast30days": {}, "downLast30days": {}, "downLast90days": {}}}, {"maxAge": 1, "period": "-5y", "endDate": null, "growth": {}, "earningsEstimate": {"avg": {}, "low": {}, "high": {}, "yearAgoEps": {}, "numberOfAnalysts": {}, "growth": {}}, "revenueEstimate": {"avg": {}, "low": {}, "high": {}, "numberOfAnalysts": {}, "yearAgoRevenue": {}, "growth": {}}, "epsTrend": {"current": {}, "7daysAgo": {}, "30daysAgo": {}, "60daysAgo": {}, "90daysAgo": {}}, "epsRevisions": {"upLast7days": {}, "upLast30days": {}, "downLast30days": {}, "downLast90days": {}}}], "maxAge": 1}, "financialData": {"maxAge": 86400, "currentPrice": 371.4, "recommendationKey": "none", "grossProfits": 1370463000, "financialCurrency": "INR"}}}