{"THERMAX.BO": {"recommendationTrend": {"trend": [{"period": "0m", "strongBuy": 0, "buy": 0, "hold": 0, "sell": 0, "strongSell": 0}, {"period": "-1m", "strongBuy": 0, "buy": 0, "hold": 0, "sell": 0, "strongSell": 0}, {"period": "-2m", "strongBuy": 0, "buy": 0, "hold": 0, "sell": 0, "strongSell": 0}, {"period": "-3m", "strongBuy": 0, "buy": 0, "hold": 0, "sell": 0, "strongSell": 0}], "maxAge": 86400}, "cashflowStatementHistory": {"cashflowStatements": [{"maxAge": 1, "endDate": "2020-03-31", "netIncome": 2124500000, "depreciation": 1122400000, "changeToNetincome": -263100000, "changeToAccountReceivables": -445600000, "changeToLiabilities": -3983300000, "changeToInventory": 540600000, "changeToOperatingActivities": 4106600000, "totalCashFromOperatingActivities": 3255800000, "capitalExpenditures": -480000000, "investments": -1443400000, "otherCashflowsFromInvestingActivities": 238300000, "totalCashflowsFromInvestingActivities": -1685100000, "dividendsPaid": -1576600000, "netBorrowings": -338700000, "otherCashflowsFromFinancingActivities": -409200000, "totalCashFromFinancingActivities": -2324500000, "effectOfExchangeRate": 114400000, "changeInCash": -468900000}, {"maxAge": 1, "endDate": "2019-03-31", "netIncome": 3254300000, "depreciation": 906200000, "changeToNetincome": -889800000, "changeToAccountReceivables": -1302800000, "changeToLiabilities": 3293200000, "changeToInventory": -1401300000, "changeToOperatingActivities": -5074200000, "totalCashFromOperatingActivities": -1154200000, "capitalExpenditures": -1546500000, "investments": 4001700000, "otherCashflowsFromInvestingActivities": 200000000, "totalCashflowsFromInvestingActivities": 2655200000, "dividendsPaid": -674000000, "netBorrowings": 256200000, "otherCashflowsFromFinancingActivities": -235900000, "totalCashFromFinancingActivities": -653700000, "effectOfExchangeRate": 4600000, "changeInCash": 851900000}, {"maxAge": 1, "endDate": "2018-03-31", "netIncome": 2321100000, "depreciation": 844500000, "changeToNetincome": -614600000, "changeToAccountReceivables": -1976000000, "changeToLiabilities": 63200000, "changeToInventory": -833700000, "changeToOperatingActivities": 5494900000, "totalCashFromOperatingActivities": 5335900000, "capitalExpenditures": -2003500000, "investments": -3432700000, "otherCashflowsFromInvestingActivities": 125300000, "totalCashflowsFromInvestingActivities": -5310900000, "dividendsPaid": -678400000, "netBorrowings": 692700000, "otherCashflowsFromFinancingActivities": -217500000, "totalCashFromFinancingActivities": -203200000, "effectOfExchangeRate": 245400000, "changeInCash": 67200000}, {"maxAge": 1, "endDate": "2017-03-31", "netIncome": 2230100000, "depreciation": 805000000, "changeToNetincome": 536900000, "changeToAccountReceivables": 1923700000, "changeToLiabilities": 490400000, "changeToInventory": 70700000, "changeToOperatingActivities": -2751700000, "totalCashFromOperatingActivities": 3345800000, "capitalExpenditures": -1188100000, "investments": 173300000, "otherCashflowsFromInvestingActivities": 265000000, "totalCashflowsFromInvestingActivities": -749800000, "dividendsPaid": -677900000, "netBorrowings": -362500000, "otherCashflowsFromFinancingActivities": -215400000, "totalCashFromFinancingActivities": -1255800000, "effectOfExchangeRate": -243500000, "changeInCash": 1096700000}], "maxAge": 86400}, "institutionOwnership": {"maxAge": 1, "ownershipList": [{"maxAge": 1, "reportDate": "2020-06-30", "organization": "Stanley-Laman Group, Ltd.", "pctHeld": 0.0007, "position": 88707, "value": 66911690}]}, "balanceSheetHistoryQuarterly": {"balanceSheetStatements": [{"maxAge": 1, "endDate": "2020-06-30", "totalStockholderEquity": 30279000000, "netTangibleAssets": 29689400000}, {"maxAge": 1, "endDate": "2020-03-31", "cash": 2540400000, "shortTermInvestments": 2260800000, "netReceivables": 18266300000, "inventory": 4545600000, "otherCurrentAssets": 3822700000, "totalCurrentAssets": 39772800000, "longTermInvestments": 980100000, "propertyPlantEquipment": 12800200000, "goodWill": 353100000, "intangibleAssets": 236500000, "otherAssets": 5416200000, "deferredLongTermAssetCharges": 1553600000, "totalAssets": 59558900000, "accountsPayable": 9602400000, "shortLongTermDebt": 187500000, "otherCurrentLiab": 14355000000, "longTermDebt": 333900000, "otherLiab": 980800000, "totalCurrentLiabilities": 27868400000, "totalLiab": 29279900000, "commonStock": 238300000, "retainedEarnings": 27667300000, "treasuryStock": 1800600000, "capitalSurplus": 572800000, "otherStockholderEquity": 1813700000, "totalStockholderEquity": 30279000000, "netTangibleAssets": 29689400000}, {"maxAge": 1, "endDate": "2019-12-31", "totalStockholderEquity": 29976300000, "netTangibleAssets": 29433300000}, {"maxAge": 1, "endDate": "2019-09-30", "cash": 3636600000, "shortTermInvestments": 16223400000, "netReceivables": 14671700000, "inventory": 4895400000, "otherCurrentAssets": 3575100000, "totalCurrentAssets": 43002200000, "longTermInvestments": 971400000, "propertyPlantEquipment": 13092400000, "goodWill": 329400000, "intangibleAssets": 213600000, "otherAssets": 5699000000, "deferredLongTermAssetCharges": 1658000000, "totalAssets": 63308000000, "accountsPayable": 11537100000, "otherCurrentLiab": 19199600000, "longTermDebt": 322000000, "otherLiab": 933500000, "totalCurrentLiabilities": 32076200000, "totalLiab": 33331700000, "commonStock": 225200000, "treasuryStock": 29751100000, "otherStockholderEquity": 29751100000, "totalStockholderEquity": 29976300000, "netTangibleAssets": 29433300000}], "maxAge": 86400}, "earningsHistory": {"history": [{"maxAge": 1, "epsActual": 2.72, "epsEstimate": 4.9, "epsDifference": -2.18, "surprisePercent": -0.445, "quarter": "2017-06-30", "period": "-4q"}, {"maxAge": 1, "epsActual": 4.77, "epsEstimate": 5.15, "epsDifference": -0.38, "surprisePercent": -0.074, "quarter": "2017-09-30", "period": "-3q"}, {"maxAge": 1, "epsActual": 5.31, "epsEstimate": 4.9, "epsDifference": 0.41, "surprisePercent": 0.084, "quarter": "2017-12-31", "period": "-2q"}, {"maxAge": 1, "epsActual": 9.29, "epsEstimate": 10.3, "epsDifference": -1.01, "surprisePercent": -0.098000005, "quarter": "2018-03-31", "period": "-1q"}], "maxAge": 86400}, "indexTrend": {"maxAge": 1, "symbol": "SP5", "peRatio": 19.7411, "pegRatio": 1.34172, "estimates": [{"period": "0q", "growth": 0.549}, {"period": "+1q", "growth": 0.431}, {"period": "0y", "growth": 0.305}, {"period": "+1y", "growth": 0.109}, {"period": "+5y", "growth": 0.120865}, {"period": "-5y"}]}, "industryTrend": {"maxAge": 1, "symbol": null, "estimates": []}, "insiderTransactions": {"transactions": [{"maxAge": 1, "shares": 990740, "filerUrl": "", "transactionText": "", "filerName": "Nalanda India Equity Fund Ltd.", "filerRelation": "Promoter", "moneyText": "", "startDate": "2020-04-29", "ownership": "D"}, {"maxAge": 1, "shares": 35512, "filerUrl": "", "transactionText": "", "filerName": "Gagrat (Binaifer)", "filerRelation": "UNREPORTED", "moneyText": "", "startDate": "2019-06-26", "ownership": "D"}], "maxAge": 1}, "quoteType": {"exchange": "BSE", "quoteType": "EQUITY", "symbol": "THERMAX.BO", "underlyingSymbol": "THERMAX.BO", "shortName": "THERMAX LTD.", "longName": "Thermax Limited", "firstTradeDateEpochUtc": "2002-07-01 09:15:00", "timeZoneFullName": "Asia/Kolkata", "timeZoneShortName": "IST", "uuid": "9f08106d-65e8-3573-a621-2cf5fea3b795", "messageBoardId": null, "gmtOffSetMilliseconds": 19800000, "maxAge": 1}, "incomeStatementHistory": {"incomeStatementHistory": [{"maxAge": 1, "endDate": "2020-03-31", "totalRevenue": 57313100000, "costOfRevenue": 30856900000, "grossProfit": 26456200000, "researchDevelopment": {}, "sellingGeneralAdministrative": 8015000000, "nonRecurring": {}, "otherOperatingExpenses": 14423600000, "totalOperatingExpenses": 54461800000, "operatingIncome": 2851300000, "totalOtherIncomeExpenseNet": 894000000, "ebit": 2851300000, "interestExpense": -86100000, "incomeBeforeTax": 3745300000, "incomeTaxExpense": 1620800000, "minorityInterest": {}, "netIncomeFromContinuingOps": 2124500000, "discontinuedOperations": {}, "extraordinaryItems": {}, "effectOfAccountingCharges": {}, "otherItems": {}, "netIncome": 2124500000, "netIncomeApplicableToCommonShares": 2124500000}, {"maxAge": 1, "endDate": "2019-03-31", "totalRevenue": 59731700000, "costOfRevenue": 33366600000, "grossProfit": 26365100000, "researchDevelopment": {}, "sellingGeneralAdministrative": 8011400000, "nonRecurring": {}, "otherOperatingExpenses": 13766400000, "totalOperatingExpenses": 56053600000, "operatingIncome": 3678100000, "totalOtherIncomeExpenseNet": 425600000, "ebit": 3678100000, "interestExpense": -97000000, "incomeBeforeTax": 4103700000, "incomeTaxExpense": 849400000, "minorityInterest": {}, "netIncomeFromContinuingOps": 3254300000, "discontinuedOperations": {}, "extraordinaryItems": {}, "effectOfAccountingCharges": {}, "otherItems": {}, "netIncome": 3254300000, "netIncomeApplicableToCommonShares": 3254300000}, {"maxAge": 1, "endDate": "2018-03-31", "totalRevenue": 44648800000, "costOfRevenue": 23493400000, "grossProfit": 21155400000, "researchDevelopment": {}, "sellingGeneralAdministrative": 7030800000, "nonRecurring": {}, "otherOperatingExpenses": 10088200000, "totalOperatingExpenses": 41410100000, "operatingIncome": 3238700000, "totalOtherIncomeExpenseNet": 729800000, "ebit": 3238700000, "interestExpense": -71900000, "incomeBeforeTax": 3968500000, "incomeTaxExpense": 1657500000, "minorityInterest": {}, "netIncomeFromContinuingOps": 2311000000, "discontinuedOperations": {}, "extraordinaryItems": {}, "effectOfAccountingCharges": {}, "otherItems": {}, "netIncome": 2321100000, "netIncomeApplicableToCommonShares": 2321100000}, {"maxAge": 1, "endDate": "2017-03-31", "totalRevenue": 44830800000, "costOfRevenue": 22641500000, "grossProfit": 22189300000, "researchDevelopment": {}, "sellingGeneralAdministrative": 7090700000, "nonRecurring": {}, "otherOperatingExpenses": 10757300000, "totalOperatingExpenses": 41301200000, "operatingIncome": 3529600000, "totalOtherIncomeExpenseNet": 191700000, "ebit": 3529600000, "interestExpense": -70400000, "incomeBeforeTax": 3721300000, "incomeTaxExpense": 1559900000, "minorityInterest": 13900000, "netIncomeFromContinuingOps": 2161400000, "discontinuedOperations": {}, "extraordinaryItems": {}, "effectOfAccountingCharges": {}, "otherItems": {}, "netIncome": 2230100000, "netIncomeApplicableToCommonShares": 2230100000}], "maxAge": 86400}, "fundOwnership": {"maxAge": 1, "ownershipList": [{"maxAge": 1, "reportDate": "2020-07-31", "organization": "Vanguard International Stock Index-Total Intl Stock Indx", "pctHeld": 0.0034999999, "position": 422550, "value": 314313817}, {"maxAge": 1, "reportDate": "2020-07-31", "organization": "Vanguard International Stock Index-Emerging Markets Stk", "pctHeld": 0.0029, "position": 350396, "value": 260642064}, {"maxAge": 1, "reportDate": "2020-07-31", "organization": "iShares Core MSCI Emerging Markets ETF", "pctHeld": 0.0019, "position": 232051, "value": 172611136}, {"maxAge": 1, "reportDate": "2020-07-31", "organization": "DFA Emerging Markets Small Cap Series", "pctHeld": 0.0015, "position": 184591, "value": 137308015}, {"maxAge": 1, "reportDate": "2020-07-31", "organization": "DFA Emerging Markets Core Equity Portfolio", "pctHeld": 0.0013, "position": 152296, "value": 113285379}, {"maxAge": 1, "reportDate": "2020-07-31", "organization": "Vanguard Intl Equity Index Fds-FTSE All World ex U.S.Small Cap Index", "pctHeld": 0.00059999997, "position": 75910, "value": 56465653}, {"maxAge": 1, "reportDate": "2020-08-31", "organization": "iShares MSCI India Small Cap ETF", "pctHeld": 0.0005, "position": 63504, "value": 48555158}, {"maxAge": 1, "reportDate": "2020-08-31", "organization": "SPDR (R) Idx Shares-SPDR (R) Emerging Markets Small Cap ETF", "pctHeld": 0.0004, "position": 52235, "value": 39938881}, {"maxAge": 1, "reportDate": "2020-08-31", "organization": "WisdomTree Tr-WisdomTree India Earnings Fd", "pctHeld": 0.0001, "position": 13845, "value": 10585887}, {"maxAge": 1, "reportDate": "2020-07-31", "organization": "Vanguard Intl Equity Index - Total World Stock Index Fd", "pctHeld": 0.0001, "position": 9916, "value": 7376016}]}, "summaryDetail": {"maxAge": 1, "priceHint": 2, "previousClose": 1495.9, "open": 1500.0, "dayLow": 1473.8, "dayHigh": 1508.0, "regularMarketPreviousClose": 1495.9, "regularMarketOpen": 1500.0, "regularMarketDayLow": 1473.8, "regularMarketDayHigh": 1508.0, "trailingPE": 123.824066, "forwardPE": 39.90963, "volume": 1804, "regularMarketVolume": 1804, "averageVolume": 6457, "averageVolume10days": 9593, "averageDailyVolume10Day": 9593, "bid": 1476.0, "ask": 1490.0, "bidSize": 0, "askSize": 0, "marketCap": 176464347136, "fiftyTwoWeekLow": 644.0, "fiftyTwoWeekHigh": 1508.0, "fiftyDayAverage": 1005.4765, "twoHundredDayAverage": 845.2015, "trailingAnnualDividendRate": 7.0, "trailingAnnualDividendYield": 0.0046794573, "currency": "INR", "fromCurrency": null, "toCurrency": null, "lastMarket": null, "algorithm": null, "tradeable": false}, "sectorTrend": {"maxAge": 1, "symbol": null, "estimates": []}, "incomeStatementHistoryQuarterly": {"incomeStatementHistory": [{"maxAge": 1, "endDate": "2020-06-30", "totalRevenue": 6649400000, "costOfRevenue": 3342600000, "grossProfit": 3306800000, "researchDevelopment": {}, "sellingGeneralAdministrative": 1824100000, "nonRecurring": {}, "otherOperatingExpenses": 1596600000, "totalOperatingExpenses": 7043500000, "operatingIncome": -394100000, "totalOtherIncomeExpenseNet": 169200000, "ebit": -394100000, "interestExpense": -40000000, "incomeBeforeTax": -224900000, "incomeTaxExpense": -72200000, "minorityInterest": {}, "netIncomeFromContinuingOps": -152700000, "discontinuedOperations": {}, "extraordinaryItems": {}, "effectOfAccountingCharges": {}, "otherItems": {}, "netIncome": -152700000, "netIncomeApplicableToCommonShares": -152700000}, {"maxAge": 1, "endDate": "2020-03-31", "totalRevenue": 13229600000, "costOfRevenue": 6733400000, "grossProfit": 6496200000, "researchDevelopment": {}, "sellingGeneralAdministrative": 1996700000, "nonRecurring": {}, "otherOperatingExpenses": 3908000000, "totalOperatingExpenses": 12945800000, "operatingIncome": 283800000, "totalOtherIncomeExpenseNet": 302200000, "ebit": 283800000, "interestExpense": -40000000, "incomeBeforeTax": 586000000, "incomeTaxExpense": 195700000, "minorityInterest": {}, "netIncomeFromContinuingOps": 390300000, "discontinuedOperations": {}, "extraordinaryItems": {}, "effectOfAccountingCharges": {}, "otherItems": {}, "netIncome": 390300000, "netIncomeApplicableToCommonShares": 390300000}, {"maxAge": 1, "endDate": "2019-12-31", "totalRevenue": 14100500000, "costOfRevenue": 7846900000, "grossProfit": 6253600000, "researchDevelopment": {}, "sellingGeneralAdministrative": 1999200000, "nonRecurring": {}, "otherOperatingExpenses": 3122500000, "totalOperatingExpenses": 13284300000, "operatingIncome": 816200000, "totalOtherIncomeExpenseNet": 238200000, "ebit": 816200000, "interestExpense": -19300000, "incomeBeforeTax": 1054400000, "incomeTaxExpense": 204800000, "minorityInterest": {}, "netIncomeFromContinuingOps": 849600000, "discontinuedOperations": {}, "extraordinaryItems": {}, "effectOfAccountingCharges": {}, "otherItems": {}, "netIncome": 849600000, "netIncomeApplicableToCommonShares": 849600000}, {"maxAge": 1, "endDate": "2019-09-30", "totalRevenue": 16058500000, "costOfRevenue": 8746600000, "grossProfit": 7311900000, "researchDevelopment": {}, "sellingGeneralAdministrative": 2072100000, "nonRecurring": {}, "otherOperatingExpenses": 3936500000, "totalOperatingExpenses": 15035700000, "operatingIncome": 1022800000, "totalOtherIncomeExpenseNet": 181600000, "ebit": 1022800000, "interestExpense": -38300000, "incomeBeforeTax": 1204400000, "incomeTaxExpense": 947400000, "minorityInterest": {}, "netIncomeFromContinuingOps": 257000000, "discontinuedOperations": {}, "extraordinaryItems": {}, "effectOfAccountingCharges": {}, "otherItems": {}, "netIncome": 257000000, "netIncomeApplicableToCommonShares": 257000000}], "maxAge": 86400}, "cashflowStatementHistoryQuarterly": {"cashflowStatements": [{"maxAge": 1, "endDate": "2020-06-30", "netIncome": -152700000, "changeToLiabilities": 0}, {"maxAge": 1, "endDate": "2020-03-31", "netIncome": 390300000, "changeToLiabilities": 0}, {"maxAge": 1, "endDate": "2019-12-31", "netIncome": 849600000, "changeToLiabilities": 0}, {"maxAge": 1, "endDate": "2019-09-30", "netIncome": 257000000, "changeToLiabilities": 0}], "maxAge": 86400}, "insiderHolders": {"holders": [{"maxAge": 1, "name": "Gagrat (Binaifer)", "relation": "UNREPORTED", "url": "", "transactionDescription": "Gift", "latestTransDate": "2019-06-26", "positionDirect": 129762, "positionDirectDate": "2019-06-26"}, {"maxAge": 1, "name": "Nalanda India Equity Fund Ltd.", "relation": "Promoter", "url": "", "transactionDescription": "Other", "latestTransDate": "2020-04-29", "positionDirect": 6486124, "positionDirectDate": "2020-04-29"}], "maxAge": 1}, "earnings": {"maxAge": 86400, "earningsChart": {"quarterly": [{"date": "2Q2017", "actual": 2.72, "estimate": 4.9}, {"date": "3Q2017", "actual": 4.77, "estimate": 5.15}, {"date": "4Q2017", "actual": 5.31, "estimate": 4.9}, {"date": "1Q2018", "actual": 9.29, "estimate": 10.3}], "currentQuarterEstimate": 6.15, "currentQuarterEstimateDate": "2Q", "currentQuarterEstimateYear": 2018, "earningsDate": []}, "financialsChart": {"yearly": [{"date": 2017, "revenue": 44830800000, "earnings": 2230100000}, {"date": 2018, "revenue": 44648800000, "earnings": 2321100000}, {"date": 2019, "revenue": 59731700000, "earnings": 3254300000}, {"date": 2020, "revenue": 57313100000, "earnings": 2124500000}], "quarterly": [{"date": "3Q2019", "revenue": 16058500000, "earnings": 257000000}, {"date": "4Q2019", "revenue": 14100500000, "earnings": 849600000}, {"date": "1Q2020", "revenue": 13229600000, "earnings": 390300000}, {"date": "2Q2020", "revenue": 6649400000, "earnings": -152700000}]}, "financialCurrency": "INR"}, "calendarEvents": {"maxAge": 1, "earnings": {"earningsDate": [], "earningsAverage": 6.15, "earningsLow": 5.15, "earningsHigh": 7.15, "revenueAverage": 10783300000, "revenueLow": 10783300000, "revenueHigh": 10783300000}}, "price": {"maxAge": 1, "regularMarketChangePercent": -0.010996773, "regularMarketChange": -16.450073, "regularMarketTime": "2021-04-30 15:27:54", "priceHint": 2, "regularMarketPrice": 1479.45, "regularMarketDayHigh": 1508.0, "regularMarketDayLow": 1473.8, "regularMarketVolume": 1804, "averageDailyVolume10Day": 9593, "averageDailyVolume3Month": 6457, "regularMarketPreviousClose": 1495.9, "regularMarketSource": "FREE_REALTIME", "regularMarketOpen": 1500.0, "exchange": "BSE", "exchangeName": "BSE", "exchangeDataDelayedBy": 0, "marketState": "CLOSED", "quoteType": "EQUITY", "symbol": "THERMAX.BO", "underlyingSymbol": null, "shortName": "THERMAX LTD.", "longName": "Thermax Limited", "currency": "INR", "quoteSourceName": "Delayed Quote", "currencySymbol": "\u20b9", "fromCurrency": null, "toCurrency": null, "lastMarket": null, "marketCap": 176464347136}, "balanceSheetHistory": {"balanceSheetStatements": [{"maxAge": 1, "endDate": "2020-03-31", "cash": 2540400000, "shortTermInvestments": 2260800000, "netReceivables": 18266300000, "inventory": 4545600000, "otherCurrentAssets": 3822700000, "totalCurrentAssets": 39772800000, "longTermInvestments": 980100000, "propertyPlantEquipment": 12800200000, "goodWill": 353100000, "intangibleAssets": 236500000, "otherAssets": 5416200000, "deferredLongTermAssetCharges": 1553600000, "totalAssets": 59558900000, "accountsPayable": 9602400000, "shortLongTermDebt": 187500000, "otherCurrentLiab": 14355000000, "longTermDebt": 333900000, "otherLiab": 980800000, "totalCurrentLiabilities": 27868400000, "totalLiab": 29279900000, "commonStock": 238300000, "retainedEarnings": 27667300000, "treasuryStock": 1800600000, "capitalSurplus": 572800000, "otherStockholderEquity": 1813700000, "totalStockholderEquity": 30279000000, "netTangibleAssets": 29689400000}, {"maxAge": 1, "endDate": "2019-03-31", "cash": 3082300000, "shortTermInvestments": 598500000, "netReceivables": 25701400000, "inventory": 5086200000, "otherCurrentAssets": 5042300000, "totalCurrentAssets": 47371200000, "longTermInvestments": 1085800000, "propertyPlantEquipment": 12951000000, "goodWill": 330700000, "intangibleAssets": 238100000, "otherAssets": 6022600000, "deferredLongTermAssetCharges": 2219200000, "totalAssets": 67999400000, "accountsPayable": 13706500000, "shortLongTermDebt": 190700000, "otherCurrentLiab": 18997200000, "longTermDebt": 312800000, "otherLiab": 967700000, "totalCurrentLiabilities": 36538100000, "totalLiab": 37856500000, "commonStock": 238300000, "retainedEarnings": 27663900000, "treasuryStock": 1667900000, "capitalSurplus": 572800000, "otherStockholderEquity": 1681000000, "totalStockholderEquity": 30142900000, "netTangibleAssets": 29574100000}, {"maxAge": 1, "endDate": "2018-03-31", "cash": 2463500000, "shortTermInvestments": 468300000, "netReceivables": 18654600000, "inventory": 3666200000, "otherCurrentAssets": 3508800000, "totalCurrentAssets": 41015600000, "longTermInvestments": 2546500000, "propertyPlantEquipment": 9240900000, "goodWill": 1221600000, "intangibleAssets": 298000000, "otherAssets": 5127700000, "deferredLongTermAssetCharges": 1081800000, "totalAssets": 59450300000, "accountsPayable": 10386000000, "shortLongTermDebt": 161500000, "otherCurrentLiab": 16591300000, "longTermDebt": 519200000, "otherLiab": 985400000, "totalCurrentLiabilities": 30787400000, "totalLiab": 32302900000, "commonStock": 238300000, "retainedEarnings": 25225600000, "treasuryStock": 1110700000, "capitalSurplus": 572800000, "otherStockholderEquity": 1123800000, "totalStockholderEquity": 27147400000, "netTangibleAssets": 25627800000}, {"maxAge": 1, "endDate": "2017-03-31", "cash": 1730100000, "shortTermInvestments": 479600000, "netReceivables": 16798900000, "inventory": 2832500000, "otherCurrentAssets": 3075600000, "totalCurrentAssets": 32973600000, "longTermInvestments": 2839700000, "propertyPlantEquipment": 8066400000, "goodWill": 1057400000, "intangibleAssets": 396500000, "otherAssets": 5271100000, "deferredLongTermAssetCharges": 1153400000, "totalAssets": 50604700000, "accountsPayable": 10041900000, "shortLongTermDebt": 41600000, "otherCurrentLiab": 11092000000, "longTermDebt": 451500000, "otherLiab": 1102100000, "minorityInterest": 13900000, "totalCurrentLiabilities": 23652300000, "totalLiab": 25214600000, "commonStock": 238300000, "retainedEarnings": 23689800000, "treasuryStock": 875300000, "capitalSurplus": 572800000, "otherStockholderEquity": 888400000, "totalStockholderEquity": 25376200000, "netTangibleAssets": 23922300000}], "maxAge": 86400}, "earningsTrend": {"trend": [{"maxAge": 1, "period": "0q", "endDate": "2018-06-30", "growth": 1.261, "earningsEstimate": {"avg": 6.15, "low": 5.15, "high": 7.15, "yearAgoEps": 2.72, "numberOfAnalysts": 2, "growth": 1.261}, "revenueEstimate": {"avg": 10783300000, "low": 10783300000, "high": 10783300000, "numberOfAnalysts": 1, "yearAgoRevenue": 7133800000, "growth": 0.512}, "epsTrend": {"current": 6.15, "7daysAgo": 6.15, "30daysAgo": 7.15, "60daysAgo": 6.57, "90daysAgo": 0.0}, "epsRevisions": {"upLast7days": 0, "upLast30days": 0, "downLast30days": 0, "downLast90days": {}}}, {"maxAge": 1, "period": "+1q", "endDate": "2018-09-30", "growth": 0.551, "earningsEstimate": {"avg": 7.4, "low": 7.15, "high": 7.64, "yearAgoEps": 4.77, "numberOfAnalysts": 2, "growth": 0.551}, "revenueEstimate": {"avg": 11528600000, "low": 11528600000, "high": 11528600000, "numberOfAnalysts": 1, "yearAgoRevenue": 8638700000, "growth": 0.335}, "epsTrend": {"current": 7.4, "7daysAgo": 7.4, "30daysAgo": 7.64, "60daysAgo": 7.02, "90daysAgo": 0.0}, "epsRevisions": {"upLast7days": 0, "upLast30days": 0, "downLast30days": 0, "downLast90days": {}}}, {"maxAge": 1, "period": "0y", "endDate": "2019-03-31", "growth": 0.336, "earningsEstimate": {"avg": 29.51, "low": 27.0, "high": 31.76, "yearAgoEps": 22.09, "numberOfAnalysts": 4, "growth": 0.336}, "revenueEstimate": {"avg": 50358100000, "low": 45210000000, "high": 56201000000, "numberOfAnalysts": 4, "yearAgoRevenue": 38678700000, "growth": 0.30200002}, "epsTrend": {"current": 29.51, "7daysAgo": 29.51, "30daysAgo": 29.51, "60daysAgo": 31.35, "90daysAgo": 30.9}, "epsRevisions": {"upLast7days": 0, "upLast30days": 0, "downLast30days": 0, "downLast90days": {}}}, {"maxAge": 1, "period": "+1y", "endDate": "2020-03-31", "growth": 0.256, "earningsEstimate": {"avg": 37.07, "low": 31.0, "high": 41.9, "yearAgoEps": 29.51, "numberOfAnalysts": 4, "growth": 0.256}, "revenueEstimate": {"avg": 60741000000, "low": 52210000000, "high": 68155000000, "numberOfAnalysts": 4, "yearAgoRevenue": 50358100000, "growth": 0.206}, "epsTrend": {"current": 37.07, "7daysAgo": 37.07, "30daysAgo": 37.07, "60daysAgo": 38.76, "90daysAgo": 37.83}, "epsRevisions": {"upLast7days": 0, "upLast30days": 0, "downLast30days": 0, "downLast90days": {}}}, {"maxAge": 1, "period": "+5y", "endDate": null, "growth": 0.4099, "earningsEstimate": {"avg": {}, "low": {}, "high": {}, "yearAgoEps": {}, "numberOfAnalysts": {}, "growth": {}}, "revenueEstimate": {"avg": {}, "low": {}, "high": {}, "numberOfAnalysts": {}, "yearAgoRevenue": {}, "growth": {}}, "epsTrend": {"current": {}, "7daysAgo": {}, "30daysAgo": {}, "60daysAgo": {}, "90daysAgo": {}}, "epsRevisions": {"upLast7days": {}, "upLast30days": {}, "downLast30days": {}, "downLast90days": {}}}, {"maxAge": 1, "period": "-5y", "endDate": null, "growth": -0.026730001, "earningsEstimate": {"avg": {}, "low": {}, "high": {}, "yearAgoEps": {}, "numberOfAnalysts": {}, "growth": {}}, "revenueEstimate": {"avg": {}, "low": {}, "high": {}, "numberOfAnalysts": {}, "yearAgoRevenue": {}, "growth": {}}, "epsTrend": {"current": {}, "7daysAgo": {}, "30daysAgo": {}, "60daysAgo": {}, "90daysAgo": {}}, "epsRevisions": {"upLast7days": {}, "upLast30days": {}, "downLast30days": {}, "downLast90days": {}}}], "maxAge": 1}, "financialData": {"maxAge": 86400, "currentPrice": 1479.45, "targetHighPrice": 1370.0, "targetLowPrice": 678.0, "targetMeanPrice": 1059.56, "targetMedianPrice": 1052.5, "recommendationMean": 3.2, "recommendationKey": "hold", "numberOfAnalystOpinions": 32, "grossProfits": 26456200000, "financialCurrency": "INR"}}}