{"THIRUSUGAR.BO": {"cashflowStatementHistory": {"cashflowStatements": [{"maxAge": 1, "endDate": "2018-03-31", "netIncome": -791100000, "depreciation": 241690000, "changeToNetincome": -389440000, "changeToAccountReceivables": 430000, "changeToLiabilities": 0, "changeToInventory": 2222540000, "changeToOperatingActivities": -82680000, "totalCashFromOperatingActivities": 1201590000, "capitalExpenditures": -6640000, "investments": 28420000, "otherCashflowsFromInvestingActivities": 13770000, "totalCashflowsFromInvestingActivities": 35720000, "netBorrowings": -525910000, "otherCashflowsFromFinancingActivities": -789720000, "totalCashFromFinancingActivities": -1315630000, "changeInCash": -78320000}, {"maxAge": 1, "endDate": "2017-03-31", "netIncome": -84370000, "depreciation": 236980000, "changeToNetincome": 392520000, "changeToAccountReceivables": -132410000, "changeToLiabilities": 0, "changeToInventory": -1082150000, "changeToOperatingActivities": 1722480000, "totalCashFromOperatingActivities": 1054410000, "capitalExpenditures": -93300000, "investments": -40000, "otherCashflowsFromInvestingActivities": 83600000, "totalCashflowsFromInvestingActivities": -9240000, "netBorrowings": -502470000, "otherCashflowsFromFinancingActivities": -862790000, "totalCashFromFinancingActivities": -1365260000, "changeInCash": -320090000}, {"maxAge": 1, "endDate": "2016-03-31", "netIncome": -298200000, "depreciation": 239390000, "changeToNetincome": -62260000, "changeToAccountReceivables": -293770000, "changeToLiabilities": 0, "changeToInventory": 1831650000, "changeToOperatingActivities": -1484820000, "totalCashFromOperatingActivities": -68010000, "capitalExpenditures": -33650000, "investments": -40000, "otherCashflowsFromInvestingActivities": 33730000, "totalCashflowsFromInvestingActivities": 40000, "netBorrowings": 1475060000, "otherCashflowsFromFinancingActivities": -1026230000, "totalCashFromFinancingActivities": 448830000, "changeInCash": 380870000}, {"maxAge": 1, "endDate": "2015-03-31", "netIncome": -665210000, "depreciation": 247320000, "changeToNetincome": 266520000, "changeToAccountReceivables": -122520000, "changeToLiabilities": 0, "changeToInventory": 1544520000, "changeToOperatingActivities": -745310000, "totalCashFromOperatingActivities": 525320000, "capitalExpenditures": -114320000, "investments": 2920000, "otherCashflowsFromInvestingActivities": 44590000, "totalCashflowsFromInvestingActivities": -66450000, "netBorrowings": 731510000, "otherCashflowsFromFinancingActivities": -1277830000, "totalCashFromFinancingActivities": -546320000, "changeInCash": -87450000}], "maxAge": 86400}, "institutionOwnership": {"maxAge": 1, "ownershipList": []}, "balanceSheetHistoryQuarterly": {"balanceSheetStatements": [{"maxAge": 1, "endDate": "2006-03-31"}, {"maxAge": 1, "endDate": "2005-12-31", "totalStockholderEquity": 858879258, "netTangibleAssets": 857774258}, {"maxAge": 1, "endDate": "2005-06-30"}, {"maxAge": 1, "endDate": "2005-03-31"}], "maxAge": 86400}, "indexTrend": {"maxAge": 1, "symbol": "SP5", "peRatio": 19.7411, "pegRatio": 1.34172, "estimates": [{"period": "0q", "growth": 0.549}, {"period": "+1q", "growth": 0.431}, {"period": "0y", "growth": 0.305}, {"period": "+1y", "growth": 0.109}, {"period": "+5y", "growth": 0.120859005}, {"period": "-5y"}]}, "insiderTransactions": {"transactions": [{"maxAge": 1, "shares": 9147, "filerUrl": "", "transactionText": "", "filerName": "Mustang Trading & Investments Pvt Ltd", "filerRelation": "Promoter", "moneyText": "", "startDate": "2013-12-26", "ownership": "D"}, {"maxAge": 1, "shares": 10000, "filerUrl": "", "transactionText": "", "filerName": "Mustang Trading & Investments Pvt Ltd", "filerRelation": "Promoter", "moneyText": "", "startDate": "2013-09-06", "ownership": "D"}, {"maxAge": 1, "shares": 8550, "filerUrl": "", "transactionText": "", "filerName": "Mustang Trading & Investments Pvt Ltd", "filerRelation": "Promoter", "moneyText": "", "startDate": "2013-09-04", "ownership": "D"}, {"maxAge": 1, "shares": 9000, "filerUrl": "", "transactionText": "", "filerName": "Mustang Trading & Investments Pvt Ltd", "filerRelation": "Promoter", "moneyText": "", "startDate": "2013-09-02", "ownership": "D"}, {"maxAge": 1, "shares": 13100, "filerUrl": "", "transactionText": "", "filerName": "Mustang Trading & Investments Pvt Ltd", "filerRelation": "Promoter", "moneyText": "", "startDate": "2013-08-29", "ownership": "D"}, {"maxAge": 1, "shares": 8650, "filerUrl": "", "transactionText": "", "filerName": "Mustang Trading & Investments Pvt Ltd", "filerRelation": "Promoter", "moneyText": "", "startDate": "2013-08-19", "ownership": "D"}, {"maxAge": 1, "shares": 10300, "filerUrl": "", "transactionText": "", "filerName": "Mustang Trading & Investments Pvt Ltd", "filerRelation": "Promoter", "moneyText": "", "startDate": "2013-08-13", "ownership": "D"}, {"maxAge": 1, "shares": 7900, "filerUrl": "", "transactionText": "", "filerName": "Mustang Trading & Investments Pvt Ltd", "filerRelation": "Promoter", "moneyText": "", "startDate": "2013-07-23", "ownership": "D"}, {"maxAge": 1, "shares": 8644, "filerUrl": "", "transactionText": "", "filerName": "Mustang Trading & Investments Pvt Ltd", "filerRelation": "Promoter", "moneyText": "", "startDate": "2013-07-22", "ownership": "D"}, {"maxAge": 1, "shares": 11698, "filerUrl": "", "transactionText": "", "filerName": "Mustang Trading & Investments Pvt Ltd", "filerRelation": "Promoter", "moneyText": "", "startDate": "2013-07-02", "ownership": "D"}, {"maxAge": 1, "shares": 9757, "filerUrl": "", "transactionText": "", "filerName": "Mustang Trading & Investments Pvt Ltd", "filerRelation": "Promoter", "moneyText": "", "startDate": "2013-06-28", "ownership": "D"}, {"maxAge": 1, "shares": 8368, "filerUrl": "", "transactionText": "", "filerName": "Mustang Trading & Investments Pvt Ltd", "filerRelation": "Promoter", "moneyText": "", "startDate": "2013-06-03", "ownership": "D"}, {"maxAge": 1, "shares": 25192, "filerUrl": "", "transactionText": "", "filerName": "Mustang Trading & Investments Pvt Ltd", "filerRelation": "Promoter", "moneyText": "", "startDate": "2012-01-03", "ownership": "D"}, {"maxAge": 1, "shares": 48964, "filerUrl": "", "transactionText": "", "filerName": "Mustang Trading & Investments Pvt Ltd", "filerRelation": "Promoter", "moneyText": "", "startDate": "2011-12-30", "ownership": "D"}, {"maxAge": 1, "shares": 60032, "filerUrl": "", "transactionText": "", "filerName": "Mustang Trading & Investments Pvt Ltd", "filerRelation": "Promoter", "moneyText": "", "startDate": "2011-12-29", "ownership": "D"}, {"maxAge": 1, "shares": 57437, "filerUrl": "", "transactionText": "", "filerName": "Mustang Trading & Investments Pvt Ltd", "filerRelation": "Promoter", "moneyText": "", "startDate": "2011-11-28", "ownership": "D"}, {"maxAge": 1, "shares": 20660, "filerUrl": "", "transactionText": "", "filerName": "Mustang Trading & Investments Pvt Ltd", "filerRelation": "Promoter", "moneyText": "", "startDate": "2011-11-18", "ownership": "D"}, {"maxAge": 1, "shares": 8034, "filerUrl": "", "transactionText": "", "filerName": "Mustang Trading & Investments Pvt Ltd", "filerRelation": "Promoter", "moneyText": "", "startDate": "2011-10-13", "ownership": "D"}, {"maxAge": 1, "shares": 5952, "filerUrl": "", "transactionText": "", "filerName": "Mustang Trading & Investments Pvt Ltd", "filerRelation": "Promoter", "moneyText": "", "startDate": "2011-10-03", "ownership": "D"}, {"maxAge": 1, "shares": 31827, "filerUrl": "", "transactionText": "", "filerName": "Mustang Trading & Investments Pvt Ltd", "filerRelation": "Promoter", "moneyText": "", "startDate": "2011-09-28", "ownership": "D"}, {"maxAge": 1, "shares": 54812, "filerUrl": "", "transactionText": "", "filerName": "Mustang Trading & Investments Pvt Ltd", "filerRelation": "Promoter", "moneyText": "", "startDate": "2011-09-27", "ownership": "D"}, {"maxAge": 1, "shares": 60609, "filerUrl": "", "transactionText": "", "filerName": "Mustang Trading & Investments Pvt Ltd", "filerRelation": "Promoter", "moneyText": "", "startDate": "2011-09-26", "ownership": "D"}, {"maxAge": 1, "shares": 26118, "filerUrl": "", "transactionText": "", "filerName": "Mustang Trading & Investments Pvt Ltd", "filerRelation": "Promoter", "moneyText": "", "startDate": "2011-09-12", "ownership": "D"}, {"maxAge": 1, "shares": 232818, "filerUrl": "", "transactionText": "", "filerName": "Mustang Trading & Investments Pvt Ltd", "filerRelation": "Promoter", "moneyText": "", "startDate": "2011-05-12", "ownership": "D"}, {"maxAge": 1, "shares": 238948, "filerUrl": "", "transactionText": "", "filerName": "Mustang Trading & Investments Pvt Ltd", "filerRelation": "Promoter", "moneyText": "", "startDate": "2011-02-10", "ownership": "D"}, {"maxAge": 1, "shares": 6090, "filerUrl": "", "transactionText": "", "filerName": "Mustang Trading & Investments Pvt Ltd", "filerRelation": "Promoter", "moneyText": "", "startDate": "2010-10-14", "ownership": "D"}], "maxAge": 1}, "quoteType": {"exchange": "BSE", "quoteType": "EQUITY", "symbol": "THIRUSUGAR.BO", "underlyingSymbol": "THIRUSUGAR.BO", "shortName": "THIRU AROORAN SUGARS LTD.", "longName": "Thiru Arooran Sugars Limited", "firstTradeDateEpochUtc": "1996-01-02 09:15:00", "timeZoneFullName": "Asia/Kolkata", "timeZoneShortName": "IST", "uuid": "98fe61ea-017b-37e8-8492-98cd17a1be63", "messageBoardId": null, "gmtOffSetMilliseconds": 19800000, "maxAge": 1}, "incomeStatementHistory": {"incomeStatementHistory": [{"maxAge": 1, "endDate": "2018-03-31", "totalRevenue": 3864000000, "costOfRevenue": 3688470000, "grossProfit": 175530000, "researchDevelopment": {}, "sellingGeneralAdministrative": 310630000, "nonRecurring": {}, "otherOperatingExpenses": 803590000, "totalOperatingExpenses": 5044530000, "operatingIncome": -1180530000, "totalOtherIncomeExpenseNet": -678560000, "ebit": -1180530000, "interestExpense": -655180000, "incomeBeforeTax": -1859090000, "incomeTaxExpense": -531480000, "minorityInterest": -91690000, "netIncomeFromContinuingOps": -1327610000, "discontinuedOperations": {}, "extraordinaryItems": {}, "effectOfAccountingCharges": {}, "otherItems": {}, "netIncome": -791100000, "netIncomeApplicableToCommonShares": -791100000}, {"maxAge": 1, "endDate": "2017-03-31", "totalRevenue": 6078860000, "costOfRevenue": 4322100000, "grossProfit": 1756760000, "researchDevelopment": {}, "sellingGeneralAdministrative": 347370000, "nonRecurring": {}, "otherOperatingExpenses": 859550000, "totalOperatingExpenses": 5767360000, "operatingIncome": 311500000, "totalOtherIncomeExpenseNet": -538330000, "ebit": 311500000, "interestExpense": -609210000, "incomeBeforeTax": -226830000, "incomeTaxExpense": -73770000, "minorityInterest": 438430000, "netIncomeFromContinuingOps": -153060000, "discontinuedOperations": {}, "extraordinaryItems": {}, "effectOfAccountingCharges": {}, "otherItems": {}, "netIncome": -84370000, "netIncomeApplicableToCommonShares": -84370000}, {"maxAge": 1, "endDate": "2016-03-31", "totalRevenue": 5713350000, "costOfRevenue": 4750040000, "grossProfit": 963310000, "researchDevelopment": {}, "sellingGeneralAdministrative": 361460000, "nonRecurring": {}, "otherOperatingExpenses": 721480000, "totalOperatingExpenses": 6072370000, "operatingIncome": -359020000, "totalOtherIncomeExpenseNet": -1118920000, "ebit": -359020000, "interestExpense": -940490000, "incomeBeforeTax": -1477940000, "incomeTaxExpense": -1003660000, "minorityInterest": 507590000, "netIncomeFromContinuingOps": -474280000, "discontinuedOperations": {}, "extraordinaryItems": {}, "effectOfAccountingCharges": {}, "otherItems": {}, "netIncome": -298200000, "netIncomeApplicableToCommonShares": -298200000}, {"maxAge": 1, "endDate": "2015-03-31", "totalRevenue": 5404890000, "costOfRevenue": 4612090000, "grossProfit": 792800000, "researchDevelopment": {}, "sellingGeneralAdministrative": 399440000, "nonRecurring": {}, "otherOperatingExpenses": 507370000, "totalOperatingExpenses": 5766220000, "operatingIncome": -361330000, "totalOtherIncomeExpenseNet": -1138040000, "ebit": -361330000, "interestExpense": -1343130000, "incomeBeforeTax": -1499370000, "incomeTaxExpense": -486570000, "minorityInterest": 683670000, "netIncomeFromContinuingOps": -1012800000, "discontinuedOperations": {}, "extraordinaryItems": {}, "effectOfAccountingCharges": {}, "otherItems": {}, "netIncome": -665210000, "netIncomeApplicableToCommonShares": -665210000}], "maxAge": 86400}, "fundOwnership": {"maxAge": 1, "ownershipList": []}, "summaryDetail": {"maxAge": 1, "priceHint": 2, "previousClose": 7.48, "open": 7.85, "dayLow": 7.4, "dayHigh": 7.85, "regularMarketPreviousClose": 7.48, "regularMarketOpen": 7.85, "regularMarketDayLow": 7.4, "regularMarketDayHigh": 7.85, "volume": 9369, "regularMarketVolume": 9369, "averageVolume": 6469, "averageVolume10days": 1903, "averageDailyVolume10Day": 1903, "bid": 7.85, "ask": 0.0, "bidSize": 0, "askSize": 0, "marketCap": 88836096, "fiftyTwoWeekLow": 2.62, "fiftyTwoWeekHigh": 7.85, "fiftyDayAverage": 5.562, "twoHundredDayAverage": 4.652774, "currency": "INR", "fromCurrency": null, "toCurrency": null, "lastMarket": null, "algorithm": null, "tradeable": false}, "incomeStatementHistoryQuarterly": {"incomeStatementHistory": [{"maxAge": 1, "endDate": "2006-03-31", "totalRevenue": 655410000, "costOfRevenue": 35173000, "grossProfit": 620237000, "researchDevelopment": {}, "sellingGeneralAdministrative": 21474000, "nonRecurring": {}, "otherOperatingExpenses": 392343000, "totalOperatingExpenses": 477390000, "operatingIncome": 178020000, "totalOtherIncomeExpenseNet": -41100000, "ebit": 178020000, "interestExpense": -41110000, "incomeBeforeTax": 136920000, "incomeTaxExpense": 70130000, "minorityInterest": {}, "netIncomeFromContinuingOps": 66790000, "discontinuedOperations": {}, "extraordinaryItems": {}, "effectOfAccountingCharges": {}, "otherItems": {}, "netIncome": 66790000, "netIncomeApplicableToCommonShares": 66790000}, {"maxAge": 1, "endDate": "2005-12-31", "totalRevenue": 644220000, "costOfRevenue": 402560000, "grossProfit": 241660000, "researchDevelopment": {}, "sellingGeneralAdministrative": 21271000, "nonRecurring": {}, "otherOperatingExpenses": 130079000, "totalOperatingExpenses": 582060000, "operatingIncome": 62160000, "totalOtherIncomeExpenseNet": -35510000, "ebit": 62160000, "interestExpense": -35510000, "incomeBeforeTax": 26650000, "incomeTaxExpense": 10520000, "minorityInterest": {}, "netIncomeFromContinuingOps": 16130000, "discontinuedOperations": {}, "extraordinaryItems": {}, "effectOfAccountingCharges": {}, "otherItems": {}, "netIncome": 16130000, "netIncomeApplicableToCommonShares": 16130000}, {"maxAge": 1, "endDate": "2005-06-30", "totalRevenue": 457400000, "costOfRevenue": 153098000, "grossProfit": 304302000, "researchDevelopment": {}, "sellingGeneralAdministrative": 14275000, "nonRecurring": {}, "otherOperatingExpenses": 190487000, "totalOperatingExpenses": 386570000, "operatingIncome": 70830000, "totalOtherIncomeExpenseNet": -45900000, "ebit": 70830000, "interestExpense": -45910000, "incomeBeforeTax": 24930000, "incomeTaxExpense": 2210000, "minorityInterest": {}, "netIncomeFromContinuingOps": 22720000, "discontinuedOperations": {}, "extraordinaryItems": {}, "effectOfAccountingCharges": {}, "otherItems": {}, "netIncome": 22720000, "netIncomeApplicableToCommonShares": 22720000}, {"maxAge": 1, "endDate": "2005-03-31", "totalRevenue": 517130000, "costOfRevenue": 317010000, "grossProfit": 200120000, "researchDevelopment": {}, "sellingGeneralAdministrative": 14275000, "nonRecurring": {}, "otherOperatingExpenses": 190487000, "totalOperatingExpenses": 344640000, "operatingIncome": 172490000, "totalOtherIncomeExpenseNet": -36680000, "ebit": 172490000, "interestExpense": -36690000, "incomeBeforeTax": 135810000, "incomeTaxExpense": 0, "minorityInterest": {}, "netIncomeFromContinuingOps": 135810000, "discontinuedOperations": {}, "extraordinaryItems": {}, "effectOfAccountingCharges": {}, "otherItems": {}, "netIncome": 135810000, "netIncomeApplicableToCommonShares": 135810000}], "maxAge": 86400}, "cashflowStatementHistoryQuarterly": {"cashflowStatements": [{"maxAge": 1, "endDate": "2006-03-31", "netIncome": 66790000, "changeToLiabilities": 0}, {"maxAge": 1, "endDate": "2005-12-31", "netIncome": 16130000, "changeToLiabilities": 0}, {"maxAge": 1, "endDate": "2005-06-30", "netIncome": 22720000, "changeToLiabilities": 0}, {"maxAge": 1, "endDate": "2005-03-31", "netIncome": 135810000, "changeToLiabilities": 0}], "maxAge": 86400}, "insiderHolders": {"holders": [{"maxAge": 1, "name": "Mustang Trading & Investments Pvt Ltd", "relation": "Promoter", "url": "", "transactionDescription": "Acquisition", "latestTransDate": "2013-12-26", "positionDirect": 2781171, "positionDirectDate": "2013-12-26"}], "maxAge": 1}, "calendarEvents": {"maxAge": 1, "earnings": {"earningsDate": []}}, "price": {"maxAge": 1, "regularMarketChangePercent": 0.049465224, "regularMarketChange": 0.3699999, "regularMarketTime": "2021-04-30 15:22:49", "priceHint": 2, "regularMarketPrice": 7.85, "regularMarketDayHigh": 7.85, "regularMarketDayLow": 7.4, "regularMarketVolume": 9369, "averageDailyVolume10Day": 1903, "averageDailyVolume3Month": 6469, "regularMarketPreviousClose": 7.48, "regularMarketSource": "FREE_REALTIME", "regularMarketOpen": 7.85, "exchange": "BSE", "exchangeName": "BSE", "exchangeDataDelayedBy": 0, "marketState": "CLOSED", "quoteType": "EQUITY", "symbol": "THIRUSUGAR.BO", "underlyingSymbol": null, "shortName": "THIRU AROORAN SUGARS LTD.", "longName": "Thiru Arooran Sugars Limited", "currency": "INR", "quoteSourceName": "Delayed Quote", "currencySymbol": "\u20b9", "fromCurrency": null, "toCurrency": null, "lastMarket": null, "marketCap": 88836096}, "balanceSheetHistory": {"balanceSheetStatements": [{"maxAge": 1, "endDate": "2018-03-31", "cash": 496080000, "netReceivables": 2259740000, "inventory": 2169360000, "otherCurrentAssets": 2775920000, "totalCurrentAssets": 7990120000, "longTermInvestments": 363300000, "propertyPlantEquipment": 7541380000, "goodWill": 473260000, "intangibleAssets": 1230000, "otherAssets": 2450130000, "deferredLongTermAssetCharges": 1246120000, "totalAssets": 18819420000, "accountsPayable": 4480560000, "shortLongTermDebt": 1401690000, "otherCurrentLiab": 1041600000, "longTermDebt": 7935180000, "otherLiab": 18320000, "minorityInterest": -91690000, "totalCurrentLiabilities": 8801990000, "totalLiab": 16755490000, "commonStock": 113170000, "retainedEarnings": -969450000, "treasuryStock": 1723750000, "capitalSurplus": 1288150000, "otherStockholderEquity": 1723750000, "totalStockholderEquity": 2155620000, "netTangibleAssets": 1681130000}, {"maxAge": 1, "endDate": "2017-03-31", "cash": 701900000, "netReceivables": 2254130000, "inventory": 4391910000, "otherCurrentAssets": 2437350000, "totalCurrentAssets": 10055030000, "longTermInvestments": 392180000, "propertyPlantEquipment": 7776470000, "goodWill": 527840000, "intangibleAssets": 1380000, "otherAssets": 1865070000, "deferredLongTermAssetCharges": 714640000, "totalAssets": 20617970000, "accountsPayable": 4939330000, "shortLongTermDebt": 1155110000, "otherCurrentLiab": 628450000, "longTermDebt": 8897950000, "otherLiab": 19700000, "minorityInterest": 438430000, "totalCurrentLiabilities": 8271200000, "totalLiab": 17188850000, "commonStock": 113170000, "retainedEarnings": -178350000, "treasuryStock": 1767720000, "capitalSurplus": 1288150000, "otherStockholderEquity": 1767720000, "totalStockholderEquity": 2990690000, "netTangibleAssets": 2461470000}, {"maxAge": 1, "endDate": "2016-03-31", "cash": 956360000, "netReceivables": 2225780000, "inventory": 3309750000, "otherCurrentAssets": 2311310000, "totalCurrentAssets": 9348740000, "longTermInvestments": 364110000, "propertyPlantEquipment": 6899140000, "goodWill": 527840000, "intangibleAssets": 2380000, "otherAssets": 1794570000, "deferredLongTermAssetCharges": 638100000, "totalAssets": 18936780000, "accountsPayable": 3638750000, "shortLongTermDebt": 957640000, "otherCurrentLiab": 424690000, "longTermDebt": 10047140000, "otherLiab": 18290000, "minorityInterest": 507590000, "totalCurrentLiabilities": 6339870000, "totalLiab": 16405300000, "commonStock": 113170000, "retainedEarnings": -89110000, "treasuryStock": 711680000, "capitalSurplus": 1288150000, "otherStockholderEquity": 711680000, "totalStockholderEquity": 2023890000, "netTangibleAssets": 1493670000}, {"maxAge": 1, "endDate": "2015-03-31", "cash": 98270000, "netReceivables": 1963580000, "inventory": 5141400000, "otherCurrentAssets": 1829310000, "totalCurrentAssets": 9049480000, "longTermInvestments": 364130000, "propertyPlantEquipment": 7103490000, "goodWill": 527840000, "intangibleAssets": 3770000, "otherAssets": 612360000, "deferredLongTermAssetCharges": 9070000, "totalAssets": 17661070000, "accountsPayable": 3404180000, "shortLongTermDebt": 1086460000, "otherCurrentLiab": 570880000, "longTermDebt": 3826480000, "otherLiab": 17640000, "minorityInterest": 683670000, "totalCurrentLiabilities": 10811190000, "totalLiab": 14655310000, "commonStock": 113170000, "retainedEarnings": 209090000, "treasuryStock": 711680000, "capitalSurplus": 1288150000, "otherStockholderEquity": 711680000, "totalStockholderEquity": 2322090000, "netTangibleAssets": 1790480000}], "maxAge": 86400}, "financialData": {"maxAge": 86400, "currentPrice": 7.85, "recommendationKey": "none", "grossProfits": 175530000, "financialCurrency": "INR"}}}