{"THOMASCOTT.NS": {"assetProfile": {"address1": "405-406, Kewal Industrial Estate", "address2": "Senapati Bapat Marg Lower Parel (West)", "city": "Mumbai", "zip": "400013", "country": "India", "phone": "91 22 6660 7965", "fax": "91 22 6660 7970", "website": "http://www.thomasscott.org", "industry": "Textile Manufacturing", "sector": "Consumer Cyclical", "longBusinessSummary": "Thomas Scott (India) Limited trades in textiles and fabrics in India. The company also manufactures and trades in garments. It offers men's formal and casual shirts. The company offers its products under the Hammersmith, Bang & Scott, Italian Gold, and Thomas Scott brands. Thomas Scott (India) Limited was incorporated in 2010 and is based in Mumbai, India.", "fullTimeEmployees": 107, "companyOfficers": [{"maxAge": 1, "name": "Mr. Brijgopal Balaram Bang", "age": 53, "title": "Chairman & MD", "yearBorn": 1967, "fiscalYear": 2020, "totalPay": 1440000, "exercisedValue": 0, "unexercisedValue": 0}, {"maxAge": 1, "name": "Mr. Samir  Samaddar", "title": "Chief Financial Officer", "fiscalYear": 2020, "totalPay": 635660, "exercisedValue": 0, "unexercisedValue": 0}, {"maxAge": 1, "name": "Mrs. Rashi  Bang", "title": "Company Sec. & Compliance Officer", "fiscalYear": 2020, "totalPay": 179866, "exercisedValue": 0, "unexercisedValue": 0}], "compensationAsOfEpochDate": "2020-12-31 05:30:00", "maxAge": 86400}, "cashflowStatementHistory": {"cashflowStatements": [{"maxAge": 1, "endDate": "2020-03-31", "netIncome": -19345882, "depreciation": 2655713, "changeToNetincome": 8336462, "changeToAccountReceivables": -13648005, "changeToLiabilities": 38516338, "changeToInventory": -12910502, "changeToOperatingActivities": -1085164, "totalCashFromOperatingActivities": 2638064, "capitalExpenditures": -5325103, "otherCashflowsFromInvestingActivities": 21421, "totalCashflowsFromInvestingActivities": -4762132, "netBorrowings": 9482055, "otherCashflowsFromFinancingActivities": -7867410, "totalCashFromFinancingActivities": 1614645, "changeInCash": -509423}, {"maxAge": 1, "endDate": "2019-03-31", "netIncome": -12166181, "depreciation": 276313, "changeToNetincome": 6322540, "changeToAccountReceivables": -10352505, "changeToLiabilities": 22135705, "changeToInventory": -1048371, "changeToOperatingActivities": -2205658, "totalCashFromOperatingActivities": 3145987, "capitalExpenditures": -10557079, "otherCashflowsFromInvestingActivities": 5102, "totalCashflowsFromInvestingActivities": -10551977, "netBorrowings": 13726439, "otherCashflowsFromFinancingActivities": -5686720, "totalCashFromFinancingActivities": 8039719, "changeInCash": 633730}, {"maxAge": 1, "endDate": "2018-03-31", "netIncome": -7438820, "depreciation": 118026, "changeToNetincome": 5256365, "changeToAccountReceivables": -40211282, "changeToLiabilities": 27251723, "changeToInventory": -2072605, "changeToOperatingActivities": -122959, "totalCashFromOperatingActivities": -17118397, "capitalExpenditures": -568000, "otherCashflowsFromInvestingActivities": 173277, "totalCashflowsFromInvestingActivities": -394723, "netBorrowings": 19469870, "otherCashflowsFromFinancingActivities": -3972631, "totalCashFromFinancingActivities": 15497239, "changeInCash": -2015880}, {"maxAge": 1, "endDate": "2017-03-31", "netIncome": 4844253, "depreciation": 177801, "changeToNetincome": 1688537, "changeToAccountReceivables": -42003691, "changeToLiabilities": 2704110, "changeToInventory": 13740364, "changeToOperatingActivities": 169495, "totalCashFromOperatingActivities": -18675370, "capitalExpenditures": -568000, "otherCashflowsFromInvestingActivities": 171329, "totalCashflowsFromInvestingActivities": 171329, "netBorrowings": 20630228, "otherCashflowsFromFinancingActivities": -1206207, "totalCashFromFinancingActivities": 19424021, "changeInCash": 919980}], "maxAge": 86400}, "institutionOwnership": {"ownershipList": [], "maxAge": 1}, "majorHoldersBreakdown": {"maxAge": 1, "insidersPercentHeld": 0.75294, "institutionsPercentHeld": 0.0, "institutionsFloatPercentHeld": 0.0, "institutionsCount": 0}, "balanceSheetHistoryQuarterly": {"balanceSheetStatements": [{"maxAge": 1, "endDate": "2020-12-31", "totalStockholderEquity": 31233000, "netTangibleAssets": 30992000}, {"maxAge": 1, "endDate": "2020-09-30", "cash": 1162000, "netReceivables": 117956000, "inventory": 69597000, "otherCurrentAssets": 35406000, "totalCurrentAssets": 224121000, "propertyPlantEquipment": 11956000, "intangibleAssets": 241000, "otherAssets": 3379000, "deferredLongTermAssetCharges": 2761000, "totalAssets": 239697000, "accountsPayable": 152055000, "otherCurrentLiab": 259000, "otherLiab": 873000, "totalCurrentLiabilities": 207591000, "totalLiab": 208464000, "commonStock": 33900000, "retainedEarnings": -2667000, "totalStockholderEquity": 31233000, "netTangibleAssets": 30992000}, {"maxAge": 1, "endDate": "2020-06-30", "totalStockholderEquity": 41217000, "netTangibleAssets": 40940000}, {"maxAge": 1, "endDate": "2020-03-31", "cash": 508082, "netReceivables": 143568886, "inventory": 61096144, "otherCurrentAssets": 33548334, "totalCurrentAssets": 238837330, "propertyPlantEquipment": 12705494, "intangibleAssets": 277308, "otherAssets": 3593092, "deferredLongTermAssetCharges": 3038839, "totalAssets": 255413224, "accountsPayable": 148883046, "otherCurrentLiab": 20009, "otherLiab": 872651, "totalCurrentLiabilities": 213324071, "totalLiab": 214196722, "commonStock": 33900000, "retainedEarnings": 7316502, "totalStockholderEquity": 41216502, "netTangibleAssets": 40939194}], "maxAge": 86400}, "indexTrend": {"maxAge": 1, "symbol": "SP5", "peRatio": 19.7411, "pegRatio": 1.34172, "estimates": [{"period": "0q", "growth": 0.549}, {"period": "+1q", "growth": 0.431}, {"period": "0y", "growth": 0.305}, {"period": "+1y", "growth": 0.109}, {"period": "+5y", "growth": 0.120865}, {"period": "-5y"}]}, "defaultKeyStatistics": {"maxAge": 1, "priceHint": 2, "enterpriseValue": 77969424, "profitMargins": -0.062529996, "floatShares": 835608, "sharesOutstanding": 3390000, "heldPercentInsiders": 0.75294, "heldPercentInstitutions": 0.0, "beta": 0.129282, "category": null, "bookValue": 9.204, "priceToBook": 0.7714037, "fundFamily": null, "legalType": null, "lastFiscalYearEnd": "2020-03-31 05:30:00", "nextFiscalYearEnd": "2022-03-31 05:30:00", "mostRecentQuarter": "2020-12-31 05:30:00", "netIncomeToCommon": -9899882, "trailingEps": -2.928, "lastSplitFactor": null, "enterpriseToRevenue": 0.492, "enterpriseToEbitda": 31.606}, "summaryProfile": {"address1": "405-406, Kewal Industrial Estate", "address2": "Senapati Bapat Marg Lower Parel (West)", "city": "Mumbai", "zip": "400013", "country": "India", "phone": "91 22 6660 7965", "fax": "91 22 6660 7970", "website": "http://www.thomasscott.org", "industry": "Textile Manufacturing", "sector": "Consumer Cyclical", "longBusinessSummary": "Thomas Scott (India) Limited trades in textiles and fabrics in India. The company also manufactures and trades in garments. It offers men's formal and casual shirts. The company offers its products under the Hammersmith, Bang & Scott, Italian Gold, and Thomas Scott brands. Thomas Scott (India) Limited was incorporated in 2010 and is based in Mumbai, India.", "fullTimeEmployees": 107, "companyOfficers": [], "maxAge": 86400}, "netSharePurchaseActivity": {"maxAge": 1, "period": "6m", "buyInfoCount": 0, "buyInfoShares": 0, "sellInfoCount": 0, "netInfoCount": 0, "netInfoShares": 0, "netPercentInsiderShares": 0.0, "totalInsiderShares": 2540634}, "insiderTransactions": {"transactions": [{"maxAge": 1, "shares": 87150, "filerUrl": "", "transactionText": "", "filerName": "Bang (Ramanujdas)", "filerRelation": "Promoter", "moneyText": "", "startDate": "2019-01-24", "ownership": "D"}, {"maxAge": 1, "shares": 163650, "filerUrl": "", "transactionText": "", "filerName": "Bang (Krishnakumar)", "filerRelation": "Promoter", "moneyText": "", "startDate": "2012-04-17", "ownership": "D"}], "maxAge": 1}, "quoteType": {"exchange": "NSI", "quoteType": "EQUITY", "symbol": "THOMASCOTT.NS", "underlyingSymbol": "THOMASCOTT.NS", "shortName": "THOMAS SCOTT (INDI", "longName": "Thomas Scott (India) Limited", "firstTradeDateEpochUtc": "2012-01-30 09:15:00", "timeZoneFullName": "Asia/Kolkata", "timeZoneShortName": "IST", "uuid": "171fe288-e094-3c96-99e0-98dbfb17f199", "gmtOffSetMilliseconds": 19800000, "maxAge": 1}, "incomeStatementHistory": {"incomeStatementHistory": [{"maxAge": 1, "endDate": "2020-03-31", "totalRevenue": 217552904, "costOfRevenue": 188518026, "grossProfit": 29034878, "researchDevelopment": {}, "sellingGeneralAdministrative": 21600237, "nonRecurring": {}, "otherOperatingExpenses": 15655198, "totalOperatingExpenses": 228548278, "operatingIncome": -10995374, "totalOtherIncomeExpenseNet": -7876676, "ebit": -10995374, "interestExpense": -7867410, "incomeBeforeTax": -18872050, "incomeTaxExpense": 473832, "minorityInterest": {}, "netIncomeFromContinuingOps": -19345882, "discontinuedOperations": {}, "extraordinaryItems": {}, "effectOfAccountingCharges": {}, "otherItems": {}, "netIncome": -19345882, "netIncomeApplicableToCommonShares": -19345882}, {"maxAge": 1, "endDate": "2019-03-31", "totalRevenue": 216177194, "costOfRevenue": 192975822, "grossProfit": 23201372, "researchDevelopment": {}, "sellingGeneralAdministrative": 13383715, "nonRecurring": {}, "otherOperatingExpenses": 15230699, "totalOperatingExpenses": 222050693, "operatingIncome": -5873499, "totalOtherIncomeExpenseNet": -5684207, "ebit": -5873499, "interestExpense": -5686720, "incomeBeforeTax": -11557706, "incomeTaxExpense": 608475, "minorityInterest": {}, "netIncomeFromContinuingOps": -12166181, "discontinuedOperations": {}, "extraordinaryItems": {}, "effectOfAccountingCharges": {}, "otherItems": {}, "netIncome": -12166181, "netIncomeApplicableToCommonShares": -12166181}, {"maxAge": 1, "endDate": "2018-03-31", "totalRevenue": 204561599, "costOfRevenue": 172764685, "grossProfit": 31796914, "researchDevelopment": {}, "sellingGeneralAdministrative": 13848582, "nonRecurring": {}, "otherOperatingExpenses": 19899122, "totalOperatingExpenses": 206731570, "operatingIncome": -2169971, "totalOtherIncomeExpenseNet": -3811837, "ebit": -2169971, "interestExpense": -3972631, "incomeBeforeTax": -5981808, "incomeTaxExpense": 1457012, "minorityInterest": {}, "netIncomeFromContinuingOps": -7438820, "discontinuedOperations": {}, "extraordinaryItems": {}, "effectOfAccountingCharges": {}, "otherItems": {}, "netIncome": -7438820, "netIncomeApplicableToCommonShares": -7438820}, {"maxAge": 1, "endDate": "2017-03-31", "totalRevenue": 174017438, "costOfRevenue": 133255329, "grossProfit": 40762109, "researchDevelopment": {}, "sellingGeneralAdministrative": 14808786, "nonRecurring": {}, "otherOperatingExpenses": 19228831, "totalOperatingExpenses": 167474508, "operatingIncome": 6542930, "totalOtherIncomeExpenseNet": -1045017, "ebit": 6542930, "interestExpense": -1206207, "incomeBeforeTax": 5497913, "incomeTaxExpense": 653660, "minorityInterest": {}, "netIncomeFromContinuingOps": 4844253, "discontinuedOperations": {}, "extraordinaryItems": {}, "effectOfAccountingCharges": {}, "otherItems": {}, "netIncome": 4844253, "netIncomeApplicableToCommonShares": 4844253}], "maxAge": 86400}, "fundOwnership": {"ownershipList": [], "maxAge": 1}, "summaryDetail": {"maxAge": 1, "priceHint": 2, "previousClose": 7.45, "open": 7.45, "dayLow": 7.1, "dayHigh": 7.45, "regularMarketPreviousClose": 7.45, "regularMarketOpen": 7.45, "regularMarketDayLow": 7.1, "regularMarketDayHigh": 7.45, "payoutRatio": 0.0, "beta": 0.129282, "volume": 9, "regularMarketVolume": 9, "averageVolume": 671, "averageVolume10days": 38, "averageDailyVolume10Day": 38, "bid": 0.0, "ask": 0.0, "bidSize": 0, "askSize": 0, "marketCap": 19384420, "fiftyTwoWeekLow": 3.7, "fiftyTwoWeekHigh": 9.1, "priceToSalesTrailing12Months": 0.122441396, "fiftyDayAverage": 7.392424, "twoHundredDayAverage": 6.299643, "currency": "INR", "fromCurrency": null, "lastMarket": null, "algorithm": null, "tradeable": false}, "incomeStatementHistoryQuarterly": {"incomeStatementHistory": [{"maxAge": 1, "endDate": "2020-12-31", "totalRevenue": 71883000, "costOfRevenue": 59270000, "grossProfit": 12613000, "researchDevelopment": {}, "sellingGeneralAdministrative": 3075000, "nonRecurring": {}, "otherOperatingExpenses": 6557000, "totalOperatingExpenses": 69609000, "operatingIncome": 2274000, "totalOtherIncomeExpenseNet": -1549000, "ebit": 2274000, "interestExpense": -1549000, "incomeBeforeTax": 725000, "incomeTaxExpense": -456000, "minorityInterest": {}, "netIncomeFromContinuingOps": 1181000, "discontinuedOperations": {}, "extraordinaryItems": {}, "effectOfAccountingCharges": {}, "otherItems": {}, "netIncome": 1181000, "netIncomeApplicableToCommonShares": 1181000}, {"maxAge": 1, "endDate": "2020-09-30", "totalRevenue": 9658000, "costOfRevenue": 9825000, "grossProfit": -167000, "researchDevelopment": {}, "sellingGeneralAdministrative": 1239000, "nonRecurring": {}, "otherOperatingExpenses": 2083000, "totalOperatingExpenses": 13806000, "operatingIncome": -4148000, "totalOtherIncomeExpenseNet": -2024000, "ebit": -4148000, "interestExpense": -2024000, "incomeBeforeTax": -6172000, "incomeTaxExpense": 479000, "minorityInterest": {}, "netIncomeFromContinuingOps": -6651000, "discontinuedOperations": {}, "extraordinaryItems": {}, "effectOfAccountingCharges": {}, "otherItems": {}, "netIncome": -6651000, "netIncomeApplicableToCommonShares": -6651000}, {"maxAge": 1, "endDate": "2020-06-30", "totalRevenue": 679000, "costOfRevenue": 518000, "grossProfit": 161000, "researchDevelopment": {}, "sellingGeneralAdministrative": 152000, "nonRecurring": {}, "otherOperatingExpenses": 829000, "totalOperatingExpenses": 2150000, "operatingIncome": -1471000, "totalOtherIncomeExpenseNet": -2063000, "ebit": -1471000, "interestExpense": -2064000, "incomeBeforeTax": -3534000, "incomeTaxExpense": -201000, "minorityInterest": {}, "netIncomeFromContinuingOps": -3333000, "discontinuedOperations": {}, "extraordinaryItems": {}, "effectOfAccountingCharges": {}, "otherItems": {}, "netIncome": -3333000, "netIncomeApplicableToCommonShares": -3333000}, {"maxAge": 1, "endDate": "2020-03-31", "totalRevenue": 76095904, "costOfRevenue": 65382026, "grossProfit": 10713878, "researchDevelopment": {}, "sellingGeneralAdministrative": 5827237, "nonRecurring": {}, "otherOperatingExpenses": 2768198, "totalOperatingExpenses": 74725278, "operatingIncome": 1370626, "totalOtherIncomeExpenseNet": -2361676, "ebit": 1370626, "interestExpense": -2331410, "incomeBeforeTax": -991050, "incomeTaxExpense": 105832, "minorityInterest": {}, "netIncomeFromContinuingOps": -1096882, "discontinuedOperations": {}, "extraordinaryItems": {}, "effectOfAccountingCharges": {}, "otherItems": {}, "netIncome": -1096882, "netIncomeApplicableToCommonShares": -1096882}], "maxAge": 86400}, "cashflowStatementHistoryQuarterly": {"cashflowStatements": [{"maxAge": 1, "endDate": "2020-12-31", "netIncome": 1181000, "changeToLiabilities": 0}, {"maxAge": 1, "endDate": "2020-09-30", "netIncome": -6651000, "changeToLiabilities": 0}, {"maxAge": 1, "endDate": "2020-06-30", "netIncome": -3333000, "changeToLiabilities": 0}, {"maxAge": 1, "endDate": "2020-03-31", "netIncome": -1096882, "changeToLiabilities": 0}], "maxAge": 86400}, "insiderHolders": {"holders": [{"maxAge": 1, "name": "Bang (Krishnakumar)", "relation": "Promoter", "url": "", "transactionDescription": "Acquisition", "latestTransDate": "2012-04-17", "positionDirect": 325425, "positionDirectDate": "2012-04-17"}, {"maxAge": 1, "name": "Bang (Ramanujdas)", "relation": "Promoter", "url": "", "transactionDescription": "Purchase", "latestTransDate": "2019-01-24", "positionDirect": 280800, "positionDirectDate": "2019-01-24"}], "maxAge": 1}, "calendarEvents": {"maxAge": 1, "earnings": {"earningsDate": []}}, "upgradeDowngradeHistory": {"history": [], "maxAge": 86400}, "price": {"maxAge": 1, "regularMarketChangePercent": -0.046979856, "regularMarketChange": -0.3499999, "regularMarketTime": "2021-04-30 13:59:51", "priceHint": 2, "regularMarketPrice": 7.1, "regularMarketDayHigh": 7.45, "regularMarketDayLow": 7.1, "regularMarketVolume": 9, "averageDailyVolume10Day": 38, "averageDailyVolume3Month": 671, "regularMarketPreviousClose": 7.45, "regularMarketSource": "FREE_REALTIME", "regularMarketOpen": 7.45, "exchange": "NSI", "exchangeName": "NSE", "exchangeDataDelayedBy": 15, "marketState": "CLOSED", "quoteType": "EQUITY", "symbol": "THOMASCOTT.NS", "underlyingSymbol": null, "shortName": "THOMAS SCOTT (INDI", "longName": "Thomas Scott (India) Limited", "currency": "INR", "quoteSourceName": "Delayed Quote", "currencySymbol": "\u20b9", "fromCurrency": null, "lastMarket": null, "marketCap": 19384420}, "balanceSheetHistory": {"balanceSheetStatements": [{"maxAge": 1, "endDate": "2020-03-31", "cash": 508082, "netReceivables": 143568886, "inventory": 61096144, "otherCurrentAssets": 33548334, "totalCurrentAssets": 238837330, "propertyPlantEquipment": 12705494, "intangibleAssets": 277308, "otherAssets": 3593092, "deferredLongTermAssetCharges": 3038839, "totalAssets": 255413224, "accountsPayable": 148883046, "otherCurrentLiab": 20009, "otherLiab": 872651, "totalCurrentLiabilities": 213324071, "totalLiab": 214196722, "commonStock": 33900000, "retainedEarnings": 7316502, "totalStockholderEquity": 41216502, "netTangibleAssets": 40939194}, {"maxAge": 1, "endDate": "2019-03-31", "cash": 1017504, "netReceivables": 129920881, "inventory": 48185642, "otherCurrentAssets": 32274629, "totalCurrentAssets": 211515301, "propertyPlantEquipment": 10594294, "intangibleAssets": 396412, "otherAssets": 4006400, "deferredLongTermAssetCharges": 3512671, "totalAssets": 226512407, "accountsPayable": 110366708, "otherCurrentLiab": 11401, "otherLiab": 669144, "totalCurrentLiabilities": 165305380, "totalLiab": 165974524, "commonStock": 33900000, "retainedEarnings": 26637883, "treasuryStock": 26638000, "otherStockholderEquity": 26638000, "totalStockholderEquity": 60537883, "netTangibleAssets": 60141471}, {"maxAge": 1, "endDate": "2018-03-31", "cash": 383774, "netReceivables": 119568377, "inventory": 47137271, "otherCurrentAssets": 29849739, "totalCurrentAssets": 196978403, "propertyPlantEquipment": 333062, "intangibleAssets": 561022, "otherAssets": 4324874, "deferredLongTermAssetCharges": 4121146, "totalAssets": 202197361, "accountsPayable": 88231002, "otherLiab": 512121, "totalCurrentLiabilities": 129013624, "totalLiab": 129525745, "commonStock": 33900000, "retainedEarnings": 38771616, "totalStockholderEquity": 72671616, "netTangibleAssets": 72110594}, {"maxAge": 1, "endDate": "2017-03-31", "cash": 2399654, "netReceivables": 79357094, "inventory": 45064666, "otherCurrentAssets": 29354063, "totalCurrentAssets": 156227631, "propertyPlantEquipment": 451088, "intangibleAssets": 94177, "otherAssets": 5781843, "deferredLongTermAssetCharges": 5578158, "totalAssets": 162554739, "accountsPayable": 60979279, "otherLiab": 444979, "totalCurrentLiabilities": 81999324, "totalLiab": 82444303, "commonStock": 33900000, "retainedEarnings": 46210436, "totalStockholderEquity": 80110436, "netTangibleAssets": 80016259}], "maxAge": 86400}, "financialData": {"maxAge": 86400, "currentPrice": 7.1, "recommendationKey": "none", "totalCash": 1162000, "totalCashPerShare": 0.344, "ebitda": 2466889, "totalDebt": 55174000, "totalRevenue": 158315904, "debtToEquity": 176.653, "revenuePerShare": 46.765, "grossProfits": 29034878, "revenueGrowth": 0.667, "grossMargins": 0.14729999, "ebitdaMargins": 0.015579999, "operatingMargins": -0.012460001, "profitMargins": -0.062529996, "financialCurrency": "INR"}}}