{"THOMASCOTT.BO": {"cashflowStatementHistory": {"cashflowStatements": [{"maxAge": 1, "endDate": "2020-03-31", "netIncome": -19346000, "depreciation": 2775000, "changeToNetincome": 8337000, "changeToAccountReceivables": -13648000, "changeToLiabilities": 38516000, "changeToInventory": -12911000, "changeToOperatingActivities": -1085000, "totalCashFromOperatingActivities": 2638000, "capitalExpenditures": -5325000, "otherCashflowsFromInvestingActivities": 21000, "totalCashflowsFromInvestingActivities": -4762000, "netBorrowings": 9482000, "otherCashflowsFromFinancingActivities": -7867000, "totalCashFromFinancingActivities": 1615000, "changeInCash": -509000}, {"maxAge": 1, "endDate": "2019-03-31", "netIncome": -12166181, "depreciation": 276313, "changeToNetincome": 6322541, "changeToAccountReceivables": -10352505, "changeToLiabilities": 22135705, "changeToInventory": -1048371, "changeToOperatingActivities": -2205658, "totalCashFromOperatingActivities": 3145988, "capitalExpenditures": -10557079, "otherCashflowsFromInvestingActivities": 5102, "totalCashflowsFromInvestingActivities": -10551977, "netBorrowings": 13726439, "otherCashflowsFromFinancingActivities": -5686720, "totalCashFromFinancingActivities": 8039719, "changeInCash": 633730}, {"maxAge": 1, "endDate": "2018-03-31", "netIncome": -7438820, "depreciation": 118026, "changeToNetincome": 5256365, "changeToAccountReceivables": -40211282, "changeToLiabilities": 27251723, "changeToInventory": -2072605, "changeToOperatingActivities": -122959, "totalCashFromOperatingActivities": -17118397, "capitalExpenditures": -568000, "otherCashflowsFromInvestingActivities": 173277, "totalCashflowsFromInvestingActivities": -394723, "netBorrowings": 19469870, "otherCashflowsFromFinancingActivities": -3972631, "totalCashFromFinancingActivities": 15497239, "changeInCash": -2015880}, {"maxAge": 1, "endDate": "2017-03-31", "netIncome": 4844253, "depreciation": 177801, "changeToNetincome": 1688537, "changeToAccountReceivables": -42003691, "changeToLiabilities": 2704110, "changeToInventory": 13740364, "changeToOperatingActivities": 169495, "totalCashFromOperatingActivities": -18675370, "capitalExpenditures": -568000, "otherCashflowsFromInvestingActivities": 171329, "totalCashflowsFromInvestingActivities": 171329, "netBorrowings": 20630228, "otherCashflowsFromFinancingActivities": -1206207, "totalCashFromFinancingActivities": 19424021, "changeInCash": 919980}], "maxAge": 86400}, "institutionOwnership": {"maxAge": 1, "ownershipList": []}, "balanceSheetHistoryQuarterly": {"balanceSheetStatements": [{"maxAge": 1, "endDate": "2020-06-30", "totalStockholderEquity": 41217000, "netTangibleAssets": 40940000}, {"maxAge": 1, "endDate": "2020-03-31", "cash": 508000, "netReceivables": 143569000, "inventory": 61096000, "otherCurrentAssets": 33664000, "totalCurrentAssets": 238837000, "propertyPlantEquipment": 12705000, "intangibleAssets": 277000, "otherAssets": 3594000, "deferredLongTermAssetCharges": 3039000, "totalAssets": 255413000, "accountsPayable": 148883000, "otherCurrentLiab": 134000, "otherLiab": 872000, "totalCurrentLiabilities": 213324000, "totalLiab": 214196000, "commonStock": 33900000, "retainedEarnings": 7317000, "totalStockholderEquity": 41217000, "netTangibleAssets": 40940000}, {"maxAge": 1, "endDate": "2019-12-31", "totalStockholderEquity": 48344000, "netTangibleAssets": 48007000}, {"maxAge": 1, "endDate": "2019-09-30", "cash": 1379000, "netReceivables": 129197000, "inventory": 50556000, "otherCurrentAssets": 32841000, "totalCurrentAssets": 213973000, "propertyPlantEquipment": 11442000, "intangibleAssets": 337000, "otherAssets": 3543000, "deferredLongTermAssetCharges": 2969000, "totalAssets": 229295000, "accountsPayable": 115001000, "otherCurrentLiab": 246000, "otherLiab": 603000, "totalCurrentLiabilities": 180348000, "totalLiab": 180951000, "commonStock": 33900000, "retainedEarnings": 14444000, "totalStockholderEquity": 48344000, "netTangibleAssets": 48007000}], "maxAge": 86400}, "indexTrend": {"maxAge": 1, "symbol": "SP5", "peRatio": 19.7411, "pegRatio": 1.34172, "estimates": [{"period": "0q", "growth": 0.549}, {"period": "+1q", "growth": 0.431}, {"period": "0y", "growth": 0.305}, {"period": "+1y", "growth": 0.109}, {"period": "+5y", "growth": 0.120865}, {"period": "-5y"}]}, "insiderTransactions": {"transactions": [{"maxAge": 1, "shares": 87150, "filerUrl": "", "transactionText": "", "filerName": "Bang (Ramanujdas)", "filerRelation": "Promoter", "moneyText": "", "startDate": "2019-01-24", "ownership": "D"}], "maxAge": 1}, "quoteType": {"exchange": "BSE", "quoteType": "EQUITY", "symbol": "THOMASCOTT.BO", "underlyingSymbol": "THOMASCOTT.BO", "shortName": "THOMAS SCOTT (INDIA) LIMITED", "longName": "Thomas Scott (India) Limited", "firstTradeDateEpochUtc": "2012-01-30 09:15:00", "timeZoneFullName": "Asia/Kolkata", "timeZoneShortName": "IST", "uuid": "f854fbbb-1d8e-30d9-a7c5-6ea81f90b559", "messageBoardId": null, "gmtOffSetMilliseconds": 19800000, "maxAge": 1}, "incomeStatementHistory": {"incomeStatementHistory": [{"maxAge": 1, "endDate": "2020-03-31", "totalRevenue": 217552000, "costOfRevenue": 187427000, "grossProfit": 30125000, "researchDevelopment": {}, "sellingGeneralAdministrative": 20557000, "nonRecurring": {}, "otherOperatingExpenses": 17889000, "totalOperatingExpenses": 228648000, "operatingIncome": -11096000, "totalOtherIncomeExpenseNet": -7776000, "ebit": -11096000, "interestExpense": -7881000, "incomeBeforeTax": -18872000, "incomeTaxExpense": 474000, "minorityInterest": {}, "netIncomeFromContinuingOps": -19346000, "discontinuedOperations": {}, "extraordinaryItems": {}, "effectOfAccountingCharges": {}, "otherItems": {}, "netIncome": -19346000, "netIncomeApplicableToCommonShares": -19346000}, {"maxAge": 1, "endDate": "2019-03-31", "totalRevenue": 216177194, "costOfRevenue": 192975822, "grossProfit": 23201372, "researchDevelopment": {}, "sellingGeneralAdministrative": 13383715, "nonRecurring": {}, "otherOperatingExpenses": 15230699, "totalOperatingExpenses": 222050693, "operatingIncome": -5873499, "totalOtherIncomeExpenseNet": -5684207, "ebit": -5873499, "interestExpense": -5686720, "incomeBeforeTax": -11557706, "incomeTaxExpense": 608475, "minorityInterest": {}, "netIncomeFromContinuingOps": -12166181, "discontinuedOperations": {}, "extraordinaryItems": {}, "effectOfAccountingCharges": {}, "otherItems": {}, "netIncome": -12166181, "netIncomeApplicableToCommonShares": -12166181}, {"maxAge": 1, "endDate": "2018-03-31", "totalRevenue": 204561599, "costOfRevenue": 172764685, "grossProfit": 31796914, "researchDevelopment": {}, "sellingGeneralAdministrative": 13848582, "nonRecurring": {}, "otherOperatingExpenses": 19899122, "totalOperatingExpenses": 206731570, "operatingIncome": -2169971, "totalOtherIncomeExpenseNet": -3811837, "ebit": -2169971, "interestExpense": -3972631, "incomeBeforeTax": -5981808, "incomeTaxExpense": 1457012, "minorityInterest": {}, "netIncomeFromContinuingOps": -7438820, "discontinuedOperations": {}, "extraordinaryItems": {}, "effectOfAccountingCharges": {}, "otherItems": {}, "netIncome": -7438820, "netIncomeApplicableToCommonShares": -7438820}, {"maxAge": 1, "endDate": "2017-03-31", "totalRevenue": 174017438, "costOfRevenue": 133255329, "grossProfit": 40762109, "researchDevelopment": {}, "sellingGeneralAdministrative": 14808786, "nonRecurring": {}, "otherOperatingExpenses": 19228831, "totalOperatingExpenses": 167474508, "operatingIncome": 6542930, "totalOtherIncomeExpenseNet": -1045017, "ebit": 6542930, "interestExpense": -1206207, "incomeBeforeTax": 5497913, "incomeTaxExpense": 653660, "minorityInterest": {}, "netIncomeFromContinuingOps": 4844253, "discontinuedOperations": {}, "extraordinaryItems": {}, "effectOfAccountingCharges": {}, "otherItems": {}, "netIncome": 4844253, "netIncomeApplicableToCommonShares": 4844253}], "maxAge": 86400}, "fundOwnership": {"maxAge": 1, "ownershipList": []}, "summaryDetail": {"maxAge": 1, "priceHint": 2, "previousClose": 6.0, "open": 6.3, "dayLow": 6.3, "dayHigh": 6.3, "regularMarketPreviousClose": 6.0, "regularMarketOpen": 6.3, "regularMarketDayLow": 6.3, "regularMarketDayHigh": 6.3, "volume": 2, "regularMarketVolume": 2, "averageVolume": 807, "averageVolume10days": 2142, "averageDailyVolume10Day": 2142, "bid": 6.3, "ask": 0.0, "bidSize": 0, "askSize": 0, "marketCap": 21357000, "fiftyTwoWeekLow": 4.1, "fiftyTwoWeekHigh": 7.67, "fiftyDayAverage": 6.560294, "twoHundredDayAverage": 6.0228677, "currency": "INR", "fromCurrency": null, "toCurrency": null, "lastMarket": null, "algorithm": null, "tradeable": false}, "incomeStatementHistoryQuarterly": {"incomeStatementHistory": [{"maxAge": 1, "endDate": "2020-06-30", "totalRevenue": 679000, "costOfRevenue": 518000, "grossProfit": 161000, "researchDevelopment": {}, "sellingGeneralAdministrative": 152000, "nonRecurring": {}, "otherOperatingExpenses": 829000, "totalOperatingExpenses": 2150000, "operatingIncome": -1471000, "totalOtherIncomeExpenseNet": -2063000, "ebit": -1471000, "interestExpense": -2064000, "incomeBeforeTax": -3534000, "incomeTaxExpense": -201000, "minorityInterest": {}, "netIncomeFromContinuingOps": -3333000, "discontinuedOperations": {}, "extraordinaryItems": {}, "effectOfAccountingCharges": {}, "otherItems": {}, "netIncome": -3333000, "netIncomeApplicableToCommonShares": -3333000}, {"maxAge": 1, "endDate": "2020-03-31", "totalRevenue": 76096000, "costOfRevenue": 64290000, "grossProfit": 11806000, "researchDevelopment": {}, "sellingGeneralAdministrative": 4785000, "nonRecurring": {}, "otherOperatingExpenses": 5003000, "totalOperatingExpenses": 74826000, "operatingIncome": 1270000, "totalOtherIncomeExpenseNet": -2261000, "ebit": 1270000, "interestExpense": -2345000, "incomeBeforeTax": -991000, "incomeTaxExpense": 106000, "minorityInterest": {}, "netIncomeFromContinuingOps": -1097000, "discontinuedOperations": {}, "extraordinaryItems": {}, "effectOfAccountingCharges": {}, "otherItems": {}, "netIncome": -1097000, "netIncomeApplicableToCommonShares": -1097000}, {"maxAge": 1, "endDate": "2019-12-31", "totalRevenue": 43126000, "costOfRevenue": 37013000, "grossProfit": 6113000, "researchDevelopment": {}, "sellingGeneralAdministrative": 5214000, "nonRecurring": {}, "otherOperatingExpenses": 4619000, "totalOperatingExpenses": 47572000, "operatingIncome": -4446000, "totalOtherIncomeExpenseNet": -1785000, "ebit": -4446000, "interestExpense": -1785000, "incomeBeforeTax": -6231000, "incomeTaxExpense": -175000, "minorityInterest": {}, "netIncomeFromContinuingOps": -6056000, "discontinuedOperations": {}, "extraordinaryItems": {}, "effectOfAccountingCharges": {}, "otherItems": {}, "netIncome": -6056000, "netIncomeApplicableToCommonShares": -6056000}, {"maxAge": 1, "endDate": "2019-09-30", "totalRevenue": 44488000, "costOfRevenue": 36083000, "grossProfit": 8405000, "researchDevelopment": {}, "sellingGeneralAdministrative": 5352000, "nonRecurring": {}, "otherOperatingExpenses": 4215000, "totalOperatingExpenses": 46344000, "operatingIncome": -1856000, "totalOtherIncomeExpenseNet": -1897000, "ebit": -1856000, "interestExpense": -1917000, "incomeBeforeTax": -3753000, "incomeTaxExpense": 90000, "minorityInterest": {}, "netIncomeFromContinuingOps": -3843000, "discontinuedOperations": {}, "extraordinaryItems": {}, "effectOfAccountingCharges": {}, "otherItems": {}, "netIncome": -3843000, "netIncomeApplicableToCommonShares": -3843000}], "maxAge": 86400}, "cashflowStatementHistoryQuarterly": {"cashflowStatements": [{"maxAge": 1, "endDate": "2020-06-30", "netIncome": -3333000, "changeToLiabilities": 0}, {"maxAge": 1, "endDate": "2020-03-31", "netIncome": -1097000, "changeToLiabilities": 0}, {"maxAge": 1, "endDate": "2019-12-31", "netIncome": -6056000, "changeToLiabilities": 0}, {"maxAge": 1, "endDate": "2019-09-30", "netIncome": -3843000, "changeToLiabilities": 0}], "maxAge": 86400}, "insiderHolders": {"holders": [{"maxAge": 1, "name": "Bang (Ramanujdas)", "relation": "Promoter", "url": "", "transactionDescription": "Purchase", "latestTransDate": "2019-01-24", "positionDirect": 280800, "positionDirectDate": "2019-01-24"}], "maxAge": 1}, "calendarEvents": {"maxAge": 1, "earnings": {"earningsDate": []}}, "price": {"maxAge": 1, "regularMarketChangePercent": 0.050000027, "regularMarketChange": 0.3000002, "regularMarketTime": "2021-04-30 11:24:10", "priceHint": 2, "regularMarketPrice": 6.3, "regularMarketDayHigh": 6.3, "regularMarketDayLow": 6.3, "regularMarketVolume": 2, "averageDailyVolume10Day": 2142, "averageDailyVolume3Month": 807, "regularMarketPreviousClose": 6.0, "regularMarketSource": "FREE_REALTIME", "regularMarketOpen": 6.3, "exchange": "BSE", "exchangeName": "BSE", "exchangeDataDelayedBy": 0, "marketState": "CLOSED", "quoteType": "EQUITY", "symbol": "THOMASCOTT.BO", "underlyingSymbol": null, "shortName": "THOMAS SCOTT (INDIA) LIMITED", "longName": "Thomas Scott (India) Limited", "currency": "INR", "quoteSourceName": "Delayed Quote", "currencySymbol": "\u20b9", "fromCurrency": null, "toCurrency": null, "lastMarket": null, "marketCap": 21357000}, "balanceSheetHistory": {"balanceSheetStatements": [{"maxAge": 1, "endDate": "2020-03-31", "cash": 508000, "netReceivables": 143569000, "inventory": 61096000, "otherCurrentAssets": 33664000, "totalCurrentAssets": 238837000, "propertyPlantEquipment": 12705000, "intangibleAssets": 277000, "otherAssets": 3594000, "deferredLongTermAssetCharges": 3039000, "totalAssets": 255413000, "accountsPayable": 148883000, "otherCurrentLiab": 134000, "otherLiab": 872000, "totalCurrentLiabilities": 213324000, "totalLiab": 214196000, "commonStock": 33900000, "retainedEarnings": 7317000, "totalStockholderEquity": 41217000, "netTangibleAssets": 40940000}, {"maxAge": 1, "endDate": "2019-03-31", "cash": 1017504, "netReceivables": 129920881, "inventory": 48185642, "otherCurrentAssets": 32274629, "totalCurrentAssets": 211515301, "propertyPlantEquipment": 10594294, "intangibleAssets": 396412, "otherAssets": 4006400, "deferredLongTermAssetCharges": 3512671, "totalAssets": 226512407, "accountsPayable": 110366707, "otherCurrentLiab": 11401, "otherLiab": 669145, "totalCurrentLiabilities": 165305379, "totalLiab": 165974524, "commonStock": 33900000, "retainedEarnings": 26637883, "treasuryStock": 26638000, "otherStockholderEquity": 26638000, "totalStockholderEquity": 60537883, "netTangibleAssets": 60141471}, {"maxAge": 1, "endDate": "2018-03-31", "cash": 383774, "netReceivables": 119568377, "inventory": 47137271, "otherCurrentAssets": 29849739, "totalCurrentAssets": 196978403, "propertyPlantEquipment": 333062, "intangibleAssets": 561022, "otherAssets": 4324874, "deferredLongTermAssetCharges": 4121146, "totalAssets": 202197361, "accountsPayable": 88231002, "otherLiab": 512121, "totalCurrentLiabilities": 129013624, "totalLiab": 129525745, "commonStock": 33900000, "retainedEarnings": 38771616, "totalStockholderEquity": 72671616, "netTangibleAssets": 72110594}, {"maxAge": 1, "endDate": "2017-03-31", "cash": 2399654, "netReceivables": 79357094, "inventory": 45064666, "otherCurrentAssets": 29354063, "totalCurrentAssets": 156227631, "propertyPlantEquipment": 451088, "intangibleAssets": 94177, "otherAssets": 5781843, "deferredLongTermAssetCharges": 5578158, "totalAssets": 162554739, "accountsPayable": 60979279, "otherLiab": 444979, "totalCurrentLiabilities": 81999324, "totalLiab": 82444303, "commonStock": 33900000, "retainedEarnings": 46210436, "totalStockholderEquity": 80110436, "netTangibleAssets": 80016259}], "maxAge": 86400}, "financialData": {"maxAge": 86400, "currentPrice": 6.3, "recommendationKey": "none", "grossProfits": 30125000, "financialCurrency": "INR"}}}