{"THYROCARE.BO": {"recommendationTrend": {"trend": [{"period": "0m", "strongBuy": 0, "buy": 0, "hold": 0, "sell": 0, "strongSell": 0}, {"period": "-1m", "strongBuy": 0, "buy": 0, "hold": 0, "sell": 0, "strongSell": 0}, {"period": "-2m", "strongBuy": 0, "buy": 0, "hold": 0, "sell": 0, "strongSell": 0}, {"period": "-3m", "strongBuy": 0, "buy": 0, "hold": 0, "sell": 0, "strongSell": 0}], "maxAge": 86400}, "cashflowStatementHistory": {"cashflowStatements": [{"maxAge": 1, "endDate": "2020-03-31", "netIncome": 884100000, "depreciation": 315600000, "changeToNetincome": 137900000, "changeToAccountReceivables": -62900000, "changeToLiabilities": 143500000, "changeToInventory": -25400000, "changeToOperatingActivities": 280000000, "totalCashFromOperatingActivities": 1676300000, "capitalExpenditures": -99000000, "investments": 95900000, "otherCashflowsFromInvestingActivities": 12400000, "totalCashflowsFromInvestingActivities": 9500000, "dividendsPaid": -1319600000, "netBorrowings": -43900000, "otherCashflowsFromFinancingActivities": -284700000, "totalCashFromFinancingActivities": -1647800000, "changeInCash": 38000000, "issuanceOfStock": 400000}, {"maxAge": 1, "endDate": "2019-03-31", "netIncome": 851400000, "depreciation": 255600000, "changeToNetincome": -99400000, "changeToAccountReceivables": -27900000, "changeToLiabilities": 9100000, "changeToInventory": -10300000, "changeToOperatingActivities": 22600000, "totalCashFromOperatingActivities": 1003100000, "capitalExpenditures": -402500000, "investments": 255300000, "otherCashflowsFromInvestingActivities": 17900000, "totalCashflowsFromInvestingActivities": -115900000, "dividendsPaid": -268600000, "netBorrowings": 25000000, "otherCashflowsFromFinancingActivities": -63100000, "totalCashFromFinancingActivities": -936300000, "changeInCash": -49100000, "repurchaseOfStock": -630000000, "issuanceOfStock": 400000}, {"maxAge": 1, "endDate": "2018-03-31", "netIncome": 932800000, "depreciation": 198500000, "changeToNetincome": -85200000, "changeToAccountReceivables": -37200000, "changeToLiabilities": -1300000, "changeToInventory": -25600000, "changeToOperatingActivities": 85800000, "totalCashFromOperatingActivities": 1070300000, "capitalExpenditures": -436500000, "investments": -35100000, "otherCashflowsFromInvestingActivities": 39200000, "totalCashflowsFromInvestingActivities": -432200000, "dividendsPaid": -537200000, "netBorrowings": 25000000, "otherCashflowsFromFinancingActivities": -101500000, "totalCashFromFinancingActivities": -638700000, "changeInCash": -600000, "repurchaseOfStock": -630000000, "issuanceOfStock": 400000}, {"maxAge": 1, "endDate": "2017-03-31", "netIncome": 428450000, "depreciation": 177140000, "changeToNetincome": 231080000, "changeToAccountReceivables": 5150000, "changeToLiabilities": -5430000, "changeToInventory": -37830000, "changeToOperatingActivities": 93780000, "totalCashFromOperatingActivities": 895710000, "capitalExpenditures": -363680000, "investments": -101940000, "otherCashflowsFromInvestingActivities": 49860000, "totalCashflowsFromInvestingActivities": -415150000, "dividendsPaid": -402930000, "netBorrowings": 25000000, "otherCashflowsFromFinancingActivities": -82260000, "totalCashFromFinancingActivities": -485190000, "changeInCash": -4630000, "repurchaseOfStock": -630000000, "issuanceOfStock": 400000}], "maxAge": 86400}, "institutionOwnership": {"maxAge": 1, "ownershipList": []}, "balanceSheetHistoryQuarterly": {"balanceSheetStatements": [{"maxAge": 1, "endDate": "2020-06-30", "totalStockholderEquity": 3666600000, "netTangibleAssets": 2652200000}, {"maxAge": 1, "endDate": "2020-03-31", "cash": 87100000, "netReceivables": 172600000, "inventory": 227800000, "otherCurrentAssets": 335000000, "totalCurrentAssets": 1522500000, "longTermInvestments": 211700000, "propertyPlantEquipment": 1725800000, "goodWill": 1002800000, "intangibleAssets": 11600000, "otherAssets": 218900000, "deferredLongTermAssetCharges": 4800000, "totalAssets": 4693300000, "accountsPayable": 218600000, "otherCurrentLiab": 481900000, "longTermDebt": 25000000, "otherLiab": 127900000, "totalCurrentLiabilities": 816900000, "totalLiab": 1026700000, "commonStock": 528400000, "retainedEarnings": 2101800000, "treasuryStock": 364000000, "capitalSurplus": 672400000, "otherStockholderEquity": 364000000, "totalStockholderEquity": 3666600000, "netTangibleAssets": 2652200000}, {"maxAge": 1, "endDate": "2019-12-31", "totalStockholderEquity": 3714300000, "netTangibleAssets": 2631600000}, {"maxAge": 1, "endDate": "2019-09-30", "cash": 258800000, "shortTermInvestments": 179200000, "netReceivables": 166700000, "inventory": 231800000, "otherCurrentAssets": 367100000, "totalCurrentAssets": 1203600000, "longTermInvestments": 257300000, "propertyPlantEquipment": 1756200000, "goodWill": 1068600000, "intangibleAssets": 14100000, "otherAssets": 193700000, "deferredLongTermAssetCharges": 52500000, "totalAssets": 4493500000, "accountsPayable": 85700000, "otherCurrentLiab": 465500000, "longTermDebt": 26100000, "otherLiab": 70300000, "totalCurrentLiabilities": 570100000, "totalLiab": 779200000, "commonStock": 528000000, "treasuryStock": 3186300000, "otherStockholderEquity": 3186300000, "totalStockholderEquity": 3714300000, "netTangibleAssets": 2631600000}], "maxAge": 86400}, "earningsHistory": {"history": [{"maxAge": 1, "epsActual": 4.02, "epsEstimate": 4.5, "epsDifference": -0.48, "surprisePercent": -0.107, "quarter": "2017-12-31", "period": "-4q"}, {"maxAge": 1, "epsActual": 4.66, "epsEstimate": 4.4, "epsDifference": 0.26, "surprisePercent": 0.059, "quarter": "2018-03-31", "period": "-3q"}, {"maxAge": 1, "epsActual": 4.35, "epsEstimate": 4.87, "epsDifference": -0.52, "surprisePercent": -0.107, "quarter": "2018-06-30", "period": "-2q"}, {"maxAge": 1, "epsActual": 4.69, "epsEstimate": 4.6, "epsDifference": 0.09, "surprisePercent": 0.02, "quarter": "2018-09-30", "period": "-1q"}], "maxAge": 86400}, "indexTrend": {"maxAge": 1, "symbol": "SP5", "peRatio": 19.7411, "pegRatio": 1.34172, "estimates": [{"period": "0q", "growth": 0.549}, {"period": "+1q", "growth": 0.431}, {"period": "0y", "growth": 0.305}, {"period": "+1y", "growth": 0.109}, {"period": "+5y", "growth": 0.120865}, {"period": "-5y"}]}, "industryTrend": {"maxAge": 1, "symbol": null, "estimates": []}, "insiderTransactions": {"transactions": [{"maxAge": 1, "shares": 378, "value": 3879, "filerUrl": "", "transactionText": "Acquisition at price 10.26 per share.", "filerName": "Velumani (A.)", "filerRelation": "Promoter", "moneyText": "", "startDate": "2020-09-30", "ownership": "D"}, {"maxAge": 1, "shares": 26200, "value": 268214, "filerUrl": "", "transactionText": "Acquisition at price 10.24 per share.", "filerName": "Velumani (A) HUF", "filerRelation": "Promoter", "moneyText": "", "startDate": "2020-09-29", "ownership": "D"}, {"maxAge": 1, "shares": 19688, "value": 201445, "filerUrl": "", "transactionText": "Acquisition at price 10.23 per share.", "filerName": "Velumani (A) HUF", "filerRelation": "Promoter", "moneyText": "", "startDate": "2020-09-09", "ownership": "D"}, {"maxAge": 1, "shares": 7980, "value": 81490, "filerUrl": "", "transactionText": "Acquisition at price 10.21 per share.", "filerName": "Velumani (A.)", "filerRelation": "UNREPORTED", "moneyText": "", "startDate": "2020-09-07", "ownership": "D"}, {"maxAge": 1, "shares": 21548, "value": 201163, "filerUrl": "", "transactionText": "Acquisition at price 9.34 per share.", "filerName": "Velumani (A) HUF", "filerRelation": "UNREPORTED", "moneyText": "", "startDate": "2020-08-14", "ownership": "D"}, {"maxAge": 1, "shares": 135878, "filerUrl": "", "transactionText": "", "filerName": "Velumani (A) HUF", "filerRelation": "Promoter", "moneyText": "", "startDate": "2020-06-12", "ownership": "D"}, {"maxAge": 1, "shares": 2866371, "filerUrl": "", "transactionText": "", "filerName": "Nalanda India Equity Fund Ltd.", "filerRelation": "Promoter", "moneyText": "", "startDate": "2020-03-25", "ownership": "D"}, {"maxAge": 1, "shares": 6703, "filerUrl": "", "transactionText": "", "filerName": "Velumani (A) HUF", "filerRelation": "Promoter", "moneyText": "", "startDate": "2019-06-04", "ownership": "D"}, {"maxAge": 1, "shares": 47, "filerUrl": "", "transactionText": "", "filerName": "Velumani (A) HUF", "filerRelation": "Promoter", "moneyText": "", "startDate": "2019-05-24", "ownership": "D"}, {"maxAge": 1, "shares": 10000, "filerUrl": "", "transactionText": "", "filerName": "Pavilion Commercial Pvt. Ltd.", "filerRelation": "Institution- Corporation", "moneyText": "", "startDate": "2019-04-22", "ownership": "D"}, {"maxAge": 1, "shares": 25000, "filerUrl": "", "transactionText": "", "filerName": "Velumani (A) HUF", "filerRelation": "Promoter", "moneyText": "", "startDate": "2019-04-22", "ownership": "D"}, {"maxAge": 1, "shares": 12054, "filerUrl": "", "transactionText": "", "filerName": "Velumani (A) HUF", "filerRelation": "Promoter", "moneyText": "", "startDate": "2019-04-18", "ownership": "D"}, {"maxAge": 1, "shares": 10000, "filerUrl": "", "transactionText": "", "filerName": "Velumani (A) HUF", "filerRelation": "Promoter", "moneyText": "", "startDate": "2019-03-08", "ownership": "D"}, {"maxAge": 1, "shares": 90129, "filerUrl": "", "transactionText": "", "filerName": "Velumani (A) HUF", "filerRelation": "Promoter", "moneyText": "", "startDate": "2019-02-28", "ownership": "D"}, {"maxAge": 1, "shares": 33172, "filerUrl": "", "transactionText": "", "filerName": "Velumani (A) HUF", "filerRelation": "UNREPORTED", "moneyText": "", "startDate": "2019-02-15", "ownership": "D"}, {"maxAge": 1, "shares": 115000, "filerUrl": "", "transactionText": "", "filerName": "Velumani (A) HUF", "filerRelation": "UNREPORTED", "moneyText": "", "startDate": "2019-02-14", "ownership": "D"}, {"maxAge": 1, "shares": 82962, "filerUrl": "", "transactionText": "", "filerName": "Velumani (A) HUF", "filerRelation": "UNREPORTED", "moneyText": "", "startDate": "2019-02-13", "ownership": "D"}], "maxAge": 1}, "quoteType": {"exchange": "BSE", "quoteType": "EQUITY", "symbol": "THYROCARE.BO", "underlyingSymbol": "THYROCARE.BO", "shortName": "Thyrocare Technologies Limited", "longName": "Thyrocare Technologies Limited", "firstTradeDateEpochUtc": "2016-05-09 09:15:00", "timeZoneFullName": "Asia/Kolkata", "timeZoneShortName": "IST", "uuid": "04b16553-5088-3bf2-b701-6bfc5c4534ca", "messageBoardId": null, "gmtOffSetMilliseconds": 19800000, "maxAge": 1}, "incomeStatementHistory": {"incomeStatementHistory": [{"maxAge": 1, "endDate": "2020-03-31", "totalRevenue": 4342600000, "costOfRevenue": 1744500000, "grossProfit": 2598100000, "researchDevelopment": {}, "sellingGeneralAdministrative": 69400000, "nonRecurring": {}, "otherOperatingExpenses": 792900000, "totalOperatingExpenses": 2925900000, "operatingIncome": 1416700000, "totalOtherIncomeExpenseNet": -12500000, "ebit": 1416700000, "interestExpense": -18500000, "incomeBeforeTax": 1404200000, "incomeTaxExpense": 520100000, "minorityInterest": {}, "netIncomeFromContinuingOps": 884100000, "discontinuedOperations": {}, "extraordinaryItems": {}, "effectOfAccountingCharges": {}, "otherItems": {}, "netIncome": 884100000, "netIncomeApplicableToCommonShares": 884100000}, {"maxAge": 1, "endDate": "2019-03-31", "totalRevenue": 4039300000, "costOfRevenue": 1604700000, "grossProfit": 2434600000, "researchDevelopment": {}, "sellingGeneralAdministrative": 244200000, "nonRecurring": {}, "otherOperatingExpenses": 637600000, "totalOperatingExpenses": 2748200000, "operatingIncome": 1291100000, "totalOtherIncomeExpenseNet": 89500000, "ebit": 1291100000, "interestExpense": -6100000, "incomeBeforeTax": 1380600000, "incomeTaxExpense": 529200000, "minorityInterest": {}, "netIncomeFromContinuingOps": 851400000, "discontinuedOperations": {}, "extraordinaryItems": {}, "effectOfAccountingCharges": {}, "otherItems": {}, "netIncome": 851400000, "netIncomeApplicableToCommonShares": 851400000}, {"maxAge": 1, "endDate": "2018-03-31", "totalRevenue": 3569400000, "costOfRevenue": 1338600000, "grossProfit": 2230800000, "researchDevelopment": {}, "sellingGeneralAdministrative": 237000000, "nonRecurring": {}, "otherOperatingExpenses": 523500000, "totalOperatingExpenses": 2300100000, "operatingIncome": 1269300000, "totalOtherIncomeExpenseNet": 180600000, "ebit": 1269300000, "interestExpense": -4400000, "incomeBeforeTax": 1449900000, "incomeTaxExpense": 517100000, "minorityInterest": {}, "netIncomeFromContinuingOps": 932800000, "discontinuedOperations": {}, "extraordinaryItems": {}, "effectOfAccountingCharges": {}, "otherItems": {}, "netIncome": 932800000, "netIncomeApplicableToCommonShares": 932800000}, {"maxAge": 1, "endDate": "2017-03-31", "totalRevenue": 3045340000, "costOfRevenue": 1166180000, "grossProfit": 1879160000, "researchDevelopment": {}, "sellingGeneralAdministrative": 220280000, "nonRecurring": {}, "otherOperatingExpenses": 476300000, "totalOperatingExpenses": 2043270000, "operatingIncome": 1002070000, "totalOtherIncomeExpenseNet": -185330000, "ebit": 1002070000, "interestExpense": -2680000, "incomeBeforeTax": 816740000, "incomeTaxExpense": 388290000, "minorityInterest": {}, "netIncomeFromContinuingOps": 428450000, "discontinuedOperations": {}, "extraordinaryItems": {}, "effectOfAccountingCharges": {}, "otherItems": {}, "netIncome": 428450000, "netIncomeApplicableToCommonShares": 428450000}], "maxAge": 86400}, "fundOwnership": {"maxAge": 1, "ownershipList": [{"maxAge": 1, "reportDate": "2020-07-31", "organization": "DFA Emerging Markets Small Cap Series", "pctHeld": 0.0014, "position": 71460, "value": 50161347}, {"maxAge": 1, "reportDate": "2020-07-31", "organization": "DFA Emerging Markets Core Equity Portfolio", "pctHeld": 0.0011999999, "position": 64929, "value": 45576911}, {"maxAge": 1, "reportDate": "2020-08-31", "organization": "SPDR Portfolio Emerging Markets ETF", "pctHeld": 0.0011, "position": 58298, "value": 43746819}, {"maxAge": 1, "reportDate": "2020-09-30", "organization": "SPDR (R) Idx Shares-SPDR (R) S&P (R) Emerging Asia Pacific ETF", "pctHeld": 0.0008, "position": 43436, "value": 32941862}, {"maxAge": 1, "reportDate": "2020-07-31", "organization": "DFA Investment Dimensions-Emerging Markets Social Core Equity", "pctHeld": 0.0002, "position": 8171, "value": 5735633}, {"maxAge": 1, "reportDate": "2020-07-31", "organization": "DFA T.A. World Ex U.S. Core Equity Portfolio", "pctHeld": 0.0001, "position": 5937, "value": 4167477}, {"maxAge": 1, "reportDate": "2020-07-31", "organization": "DFA Investment Dimensions-World Ex U.S. Core Equity Port", "pctHeld": 0.0001, "position": 4402, "value": 3089983}]}, "summaryDetail": {"maxAge": 1, "priceHint": 2, "previousClose": 1047.0, "open": 1059.6, "dayLow": 1021.25, "dayHigh": 1083.55, "regularMarketPreviousClose": 1047.0, "regularMarketOpen": 1059.6, "regularMarketDayLow": 1021.25, "regularMarketDayHigh": 1083.55, "trailingPE": 90.56287, "forwardPE": 43.099243, "volume": 35288, "regularMarketVolume": 35288, "averageVolume": 10682, "averageVolume10days": 4371, "averageDailyVolume10Day": 4371, "bid": 1024.9, "ask": 1025.85, "bidSize": 0, "askSize": 0, "marketCap": 54006800384, "fiftyTwoWeekLow": 410.0, "fiftyTwoWeekHigh": 1212.0, "fiftyDayAverage": 931.80145, "twoHundredDayAverage": 921.1272, "trailingAnnualDividendRate": 5.0, "trailingAnnualDividendYield": 0.0047755493, "currency": "INR", "fromCurrency": null, "toCurrency": null, "lastMarket": null, "algorithm": null, "tradeable": false}, "sectorTrend": {"maxAge": 1, "symbol": null, "estimates": []}, "incomeStatementHistoryQuarterly": {"incomeStatementHistory": [{"maxAge": 1, "endDate": "2020-06-30", "totalRevenue": 562700000, "costOfRevenue": 351800000, "grossProfit": 210900000, "researchDevelopment": {}, "sellingGeneralAdministrative": {}, "nonRecurring": {}, "otherOperatingExpenses": 126300000, "totalOperatingExpenses": 547800000, "operatingIncome": 14900000, "totalOtherIncomeExpenseNet": 6400000, "ebit": 14900000, "interestExpense": -3200000, "incomeBeforeTax": 21300000, "incomeTaxExpense": 19000000, "minorityInterest": {}, "netIncomeFromContinuingOps": 2300000, "discontinuedOperations": {}, "extraordinaryItems": {}, "effectOfAccountingCharges": {}, "otherItems": {}, "netIncome": 2300000, "netIncomeApplicableToCommonShares": 2300000}, {"maxAge": 1, "endDate": "2020-03-31", "totalRevenue": 1025000000, "costOfRevenue": 495300000, "grossProfit": 529700000, "researchDevelopment": {}, "sellingGeneralAdministrative": 69400000, "nonRecurring": {}, "otherOperatingExpenses": 140200000, "totalOperatingExpenses": 789800000, "operatingIncome": 235200000, "totalOtherIncomeExpenseNet": -59600000, "ebit": 235200000, "interestExpense": -3800000, "incomeBeforeTax": 175600000, "incomeTaxExpense": 191600000, "minorityInterest": {}, "netIncomeFromContinuingOps": -16000000, "discontinuedOperations": {}, "extraordinaryItems": {}, "effectOfAccountingCharges": {}, "otherItems": {}, "netIncome": -16000000, "netIncomeApplicableToCommonShares": -16000000}, {"maxAge": 1, "endDate": "2019-12-31", "totalRevenue": 1057900000, "costOfRevenue": 399000000, "grossProfit": 658900000, "researchDevelopment": {}, "sellingGeneralAdministrative": 69400000, "nonRecurring": {}, "otherOperatingExpenses": 220900000, "totalOperatingExpenses": 698300000, "operatingIncome": 359600000, "totalOtherIncomeExpenseNet": 5200000, "ebit": 359600000, "interestExpense": -3900000, "incomeBeforeTax": 364800000, "incomeTaxExpense": 89900000, "minorityInterest": {}, "netIncomeFromContinuingOps": 274900000, "discontinuedOperations": {}, "extraordinaryItems": {}, "effectOfAccountingCharges": {}, "otherItems": {}, "netIncome": 274900000, "netIncomeApplicableToCommonShares": 274900000}, {"maxAge": 1, "endDate": "2019-09-30", "totalRevenue": 1162400000, "costOfRevenue": 426300000, "grossProfit": 736100000, "researchDevelopment": {}, "sellingGeneralAdministrative": 69400000, "nonRecurring": {}, "otherOperatingExpenses": 214500000, "totalOperatingExpenses": 723100000, "operatingIncome": 439300000, "totalOtherIncomeExpenseNet": 21200000, "ebit": 439300000, "interestExpense": -6100000, "incomeBeforeTax": 460500000, "incomeTaxExpense": 110000000, "minorityInterest": {}, "netIncomeFromContinuingOps": 350500000, "discontinuedOperations": {}, "extraordinaryItems": {}, "effectOfAccountingCharges": {}, "otherItems": {}, "netIncome": 350500000, "netIncomeApplicableToCommonShares": 350500000}], "maxAge": 86400}, "cashflowStatementHistoryQuarterly": {"cashflowStatements": [{"maxAge": 1, "endDate": "2020-06-30", "netIncome": 2300000, "changeToLiabilities": 0}, {"maxAge": 1, "endDate": "2020-03-31", "netIncome": -16000000, "changeToLiabilities": 0}, {"maxAge": 1, "endDate": "2019-12-31", "netIncome": 274900000, "changeToLiabilities": 0}, {"maxAge": 1, "endDate": "2019-09-30", "netIncome": 350500000, "changeToLiabilities": 0}], "maxAge": 86400}, "insiderHolders": {"holders": [{"maxAge": 1, "name": "Nalanda India Equity Fund Ltd.", "relation": "Promoter", "url": "", "transactionDescription": "Acquisition", "latestTransDate": "2020-03-25", "positionDirect": 3366371, "positionDirectDate": "2020-03-25"}, {"maxAge": 1, "name": "Pavilion Commercial Pvt. Ltd.", "relation": "Institution- Corporation", "url": "", "transactionDescription": "Acquisition", "latestTransDate": "2019-04-22", "positionDirect": 10000, "positionDirectDate": "2019-04-22"}, {"maxAge": 1, "name": "Velumani (A) HUF", "relation": "Promoter", "url": "", "transactionDescription": "Acquisition", "latestTransDate": "2020-09-29", "positionDirect": 1490209, "positionDirectDate": "2020-09-29"}, {"maxAge": 1, "name": "Velumani (A.)", "relation": "Promoter", "url": "", "transactionDescription": "Acquisition", "latestTransDate": "2020-09-30", "positionDirect": 14817675, "positionDirectDate": "2020-09-30"}], "maxAge": 1}, "earnings": {"maxAge": 86400, "earningsChart": {"quarterly": [{"date": "4Q2017", "actual": 4.02, "estimate": 4.5}, {"date": "1Q2018", "actual": 4.66, "estimate": 4.4}, {"date": "2Q2018", "actual": 4.35, "estimate": 4.87}, {"date": "3Q2018", "actual": 4.69, "estimate": 4.6}], "currentQuarterEstimateDate": "4Q", "currentQuarterEstimateYear": 2018, "earningsDate": []}, "financialsChart": {"yearly": [{"date": 2017, "revenue": 3045340000, "earnings": 428450000}, {"date": 2018, "revenue": 3569400000, "earnings": 932800000}, {"date": 2019, "revenue": 4039300000, "earnings": 851400000}, {"date": 2020, "revenue": 4342600000, "earnings": 884100000}], "quarterly": [{"date": "3Q2019", "revenue": 1162400000, "earnings": 350500000}, {"date": "4Q2019", "revenue": 1057900000, "earnings": 274900000}, {"date": "1Q2020", "revenue": 1025000000, "earnings": -16000000}, {"date": "2Q2020", "revenue": 562700000, "earnings": 2300000}]}, "financialCurrency": "INR"}, "calendarEvents": {"maxAge": 1, "earnings": {"earningsDate": [], "revenueAverage": 985000000, "revenueLow": 985000000, "revenueHigh": 985000000}}, "price": {"maxAge": 1, "regularMarketChangePercent": -0.021107905, "regularMarketChange": -22.099976, "regularMarketTime": "2021-04-30 15:56:03", "priceHint": 2, "regularMarketPrice": 1024.9, "regularMarketDayHigh": 1083.55, "regularMarketDayLow": 1021.25, "regularMarketVolume": 35288, "averageDailyVolume10Day": 4371, "averageDailyVolume3Month": 10682, "regularMarketPreviousClose": 1047.0, "regularMarketSource": "FREE_REALTIME", "regularMarketOpen": 1059.6, "exchange": "BSE", "exchangeName": "BSE", "exchangeDataDelayedBy": 0, "marketState": "CLOSED", "quoteType": "EQUITY", "symbol": "THYROCARE.BO", "underlyingSymbol": null, "shortName": "Thyrocare Technologies Limited", "longName": "Thyrocare Technologies Limited", "currency": "INR", "quoteSourceName": "Delayed Quote", "currencySymbol": "\u20b9", "fromCurrency": null, "toCurrency": null, "lastMarket": null, "marketCap": 54006800384}, "balanceSheetHistory": {"balanceSheetStatements": [{"maxAge": 1, "endDate": "2020-03-31", "cash": 87100000, "netReceivables": 172600000, "inventory": 227800000, "otherCurrentAssets": 335000000, "totalCurrentAssets": 1522500000, "longTermInvestments": 211700000, "propertyPlantEquipment": 1725800000, "goodWill": 1002800000, "intangibleAssets": 11600000, "otherAssets": 218900000, "deferredLongTermAssetCharges": 4800000, "totalAssets": 4693300000, "accountsPayable": 218600000, "otherCurrentLiab": 481900000, "longTermDebt": 25000000, "otherLiab": 127900000, "totalCurrentLiabilities": 816900000, "totalLiab": 1026700000, "commonStock": 528400000, "retainedEarnings": 2101800000, "treasuryStock": 364000000, "capitalSurplus": 672400000, "otherStockholderEquity": 364000000, "totalStockholderEquity": 3666600000, "netTangibleAssets": 2652200000}, {"maxAge": 1, "endDate": "2019-03-31", "cash": 49100000, "netReceivables": 124600000, "inventory": 196700000, "otherCurrentAssets": 234500000, "totalCurrentAssets": 1360200000, "longTermInvestments": 206600000, "propertyPlantEquipment": 1872500000, "goodWill": 1068600000, "intangibleAssets": 16600000, "otherAssets": 222700000, "deferredLongTermAssetCharges": 51400000, "totalAssets": 4747200000, "accountsPayable": 75100000, "otherCurrentLiab": 71300000, "longTermDebt": 25000000, "otherLiab": 165100000, "totalCurrentLiabilities": 205900000, "totalLiab": 396000000, "commonStock": 527900000, "retainedEarnings": 2806900000, "treasuryStock": 365600000, "capitalSurplus": 650800000, "otherStockholderEquity": 365600000, "totalStockholderEquity": 4351200000, "netTangibleAssets": 3266000000}, {"maxAge": 1, "endDate": "2018-03-31", "cash": 98200000, "shortTermInvestments": 20400000, "netReceivables": 99300000, "inventory": 189000000, "totalCurrentAssets": 1424000000, "longTermInvestments": 200000000, "propertyPlantEquipment": 1901800000, "goodWill": 1068600000, "intangibleAssets": 17100000, "otherAssets": 178500000, "deferredLongTermAssetCharges": 52300000, "totalAssets": 4790000000, "accountsPayable": 65900000, "shortLongTermDebt": 5480000, "otherCurrentLiab": 90100000, "longTermDebt": 100760000, "otherLiab": 154100000, "totalCurrentLiabilities": 203000000, "totalLiab": 357100000, "commonStock": 537200000, "retainedEarnings": 2278200000, "treasuryStock": 345300000, "capitalSurplus": 1272200000, "otherStockholderEquity": 345300000, "totalStockholderEquity": 4432900000, "netTangibleAssets": 3347200000}, {"maxAge": 1, "endDate": "2017-03-31", "cash": 98840000, "shortTermInvestments": 19100000, "netReceivables": 133930000, "inventory": 150800000, "otherCurrentAssets": -10000, "totalCurrentAssets": 1495340000, "propertyPlantEquipment": 1686150000, "goodWill": 1068580000, "intangibleAssets": 6440000, "otherAssets": 121780000, "deferredLongTermAssetCharges": 37880000, "totalAssets": 4378290000, "accountsPayable": 12960000, "otherCurrentLiab": 55450000, "longTermDebt": 72500000, "otherLiab": 51520000, "totalCurrentLiabilities": 176190000, "totalLiab": 300210000, "commonStock": 536900000, "retainedEarnings": 1982480000, "treasuryStock": 325770000, "capitalSurplus": 1232930000, "otherStockholderEquity": 325770000, "totalStockholderEquity": 4078080000, "netTangibleAssets": 3003060000}], "maxAge": 86400}, "earningsTrend": {"trend": [{"maxAge": 1, "period": "0q", "endDate": "2018-12-31", "growth": {}, "earningsEstimate": {"avg": 0.0, "low": 0.0, "high": 0.0, "yearAgoEps": 4.02, "numberOfAnalysts": 0, "growth": {}}, "revenueEstimate": {"avg": 985000000, "low": 985000000, "high": 985000000, "numberOfAnalysts": 1, "yearAgoRevenue": 838680000, "growth": 0.174}, "epsTrend": {"current": 0.0, "7daysAgo": 4.61, "30daysAgo": 4.61, "60daysAgo": 4.61, "90daysAgo": 4.61}, "epsRevisions": {"upLast7days": 0, "upLast30days": 0, "downLast30days": 0, "downLast90days": {}}}, {"maxAge": 1, "period": "+1q", "endDate": "2019-03-31", "growth": {}, "earningsEstimate": {"avg": 0.0, "low": 0.0, "high": 0.0, "yearAgoEps": 4.66, "numberOfAnalysts": 0, "growth": {}}, "revenueEstimate": {"avg": 1133000000, "low": 1133000000, "high": 1133000000, "numberOfAnalysts": 1, "yearAgoRevenue": 966550000, "growth": 0.172}, "epsTrend": {"current": 0.0, "7daysAgo": 5.15, "30daysAgo": 5.15, "60daysAgo": 5.15, "90daysAgo": 5.15}, "epsRevisions": {"upLast7days": 0, "upLast30days": 0, "downLast30days": 0, "downLast90days": {}}}, {"maxAge": 1, "period": "0y", "endDate": "2019-03-31", "growth": {}, "earningsEstimate": {"avg": 0.0, "low": 0.0, "high": 0.0, "yearAgoEps": {}, "numberOfAnalysts": 0, "growth": {}}, "revenueEstimate": {"avg": 4334970000, "low": 4129000000, "high": 4792760000, "numberOfAnalysts": 7, "yearAgoRevenue": 3563150000, "growth": 0.21700001}, "epsTrend": {"current": 0.0, "7daysAgo": 19.77, "30daysAgo": 19.77, "60daysAgo": 19.77, "90daysAgo": 19.77}, "epsRevisions": {"upLast7days": 0, "upLast30days": 0, "downLast30days": 0, "downLast90days": {}}}, {"maxAge": 1, "period": "+1y", "endDate": "2020-03-31", "growth": {}, "earningsEstimate": {"avg": 0.0, "low": 0.0, "high": 0.0, "yearAgoEps": {}, "numberOfAnalysts": 0, "growth": {}}, "revenueEstimate": {"avg": 5118170000, "low": 4889000000, "high": 5667000000, "numberOfAnalysts": 6, "yearAgoRevenue": 4334970000, "growth": 0.18100001}, "epsTrend": {"current": 0.0, "7daysAgo": 23.78, "30daysAgo": 23.78, "60daysAgo": 23.78, "90daysAgo": 23.78}, "epsRevisions": {"upLast7days": 0, "upLast30days": 0, "downLast30days": 0, "downLast90days": {}}}, {"maxAge": 1, "period": "+5y", "endDate": null, "growth": 0.22600001, "earningsEstimate": {"avg": {}, "low": {}, "high": {}, "yearAgoEps": {}, "numberOfAnalysts": {}, "growth": {}}, "revenueEstimate": {"avg": {}, "low": {}, "high": {}, "numberOfAnalysts": {}, "yearAgoRevenue": {}, "growth": {}}, "epsTrend": {"current": {}, "7daysAgo": {}, "30daysAgo": {}, "60daysAgo": {}, "90daysAgo": {}}, "epsRevisions": {"upLast7days": {}, "upLast30days": {}, "downLast30days": {}, "downLast90days": {}}}, {"maxAge": 1, "period": "-5y", "endDate": null, "growth": {}, "earningsEstimate": {"avg": {}, "low": {}, "high": {}, "yearAgoEps": {}, "numberOfAnalysts": {}, "growth": {}}, "revenueEstimate": {"avg": {}, "low": {}, "high": {}, "numberOfAnalysts": {}, "yearAgoRevenue": {}, "growth": {}}, "epsTrend": {"current": {}, "7daysAgo": {}, "30daysAgo": {}, "60daysAgo": {}, "90daysAgo": {}}, "epsRevisions": {"upLast7days": {}, "upLast30days": {}, "downLast30days": {}, "downLast90days": {}}}], "maxAge": 1}, "financialData": {"maxAge": 86400, "currentPrice": 1024.9, "targetHighPrice": 950.0, "targetLowPrice": 675.0, "targetMeanPrice": 779.38, "targetMedianPrice": 765.0, "recommendationKey": "none", "numberOfAnalystOpinions": 8, "grossProfits": 2598100000, "financialCurrency": "INR"}}}