{"THYROCARE.NS": {"assetProfile": {"address1": "D/37-3, TTC Industrial Area", "address2": "MIDC Turbhe", "city": "Navi Mumbai", "zip": "400703", "country": "India", "phone": "91 22 4125 2525", "fax": "91 22 2768 2409", "website": "http://www.thyrocare.com", "industry": "Diagnostics & Research", "sector": "Healthcare", "longBusinessSummary": "Thyrocare Technologies Limited provides diagnostic testing services to patients, laboratories, and hospitals in India. The company operates through Diagnostic Testing Services, Imaging Services, and Others segments. It conducts medical diagnostic tests and profiles of tests that focuses on early detection and management of disorders and diseases, including thyroid, growth, metabolism, auto-immunity, diabetes, anaemia, cardiovascular, infertility, and various infectious diseases. Its profiles of tests include 54 profiles of tests administered under its Aarogyam brand, which offers patients a suite of wellness and preventive health care tests. The company sells glucometer and glucostrips under the brand name Sugarscan; and radio-pharmaceutical. Thyrocare Technologies Limited was founded in 1996 and is based in Navi Mumbai, India.", "fullTimeEmployees": 1333, "companyOfficers": [{"maxAge": 1, "name": "Dr. Velumani  Arokiaswamy", "age": 61, "title": "Chairman, CEO & MD", "yearBorn": 1959, "fiscalYear": 2020, "totalPay": 12, "exercisedValue": 0, "unexercisedValue": 0}, {"maxAge": 1, "name": "Mr. Sundararaju  Arokiaswamy", "age": 62, "title": "CFO & Exec. Director", "yearBorn": 1958, "fiscalYear": 2020, "totalPay": 6000000, "exercisedValue": 0, "unexercisedValue": 0}, {"maxAge": 1, "name": "Mr. Ramjee  Dorai", "age": 73, "title": "Head of Secretarial & Legal, Compliance Officer & Company Sec.", "yearBorn": 1947, "fiscalYear": 2020, "totalPay": 2794501, "exercisedValue": 0, "unexercisedValue": 0}, {"maxAge": 1, "name": "Dr. Caesar  Sengupta", "age": 46, "title": "VP of Operations", "yearBorn": 1974, "exercisedValue": 0, "unexercisedValue": 0}, {"maxAge": 1, "name": "Mr. Sachin  Salvi", "age": 39, "title": "VP of Fin.", "yearBorn": 1981, "exercisedValue": 0, "unexercisedValue": 0}], "compensationAsOfEpochDate": "2020-12-31 05:30:00", "maxAge": 86400}, "recommendationTrend": {"trend": [{"period": "0m", "strongBuy": 0, "buy": 0, "hold": 0, "sell": 0, "strongSell": 0}, {"period": "-1m", "strongBuy": 0, "buy": 0, "hold": 0, "sell": 0, "strongSell": 0}, {"period": "-2m", "strongBuy": 0, "buy": 0, "hold": 0, "sell": 0, "strongSell": 0}, {"period": "-3m", "strongBuy": 0, "buy": 0, "hold": 0, "sell": 0, "strongSell": 0}], "maxAge": 86400}, "cashflowStatementHistory": {"cashflowStatements": [{"maxAge": 1, "endDate": "2020-03-31", "netIncome": 884100000, "depreciation": 315600000, "changeToNetincome": 137900000, "changeToAccountReceivables": -62900000, "changeToLiabilities": 143500000, "changeToInventory": -25400000, "changeToOperatingActivities": 280000000, "totalCashFromOperatingActivities": 1676300000, "capitalExpenditures": -99000000, "investments": 95900000, "otherCashflowsFromInvestingActivities": 12400000, "totalCashflowsFromInvestingActivities": 9500000, "dividendsPaid": -1319600000, "netBorrowings": -43900000, "otherCashflowsFromFinancingActivities": -284700000, "totalCashFromFinancingActivities": -1647800000, "changeInCash": 38000000, "issuanceOfStock": 400000}, {"maxAge": 1, "endDate": "2019-03-31", "netIncome": 851400000, "depreciation": 255600000, "changeToNetincome": -99400000, "changeToAccountReceivables": -27900000, "changeToLiabilities": 9100000, "changeToInventory": -10300000, "changeToOperatingActivities": 22600000, "totalCashFromOperatingActivities": 1003100000, "capitalExpenditures": -402500000, "investments": 255300000, "otherCashflowsFromInvestingActivities": 17900000, "totalCashflowsFromInvestingActivities": -115900000, "dividendsPaid": -268600000, "netBorrowings": 25000000, "otherCashflowsFromFinancingActivities": -63100000, "totalCashFromFinancingActivities": -936300000, "changeInCash": -49100000, "repurchaseOfStock": -630000000, "issuanceOfStock": 400000}, {"maxAge": 1, "endDate": "2018-03-31", "netIncome": 932800000, "depreciation": 198500000, "changeToNetincome": -85200000, "changeToAccountReceivables": -37200000, "changeToLiabilities": -1300000, "changeToInventory": -25600000, "changeToOperatingActivities": 85800000, "totalCashFromOperatingActivities": 1070300000, "capitalExpenditures": -436500000, "investments": -35100000, "otherCashflowsFromInvestingActivities": 39200000, "totalCashflowsFromInvestingActivities": -432200000, "dividendsPaid": -537200000, "netBorrowings": 25000000, "otherCashflowsFromFinancingActivities": -101500000, "totalCashFromFinancingActivities": -638700000, "changeInCash": -600000, "repurchaseOfStock": -630000000, "issuanceOfStock": 400000}, {"maxAge": 1, "endDate": "2017-03-31", "netIncome": 428450000, "depreciation": 177140000, "changeToNetincome": 231080000, "changeToAccountReceivables": 5150000, "changeToLiabilities": -5430000, "changeToInventory": -37830000, "changeToOperatingActivities": 93780000, "totalCashFromOperatingActivities": 895710000, "capitalExpenditures": -363680000, "investments": -101940000, "otherCashflowsFromInvestingActivities": 49860000, "totalCashflowsFromInvestingActivities": -415150000, "dividendsPaid": -402930000, "netBorrowings": 25000000, "otherCashflowsFromFinancingActivities": -82260000, "totalCashFromFinancingActivities": -485190000, "changeInCash": -4630000, "repurchaseOfStock": -630000000, "issuanceOfStock": 400000}], "maxAge": 86400}, "indexTrend": {"maxAge": 1, "symbol": "SP5", "peRatio": 19.7411, "pegRatio": 1.34172, "estimates": [{"period": "0q", "growth": 0.549}, {"period": "+1q", "growth": 0.431}, {"period": "0y", "growth": 0.305}, {"period": "+1y", "growth": 0.109}, {"period": "+5y", "growth": 0.120865}, {"period": "-5y"}]}, "defaultKeyStatistics": {"maxAge": 1, "priceHint": 2, "enterpriseValue": 53412646912, "forwardPE": 43.99571, "profitMargins": 0.16447, "floatShares": 13476459, "sharesOutstanding": 52874400, "heldPercentInsiders": 0.73371005, "heldPercentInstitutions": 0.17087999, "beta": 0.544269, "category": null, "bookValue": 79.792, "priceToBook": 12.847153, "fundFamily": null, "legalType": null, "lastFiscalYearEnd": "2020-03-31 05:30:00", "nextFiscalYearEnd": "2022-03-31 05:30:00", "mostRecentQuarter": "2020-12-31 05:30:00", "earningsQuarterlyGrowth": 0.178, "netIncomeToCommon": 740600000, "trailingEps": 14.011, "forwardEps": 23.3, "pegRatio": 1.38, "lastSplitFactor": null, "enterpriseToRevenue": 11.862, "enterpriseToEbitda": 36.152}, "industryTrend": {"maxAge": 1, "symbol": null, "estimates": []}, "quoteType": {"exchange": "NSI", "quoteType": "EQUITY", "symbol": "THYROCARE.NS", "underlyingSymbol": "THYROCARE.NS", "shortName": "THYROCARE TECHNOL", "longName": "Thyrocare Technologies Limited", "firstTradeDateEpochUtc": "2016-05-10 09:15:00", "timeZoneFullName": "Asia/Kolkata", "timeZoneShortName": "IST", "uuid": "1ffea05a-d4e4-3e4f-aba8-58a3b8f22ccf", "gmtOffSetMilliseconds": 19800000, "maxAge": 1}, "incomeStatementHistory": {"incomeStatementHistory": [{"maxAge": 1, "endDate": "2020-03-31", "totalRevenue": 4342600000, "costOfRevenue": 1744500000, "grossProfit": 2598100000, "researchDevelopment": {}, "sellingGeneralAdministrative": 69400000, "nonRecurring": {}, "otherOperatingExpenses": 792900000, "totalOperatingExpenses": 2925900000, "operatingIncome": 1416700000, "totalOtherIncomeExpenseNet": -12500000, "ebit": 1416700000, "interestExpense": -18500000, "incomeBeforeTax": 1404200000, "incomeTaxExpense": 520100000, "minorityInterest": {}, "netIncomeFromContinuingOps": 884100000, "discontinuedOperations": {}, "extraordinaryItems": {}, "effectOfAccountingCharges": {}, "otherItems": {}, "netIncome": 884100000, "netIncomeApplicableToCommonShares": 884100000}, {"maxAge": 1, "endDate": "2019-03-31", "totalRevenue": 4039300000, "costOfRevenue": 1604700000, "grossProfit": 2434600000, "researchDevelopment": {}, "sellingGeneralAdministrative": 244200000, "nonRecurring": {}, "otherOperatingExpenses": 637600000, "totalOperatingExpenses": 2748200000, "operatingIncome": 1291100000, "totalOtherIncomeExpenseNet": 89500000, "ebit": 1291100000, "interestExpense": -6100000, "incomeBeforeTax": 1380600000, "incomeTaxExpense": 529200000, "minorityInterest": {}, "netIncomeFromContinuingOps": 851400000, "discontinuedOperations": {}, "extraordinaryItems": {}, "effectOfAccountingCharges": {}, "otherItems": {}, "netIncome": 851400000, "netIncomeApplicableToCommonShares": 851400000}, {"maxAge": 1, "endDate": "2018-03-31", "totalRevenue": 3569400000, "costOfRevenue": 1338600000, "grossProfit": 2230800000, "researchDevelopment": {}, "sellingGeneralAdministrative": 237000000, "nonRecurring": {}, "otherOperatingExpenses": 523500000, "totalOperatingExpenses": 2300100000, "operatingIncome": 1269300000, "totalOtherIncomeExpenseNet": 180600000, "ebit": 1269300000, "interestExpense": -4400000, "incomeBeforeTax": 1449900000, "incomeTaxExpense": 517100000, "minorityInterest": {}, "netIncomeFromContinuingOps": 932800000, "discontinuedOperations": {}, "extraordinaryItems": {}, "effectOfAccountingCharges": {}, "otherItems": {}, "netIncome": 932800000, "netIncomeApplicableToCommonShares": 932800000}, {"maxAge": 1, "endDate": "2017-03-31", "totalRevenue": 3045340000, "costOfRevenue": 1166180000, "grossProfit": 1879160000, "researchDevelopment": {}, "sellingGeneralAdministrative": 220280000, "nonRecurring": {}, "otherOperatingExpenses": 476300000, "totalOperatingExpenses": 2043270000, "operatingIncome": 1002070000, "totalOtherIncomeExpenseNet": -185330000, "ebit": 1002070000, "interestExpense": -2680000, "incomeBeforeTax": 816740000, "incomeTaxExpense": 388290000, "minorityInterest": {}, "netIncomeFromContinuingOps": 428450000, "discontinuedOperations": {}, "extraordinaryItems": {}, "effectOfAccountingCharges": {}, "otherItems": {}, "netIncome": 428450000, "netIncomeApplicableToCommonShares": 428450000}], "maxAge": 86400}, "fundOwnership": {"ownershipList": [{"maxAge": 1, "reportDate": "2021-01-31", "organization": "DFA Emerging Markets Small Cap Series", "pctHeld": 0.0014, "position": 75263, "value": 68000120}, {"maxAge": 1, "reportDate": "2021-03-31", "organization": "SPDR Portfolio Emerging Markets ETF", "pctHeld": 0.0013, "position": 68693, "value": 62002301}, {"maxAge": 1, "reportDate": "2021-01-31", "organization": "DFA Emerging Markets Core Equity Portfolio", "pctHeld": 0.0011999999, "position": 64929, "value": 58663351}, {"maxAge": 1, "reportDate": "2021-03-31", "organization": "SPDR (R) Idx Shares-SPDR (R) S&P (R) Emerging Asia Pacific ETF", "pctHeld": 0.001, "position": 53264, "value": 48076086}, {"maxAge": 1, "reportDate": "2021-03-31", "organization": "iShares MSCI India Small Cap ETF", "pctHeld": 0.0007, "position": 34511, "value": 31149628}, {"maxAge": 1, "reportDate": "2020-12-31", "organization": "College Retirement Equities Fund-Stock Account", "pctHeld": 0.00029999999, "position": 14164, "value": 12931732}, {"maxAge": 1, "reportDate": "2021-01-31", "organization": "DFA Investment Dimensions-Emerging Markets Social Core Equity", "pctHeld": 0.0002, "position": 8171, "value": 7382498}, {"maxAge": 1, "reportDate": "2021-03-31", "organization": "iShares MSCI Emerging Markets Small Cap ETF", "pctHeld": 0.0001, "position": 7425, "value": 6701805}, {"maxAge": 1, "reportDate": "2021-03-31", "organization": "SPDR (R) Idx Shares-SPDR (R) Emerging Markets Small Cap ETF", "pctHeld": 0.0001, "position": 7387, "value": 6667506}, {"maxAge": 1, "reportDate": "2021-01-31", "organization": "DFA T.A. World Ex U.S. Core Equity Portfolio", "pctHeld": 0.0001, "position": 5937, "value": 5364079}], "maxAge": 1}, "summaryDetail": {"maxAge": 1, "priceHint": 2, "previousClose": 1048.4, "open": 1051.95, "dayLow": 1020.0, "dayHigh": 1083.8, "regularMarketPreviousClose": 1048.4, "regularMarketOpen": 1051.95, "regularMarketDayLow": 1020.0, "regularMarketDayHigh": 1083.8, "dividendRate": 15.0, "dividendYield": 0.0150999995, "exDividendDate": "2020-11-12 05:30:00", "payoutRatio": 0.7133, "beta": 0.544269, "trailingPE": 73.16394, "forwardPE": 43.99571, "volume": 892032, "regularMarketVolume": 892032, "averageVolume": 153335, "averageVolume10days": 579397, "averageDailyVolume10Day": 579397, "bid": 1025.1, "ask": 0.0, "bidSize": 0, "askSize": 0, "marketCap": 54201544704, "fiftyTwoWeekLow": 482.0, "fiftyTwoWeekHigh": 1212.0, "priceToSalesTrailing12Months": 12.03703, "fiftyDayAverage": 896.77795, "twoHundredDayAverage": 959.8759, "trailingAnnualDividendRate": 10.0, "trailingAnnualDividendYield": 0.009538344, "currency": "INR", "fromCurrency": null, "lastMarket": null, "algorithm": null, "tradeable": false}, "insiderHolders": {"holders": [{"maxAge": 1, "name": "Nalanda India Equity Fund Ltd.", "relation": "Promoter", "url": "", "transactionDescription": "Acquisition", "latestTransDate": "2020-03-25", "positionDirect": 3366371, "positionDirectDate": "2020-03-25"}, {"maxAge": 1, "name": "Pavilion Commercial Pvt. Ltd.", "relation": "Institution- Corporation", "url": "", "transactionDescription": "Acquisition", "latestTransDate": "2019-04-22", "positionDirect": 10000, "positionDirectDate": "2019-04-22"}, {"maxAge": 1, "name": "Thyrocare Properties And Infrastructure Pvt. Ltd.", "relation": "Promoter", "url": "", "transactionDescription": "Acquisition", "latestTransDate": "2020-12-28", "positionDirect": 5225315, "positionDirectDate": "2020-12-28"}, {"maxAge": 1, "name": "Velumani (A) HUF", "relation": "Promoter", "url": "", "transactionDescription": "Acquisition", "latestTransDate": "2020-12-21", "positionDirect": 1497209, "positionDirectDate": "2020-12-21"}, {"maxAge": 1, "name": "Velumani (A.)", "relation": "Promoter", "url": "", "transactionDescription": "Acquisition", "latestTransDate": "2020-09-30", "positionDirect": 14817675, "positionDirectDate": "2020-09-30"}], "maxAge": 1}, "calendarEvents": {"maxAge": 1, "earnings": {"earningsDate": [], "revenueAverage": 1007000000, "revenueLow": 1007000000, "revenueHigh": 1007000000}, "exDividendDate": "2020-11-12 05:30:00"}, "upgradeDowngradeHistory": {"history": [], "maxAge": 86400}, "price": {"maxAge": 1, "regularMarketChangePercent": -0.022224389, "regularMarketChange": -23.300049, "regularMarketTime": "2021-04-30 15:29:59", "priceHint": 2, "regularMarketPrice": 1025.1, "regularMarketDayHigh": 1083.8, "regularMarketDayLow": 1020.0, "regularMarketVolume": 892032, "averageDailyVolume10Day": 579397, "averageDailyVolume3Month": 153335, "regularMarketPreviousClose": 1048.4, "regularMarketSource": "FREE_REALTIME", "regularMarketOpen": 1051.95, "exchange": "NSI", "exchangeName": "NSE", "exchangeDataDelayedBy": 15, "marketState": "CLOSED", "quoteType": "EQUITY", "symbol": "THYROCARE.NS", "underlyingSymbol": null, "shortName": "THYROCARE TECHNOL", "longName": "Thyrocare Technologies Limited", "currency": "INR", "quoteSourceName": "Delayed Quote", "currencySymbol": "\u20b9", "fromCurrency": null, "lastMarket": null, "marketCap": 54201544704}, "balanceSheetHistory": {"balanceSheetStatements": [{"maxAge": 1, "endDate": "2020-03-31", "cash": 87100000, "netReceivables": 172600000, "inventory": 227800000, "otherCurrentAssets": 335000000, "totalCurrentAssets": 1522500000, "longTermInvestments": 211700000, "propertyPlantEquipment": 1725800000, "goodWill": 1002800000, "intangibleAssets": 11600000, "otherAssets": 218900000, "deferredLongTermAssetCharges": 4800000, "totalAssets": 4693300000, "accountsPayable": 218600000, "otherCurrentLiab": 481900000, "longTermDebt": 25000000, "otherLiab": 127900000, "totalCurrentLiabilities": 816900000, "totalLiab": 1026700000, "commonStock": 528400000, "retainedEarnings": 2101800000, "treasuryStock": 364000000, "capitalSurplus": 672400000, "otherStockholderEquity": 364000000, "totalStockholderEquity": 3666600000, "netTangibleAssets": 2652200000}, {"maxAge": 1, "endDate": "2019-03-31", "cash": 49100000, "netReceivables": 124600000, "inventory": 196700000, "otherCurrentAssets": 234500000, "totalCurrentAssets": 1360200000, "longTermInvestments": 206600000, "propertyPlantEquipment": 1872500000, "goodWill": 1068600000, "intangibleAssets": 16600000, "otherAssets": 222700000, "deferredLongTermAssetCharges": 51400000, "totalAssets": 4747200000, "accountsPayable": 75100000, "otherCurrentLiab": 71300000, "longTermDebt": 25000000, "otherLiab": 165100000, "totalCurrentLiabilities": 205900000, "totalLiab": 396000000, "commonStock": 527900000, "retainedEarnings": 2806900000, "treasuryStock": 365600000, "capitalSurplus": 650800000, "otherStockholderEquity": 365600000, "totalStockholderEquity": 4351200000, "netTangibleAssets": 3266000000}, {"maxAge": 1, "endDate": "2018-03-31", "cash": 98200000, "shortTermInvestments": 20400000, "netReceivables": 99300000, "inventory": 189000000, "totalCurrentAssets": 1424000000, "longTermInvestments": 200000000, "propertyPlantEquipment": 1901800000, "goodWill": 1068600000, "intangibleAssets": 17100000, "otherAssets": 178500000, "deferredLongTermAssetCharges": 52300000, "totalAssets": 4790000000, "accountsPayable": 65900000, "shortLongTermDebt": 5480000, "otherCurrentLiab": 90100000, "longTermDebt": 100760000, "otherLiab": 154100000, "totalCurrentLiabilities": 203000000, "totalLiab": 357100000, "commonStock": 537200000, "retainedEarnings": 2278200000, "treasuryStock": 345300000, "capitalSurplus": 1272200000, "otherStockholderEquity": 345300000, "totalStockholderEquity": 4432900000, "netTangibleAssets": 3347200000}, {"maxAge": 1, "endDate": "2017-03-31", "cash": 98840000, "shortTermInvestments": 19100000, "netReceivables": 133930000, "inventory": 150800000, "otherCurrentAssets": -10000, "totalCurrentAssets": 1495340000, "propertyPlantEquipment": 1686150000, "goodWill": 1068580000, "intangibleAssets": 6440000, "otherAssets": 121780000, "deferredLongTermAssetCharges": 37880000, "totalAssets": 4378290000, "accountsPayable": 12960000, "otherCurrentLiab": 55450000, "longTermDebt": 72500000, "otherLiab": 51520000, "totalCurrentLiabilities": 176190000, "totalLiab": 300210000, "commonStock": 536900000, "retainedEarnings": 1982480000, "treasuryStock": 325770000, "capitalSurplus": 1232930000, "otherStockholderEquity": 325770000, "totalStockholderEquity": 4078080000, "netTangibleAssets": 3003060000}], "maxAge": 86400}, "earningsTrend": {"trend": [{"maxAge": 1, "period": "0q", "endDate": "2018-06-30", "growth": {}, "earningsEstimate": {"avg": 0.0, "low": 0.0, "high": 0.0, "yearAgoEps": {}, "numberOfAnalysts": 0, "growth": {}}, "revenueEstimate": {"avg": 1007000000, "low": 1007000000, "high": 1007000000, "numberOfAnalysts": 1, "yearAgoRevenue": 877560000, "growth": 0.147}, "epsTrend": {"current": 0.0, "7daysAgo": 0.0, "30daysAgo": 0.0, "60daysAgo": 0.0, "90daysAgo": 0.0}, "epsRevisions": {"upLast7days": 0, "upLast30days": 0, "downLast30days": 0, "downLast90days": {}}}, {"maxAge": 1, "period": "+1q", "endDate": "2018-09-30", "growth": {}, "earningsEstimate": {"avg": 0.0, "low": 0.0, "high": 0.0, "yearAgoEps": 4.47, "numberOfAnalysts": 0, "growth": {}}, "revenueEstimate": {"avg": 0, "low": 0, "high": 0, "numberOfAnalysts": 0, "yearAgoRevenue": {}, "growth": {}}, "epsTrend": {"current": 0.0, "7daysAgo": 0.0, "30daysAgo": 0.0, "60daysAgo": 0.0, "90daysAgo": 0.0}, "epsRevisions": {"upLast7days": 0, "upLast30days": 0, "downLast30days": 0, "downLast90days": {}}}, {"maxAge": 1, "period": "0y", "endDate": "2019-03-31", "growth": 0.064, "earningsEstimate": {"avg": 18.88, "low": 17.5, "high": 21.27, "yearAgoEps": 17.75, "numberOfAnalysts": 7, "growth": 0.064}, "revenueEstimate": {"avg": 4355110000, "low": 4208000000, "high": 4792760000, "numberOfAnalysts": 7, "yearAgoRevenue": 3563150000, "growth": 0.222}, "epsTrend": {"current": 18.88, "7daysAgo": 18.88, "30daysAgo": 19.42, "60daysAgo": 19.48, "90daysAgo": 21.25}, "epsRevisions": {"upLast7days": 0, "upLast30days": 0, "downLast30days": 0, "downLast90days": {}}}, {"maxAge": 1, "period": "+1y", "endDate": "2020-03-31", "growth": 0.234, "earningsEstimate": {"avg": 23.3, "low": 21.7, "high": 28.82, "yearAgoEps": 18.88, "numberOfAnalysts": 7, "growth": 0.234}, "revenueEstimate": {"avg": 5248140000, "low": 5073000000, "high": 5667000000, "numberOfAnalysts": 7, "yearAgoRevenue": 4355110000, "growth": 0.205}, "epsTrend": {"current": 23.3, "7daysAgo": 23.3, "30daysAgo": 23.3, "60daysAgo": 23.2, "90daysAgo": 25.5}, "epsRevisions": {"upLast7days": 0, "upLast30days": 0, "downLast30days": 0, "downLast90days": {}}}, {"maxAge": 1, "period": "+5y", "endDate": null, "growth": 0.22600001, "earningsEstimate": {"avg": {}, "low": {}, "high": {}, "yearAgoEps": {}, "numberOfAnalysts": {}, "growth": {}}, "revenueEstimate": {"avg": {}, "low": {}, "high": {}, "numberOfAnalysts": {}, "yearAgoRevenue": {}, "growth": {}}, "epsTrend": {"current": {}, "7daysAgo": {}, "30daysAgo": {}, "60daysAgo": {}, "90daysAgo": {}}, "epsRevisions": {"upLast7days": {}, "upLast30days": {}, "downLast30days": {}, "downLast90days": {}}}, {"maxAge": 1, "period": "-5y", "endDate": null, "growth": {}, "earningsEstimate": {"avg": {}, "low": {}, "high": {}, "yearAgoEps": {}, "numberOfAnalysts": {}, "growth": {}}, "revenueEstimate": {"avg": {}, "low": {}, "high": {}, "numberOfAnalysts": {}, "yearAgoRevenue": {}, "growth": {}}, "epsTrend": {"current": {}, "7daysAgo": {}, "30daysAgo": {}, "60daysAgo": {}, "90daysAgo": {}}, "epsRevisions": {"upLast7days": {}, "upLast30days": {}, "downLast30days": {}, "downLast90days": {}}}], "maxAge": 1}, "institutionOwnership": {"ownershipList": [], "maxAge": 1}, "majorHoldersBreakdown": {"maxAge": 1, "insidersPercentHeld": 0.73371005, "institutionsPercentHeld": 0.17087999, "institutionsFloatPercentHeld": 0.64169997, "institutionsCount": 17}, "balanceSheetHistoryQuarterly": {"balanceSheetStatements": [{"maxAge": 1, "endDate": "2020-12-31", "totalStockholderEquity": 4214800000, "netTangibleAssets": 3201300000}, {"maxAge": 1, "endDate": "2020-09-30", "cash": 90200000, "shortTermInvestments": 790100000, "netReceivables": 427600000, "inventory": 269900000, "otherCurrentAssets": 345100000, "totalCurrentAssets": 1922900000, "longTermInvestments": 236700000, "propertyPlantEquipment": 1722400000, "goodWill": 1002800000, "intangibleAssets": 10700000, "otherAssets": 342600000, "deferredLongTermAssetCharges": 119500000, "totalAssets": 5238100000, "accountsPayable": 213300000, "otherCurrentLiab": 530600000, "longTermDebt": 26100000, "otherLiab": 151200000, "totalCurrentLiabilities": 755200000, "totalLiab": 1023300000, "commonStock": 528300000, "treasuryStock": 3686500000, "otherStockholderEquity": 3686500000, "totalStockholderEquity": 4214800000, "netTangibleAssets": 3201300000}, {"maxAge": 1, "endDate": "2020-06-30", "totalStockholderEquity": 3666600000, "netTangibleAssets": 2652200000}, {"maxAge": 1, "endDate": "2020-03-31", "cash": 87100000, "netReceivables": 172600000, "inventory": 227800000, "otherCurrentAssets": 335000000, "totalCurrentAssets": 1522500000, "longTermInvestments": 211700000, "propertyPlantEquipment": 1725800000, "goodWill": 1002800000, "intangibleAssets": 11600000, "otherAssets": 218900000, "deferredLongTermAssetCharges": 4800000, "totalAssets": 4693300000, "accountsPayable": 218600000, "otherCurrentLiab": 481900000, "longTermDebt": 25000000, "otherLiab": 127900000, "totalCurrentLiabilities": 816900000, "totalLiab": 1026700000, "commonStock": 528400000, "retainedEarnings": 2101800000, "treasuryStock": 364000000, "capitalSurplus": 672400000, "otherStockholderEquity": 364000000, "totalStockholderEquity": 3666600000, "netTangibleAssets": 2652200000}], "maxAge": 86400}, "earningsHistory": {"history": [{"maxAge": 1, "epsActual": {}, "epsEstimate": {}, "epsDifference": {}, "surprisePercent": {}, "quarter": {}, "period": "-4q"}, {"maxAge": 1, "epsActual": 4.47, "epsEstimate": 3.83, "epsDifference": 0.64, "surprisePercent": 0.16700001, "quarter": "2017-06-30", "period": "-3q"}, {"maxAge": 1, "epsActual": 4.02, "epsEstimate": 4.5, "epsDifference": -0.48, "surprisePercent": -0.107, "quarter": "2017-12-31", "period": "-2q"}, {"maxAge": 1, "epsActual": 4.66, "epsEstimate": 4.4, "epsDifference": 0.26, "surprisePercent": 0.059, "quarter": "2018-03-31", "period": "-1q"}], "maxAge": 86400}, "summaryProfile": {"address1": "D/37-3, TTC Industrial Area", "address2": "MIDC Turbhe", "city": "Navi Mumbai", "zip": "400703", "country": "India", "phone": "91 22 4125 2525", "fax": "91 22 2768 2409", "website": "http://www.thyrocare.com", "industry": "Diagnostics & Research", "sector": "Healthcare", "longBusinessSummary": "Thyrocare Technologies Limited provides diagnostic testing services to patients, laboratories, and hospitals in India. The company operates through Diagnostic Testing Services, Imaging Services, and Others segments. It conducts medical diagnostic tests and profiles of tests that focuses on early detection and management of disorders and diseases, including thyroid, growth, metabolism, auto-immunity, diabetes, anaemia, cardiovascular, infertility, and various infectious diseases. Its profiles of tests include 54 profiles of tests administered under its Aarogyam brand, which offers patients a suite of wellness and preventive health care tests. The company sells glucometer and glucostrips under the brand name Sugarscan; and radio-pharmaceutical. Thyrocare Technologies Limited was founded in 1996 and is based in Navi Mumbai, India.", "fullTimeEmployees": 1333, "companyOfficers": [], "maxAge": 86400}, "netSharePurchaseActivity": {"maxAge": 1, "period": "6m", "buyInfoCount": 0, "buyInfoShares": 0, "sellInfoCount": 0, "netInfoCount": 0, "netInfoShares": 0, "netPercentInsiderShares": 0.0, "totalInsiderShares": 38768140}, "insiderTransactions": {"transactions": [{"maxAge": 1, "shares": 4145, "value": 52393, "filerUrl": "", "transactionText": "Acquisition at price 12.64 per share.", "filerName": "Thyrocare Properties And Infrastructure Pvt. Ltd.", "filerRelation": "Promoter", "moneyText": "", "startDate": "2020-12-28", "ownership": "D"}, {"maxAge": 1, "shares": 7000, "value": 85104, "filerUrl": "", "transactionText": "Acquisition at price 12.16 per share.", "filerName": "Velumani (A) HUF", "filerRelation": "Promoter", "moneyText": "", "startDate": "2020-12-21", "ownership": "D"}, {"maxAge": 1, "shares": 3370, "value": 40971, "filerUrl": "", "transactionText": "Acquisition at price 12.16 per share.", "filerName": "Thyrocare Properties And Infrastructure Pvt. Ltd.", "filerRelation": "Promoter", "moneyText": "", "startDate": "2020-12-21", "ownership": "D"}, {"maxAge": 1, "shares": 378, "value": 3879, "filerUrl": "", "transactionText": "Acquisition at price 10.26 per share.", "filerName": "Velumani (A.)", "filerRelation": "Promoter", "moneyText": "", "startDate": "2020-09-30", "ownership": "D"}, {"maxAge": 1, "shares": 26200, "value": 268214, "filerUrl": "", "transactionText": "Acquisition at price 10.24 per share.", "filerName": "Velumani (A) HUF", "filerRelation": "Promoter", "moneyText": "", "startDate": "2020-09-29", "ownership": "D"}, {"maxAge": 1, "shares": 19688, "value": 201445, "filerUrl": "", "transactionText": "Acquisition at price 10.23 per share.", "filerName": "Velumani (A) HUF", "filerRelation": "Promoter", "moneyText": "", "startDate": "2020-09-09", "ownership": "D"}, {"maxAge": 1, "shares": 7980, "value": 81490, "filerUrl": "", "transactionText": "Acquisition at price 10.21 per share.", "filerName": "Velumani (A.)", "filerRelation": "UNREPORTED", "moneyText": "", "startDate": "2020-09-07", "ownership": "D"}, {"maxAge": 1, "shares": 21548, "value": 201163, "filerUrl": "", "transactionText": "Acquisition at price 9.34 per share.", "filerName": "Velumani (A) HUF", "filerRelation": "UNREPORTED", "moneyText": "", "startDate": "2020-08-14", "ownership": "D"}, {"maxAge": 1, "shares": 135878, "filerUrl": "", "transactionText": "", "filerName": "Velumani (A) HUF", "filerRelation": "Promoter", "moneyText": "", "startDate": "2020-06-12", "ownership": "D"}, {"maxAge": 1, "shares": 2866371, "filerUrl": "", "transactionText": "", "filerName": "Nalanda India Equity Fund Ltd.", "filerRelation": "Promoter", "moneyText": "", "startDate": "2020-03-25", "ownership": "D"}, {"maxAge": 1, "shares": 6703, "filerUrl": "", "transactionText": "", "filerName": "Velumani (A) HUF", "filerRelation": "Promoter", "moneyText": "", "startDate": "2019-06-04", "ownership": "D"}, {"maxAge": 1, "shares": 47, "filerUrl": "", "transactionText": "", "filerName": "Velumani (A) HUF", "filerRelation": "Promoter", "moneyText": "", "startDate": "2019-05-24", "ownership": "D"}, {"maxAge": 1, "shares": 25000, "filerUrl": "", "transactionText": "", "filerName": "Velumani (A) HUF", "filerRelation": "Promoter", "moneyText": "", "startDate": "2019-04-22", "ownership": "D"}, {"maxAge": 1, "shares": 10000, "filerUrl": "", "transactionText": "", "filerName": "Pavilion Commercial Pvt. Ltd.", "filerRelation": "Institution- Corporation", "moneyText": "", "startDate": "2019-04-22", "ownership": "D"}, {"maxAge": 1, "shares": 12054, "filerUrl": "", "transactionText": "", "filerName": "Velumani (A) HUF", "filerRelation": "Promoter", "moneyText": "", "startDate": "2019-04-18", "ownership": "D"}, {"maxAge": 1, "shares": 10000, "filerUrl": "", "transactionText": "", "filerName": "Velumani (A) HUF", "filerRelation": "Promoter", "moneyText": "", "startDate": "2019-03-08", "ownership": "D"}, {"maxAge": 1, "shares": 90129, "filerUrl": "", "transactionText": "", "filerName": "Velumani (A) HUF", "filerRelation": "Promoter", "moneyText": "", "startDate": "2019-02-28", "ownership": "D"}, {"maxAge": 1, "shares": 33172, "filerUrl": "", "transactionText": "", "filerName": "Velumani (A) HUF", "filerRelation": "UNREPORTED", "moneyText": "", "startDate": "2019-02-15", "ownership": "D"}, {"maxAge": 1, "shares": 115000, "filerUrl": "", "transactionText": "", "filerName": "Velumani (A) HUF", "filerRelation": "UNREPORTED", "moneyText": "", "startDate": "2019-02-14", "ownership": "D"}, {"maxAge": 1, "shares": 82962, "filerUrl": "", "transactionText": "", "filerName": "Velumani (A) HUF", "filerRelation": "UNREPORTED", "moneyText": "", "startDate": "2019-02-13", "ownership": "D"}], "maxAge": 1}, "sectorTrend": {"maxAge": 1, "symbol": null, "estimates": []}, "incomeStatementHistoryQuarterly": {"incomeStatementHistory": [{"maxAge": 1, "endDate": "2020-12-31", "totalRevenue": 1382700000, "costOfRevenue": 599200000, "grossProfit": 783500000, "researchDevelopment": {}, "sellingGeneralAdministrative": {}, "nonRecurring": {}, "otherOperatingExpenses": 287300000, "totalOperatingExpenses": 964900000, "operatingIncome": 417800000, "totalOtherIncomeExpenseNet": 23400000, "ebit": 417800000, "interestExpense": -3000000, "incomeBeforeTax": 441200000, "incomeTaxExpense": 117300000, "minorityInterest": {}, "netIncomeFromContinuingOps": 323900000, "discontinuedOperations": {}, "extraordinaryItems": {}, "effectOfAccountingCharges": {}, "otherItems": {}, "netIncome": 323900000, "netIncomeApplicableToCommonShares": 323900000}, {"maxAge": 1, "endDate": "2020-09-30", "totalRevenue": 1532500000, "costOfRevenue": 639500000, "grossProfit": 893000000, "researchDevelopment": {}, "sellingGeneralAdministrative": {}, "nonRecurring": {}, "otherOperatingExpenses": 274000000, "totalOperatingExpenses": 989900000, "operatingIncome": 542600000, "totalOtherIncomeExpenseNet": 46000000, "ebit": 542600000, "interestExpense": -3400000, "incomeBeforeTax": 588600000, "incomeTaxExpense": 158100000, "minorityInterest": {}, "netIncomeFromContinuingOps": 430500000, "discontinuedOperations": {}, "extraordinaryItems": {}, "effectOfAccountingCharges": {}, "otherItems": {}, "netIncome": 430500000, "netIncomeApplicableToCommonShares": 430500000}, {"maxAge": 1, "endDate": "2020-06-30", "totalRevenue": 562700000, "costOfRevenue": 351800000, "grossProfit": 210900000, "researchDevelopment": {}, "sellingGeneralAdministrative": {}, "nonRecurring": {}, "otherOperatingExpenses": 126300000, "totalOperatingExpenses": 547800000, "operatingIncome": 14900000, "totalOtherIncomeExpenseNet": 6400000, "ebit": 14900000, "interestExpense": -3200000, "incomeBeforeTax": 21300000, "incomeTaxExpense": 19000000, "minorityInterest": {}, "netIncomeFromContinuingOps": 2300000, "discontinuedOperations": {}, "extraordinaryItems": {}, "effectOfAccountingCharges": {}, "otherItems": {}, "netIncome": 2300000, "netIncomeApplicableToCommonShares": 2300000}, {"maxAge": 1, "endDate": "2020-03-31", "totalRevenue": 1025000000, "costOfRevenue": 495300000, "grossProfit": 529700000, "researchDevelopment": {}, "sellingGeneralAdministrative": 69400000, "nonRecurring": {}, "otherOperatingExpenses": 140200000, "totalOperatingExpenses": 789800000, "operatingIncome": 235200000, "totalOtherIncomeExpenseNet": -59600000, "ebit": 235200000, "interestExpense": -3800000, "incomeBeforeTax": 175600000, "incomeTaxExpense": 191600000, "minorityInterest": {}, "netIncomeFromContinuingOps": -16000000, "discontinuedOperations": {}, "extraordinaryItems": {}, "effectOfAccountingCharges": {}, "otherItems": {}, "netIncome": -16000000, "netIncomeApplicableToCommonShares": -16000000}], "maxAge": 86400}, "cashflowStatementHistoryQuarterly": {"cashflowStatements": [{"maxAge": 1, "endDate": "2020-12-31", "netIncome": 323900000, "changeToLiabilities": 0}, {"maxAge": 1, "endDate": "2020-09-30", "netIncome": 430500000, "changeToLiabilities": 0}, {"maxAge": 1, "endDate": "2020-06-30", "netIncome": 2300000, "changeToLiabilities": 0}, {"maxAge": 1, "endDate": "2020-03-31", "netIncome": -16000000, "changeToLiabilities": 0}], "maxAge": 86400}, "earnings": {"maxAge": 86400, "earningsChart": {"quarterly": [{"date": "2Q2017", "actual": 4.47, "estimate": 3.83}, {"date": "4Q2017", "actual": 4.02, "estimate": 4.5}, {"date": "1Q2018", "actual": 4.66, "estimate": 4.4}], "currentQuarterEstimateDate": "2Q", "currentQuarterEstimateYear": 2018, "earningsDate": []}, "financialsChart": {"yearly": [{"date": 2017, "revenue": 3045340000, "earnings": 428450000}, {"date": 2018, "revenue": 3569400000, "earnings": 932800000}, {"date": 2019, "revenue": 4039300000, "earnings": 851400000}, {"date": 2020, "revenue": 4342600000, "earnings": 884100000}], "quarterly": [{"date": "1Q2020", "revenue": 1025000000, "earnings": -16000000}, {"date": "2Q2020", "revenue": 562700000, "earnings": 2300000}, {"date": "3Q2020", "revenue": 1532500000, "earnings": 430500000}, {"date": "4Q2020", "revenue": 1382700000, "earnings": 323900000}]}, "financialCurrency": "INR"}, "financialData": {"maxAge": 86400, "currentPrice": 1025.1, "targetHighPrice": 950.0, "targetLowPrice": 610.0, "targetMeanPrice": 784.0, "targetMedianPrice": 781.0, "recommendationMean": 1.8, "recommendationKey": "buy", "numberOfAnalystOpinions": 8, "totalCash": 880300032, "totalCashPerShare": 16.66, "ebitda": 1477449984, "totalDebt": 128200000, "totalRevenue": 4502900224, "debtToEquity": 3.042, "revenuePerShare": 85.326, "grossProfits": 2598100000, "earningsGrowth": 0.179, "revenueGrowth": 0.307, "grossMargins": 0.53676, "ebitdaMargins": 0.32811, "operatingMargins": 0.26878, "profitMargins": 0.16447, "financialCurrency": "INR"}}}