{"TIDEWATER.NS": {"assetProfile": {"address1": "Yule House", "address2": "8, Dr. Rajendra Prasad Sarani", "city": "Kolkata", "zip": "700001", "country": "India", "phone": "91 33 2242 1086", "fax": "91 33 2242 1087", "website": "http://www.tidewaterindia.com", "industry": "Specialty Chemicals", "sector": "Basic Materials", "longBusinessSummary": "Tide Water Oil Co. (India) Limited manufactures and markets lubricants under the Veedol brand in India and internationally. It offers engine oils for trucks, tractors, commercial vehicles, passenger cars, and two/three wheelers, as well as gear oils, transmission oils, coolants, and greases for automobiles; industrial oils and greases; specialty products, such as metal working fluids, quenching oils, and heat transfer oils for industrial applications; and genuine oils. The company's distribution network consists of 50 distributors and approximately 650 direct dealers servicing 50,000 retail outlets. In addition, it generates wind power. The company was incorporated in 1921 and is based in Kolkata, India.", "fullTimeEmployees": 517, "companyOfficers": [{"maxAge": 1, "name": "Mr. Rajendra Nath Ghosal M.Sc.", "age": 65, "title": "Chief Exec., MD & Whole Time Director", "yearBorn": 1955, "fiscalYear": 2020, "totalPay": 8970000, "exercisedValue": 0, "unexercisedValue": 0}, {"maxAge": 1, "name": "Mr. Supratik  Basu", "title": "Group Chief Financial Officer", "exercisedValue": 0, "unexercisedValue": 0}, {"maxAge": 1, "name": "Mr. Saptarshi  Ganguli", "title": "Compliance Officer & Company Sec.", "exercisedValue": 0, "unexercisedValue": 0}, {"maxAge": 1, "name": "Mr. A.  Basu", "title": "Chief Operating Officer", "exercisedValue": 0, "unexercisedValue": 0}, {"maxAge": 1, "name": "Mr. Jayagopal  Ramesh", "title": "Exec. Director", "fiscalYear": 2018, "exercisedValue": 0, "unexercisedValue": 0}, {"maxAge": 1, "name": "Mr. S. K. Vaidya", "title": "Exec. Director of BD & IB", "fiscalYear": 2018, "exercisedValue": 0, "unexercisedValue": 0}, {"maxAge": 1, "name": "G. Deb Moulik", "title": "VP of ER & CC", "fiscalYear": 2018, "exercisedValue": 0, "unexercisedValue": 0}, {"maxAge": 1, "name": "S.  Rudra", "title": "Gen. Mang. of Sales & Marketing - ER", "fiscalYear": 2017, "exercisedValue": 0, "unexercisedValue": 0}, {"maxAge": 1, "name": "Naresh  Sharma", "title": "Gen. Mang. of NR", "fiscalYear": 2017, "exercisedValue": 0, "unexercisedValue": 0}, {"maxAge": 1, "name": "Sanjay  Bharadwaj", "title": "Gen. Mang. of Manufacturing", "fiscalYear": 2017, "exercisedValue": 0, "unexercisedValue": 0}], "compensationAsOfEpochDate": "2020-12-31 05:30:00", "maxAge": 86400}, "cashflowStatementHistory": {"cashflowStatements": [{"maxAge": 1, "endDate": "2020-03-31", "netIncome": 1220600000, "depreciation": 123000000, "changeToNetincome": -272200000, "changeToAccountReceivables": 415300000, "changeToLiabilities": -65400000, "changeToInventory": -113900000, "changeToOperatingActivities": 19000000, "totalCashFromOperatingActivities": 1328300000, "capitalExpenditures": -320600000, "investments": -406400000, "otherCashflowsFromInvestingActivities": 233200000, "totalCashflowsFromInvestingActivities": -492500000, "dividendsPaid": -644700000, "netBorrowings": -43800000, "otherCashflowsFromFinancingActivities": -113700000, "totalCashFromFinancingActivities": -802200000, "effectOfExchangeRate": 4400000, "changeInCash": 38000000}, {"maxAge": 1, "endDate": "2019-03-31", "netIncome": 969700000, "depreciation": 101600000, "changeToNetincome": -261400000, "changeToAccountReceivables": -84600000, "changeToLiabilities": -19200000, "changeToInventory": 900000, "changeToOperatingActivities": 82500000, "totalCashFromOperatingActivities": 792500000, "capitalExpenditures": -147000000, "investments": -55200000, "otherCashflowsFromInvestingActivities": 184200000, "totalCashflowsFromInvestingActivities": -10600000, "dividendsPaid": -906100000, "netBorrowings": -47500000, "otherCashflowsFromFinancingActivities": -143200000, "totalCashFromFinancingActivities": -1096800000, "effectOfExchangeRate": 2100000, "changeInCash": -312800000}, {"maxAge": 1, "endDate": "2018-03-31", "netIncome": 1068400000, "depreciation": 89400000, "changeToNetincome": -263400000, "changeToAccountReceivables": 108700000, "changeToLiabilities": 188100000, "changeToInventory": 120200000, "changeToOperatingActivities": -370600000, "totalCashFromOperatingActivities": 944700000, "capitalExpenditures": -179700000, "investments": -840600000, "otherCashflowsFromInvestingActivities": 156200000, "totalCashflowsFromInvestingActivities": -859400000, "dividendsPaid": -609800000, "netBorrowings": 133700000, "otherCashflowsFromFinancingActivities": -105600000, "totalCashFromFinancingActivities": -581700000, "effectOfExchangeRate": 3400000, "changeInCash": -493000000}, {"maxAge": 1, "endDate": "2017-03-31", "netIncome": 1082700000, "depreciation": 85200000, "changeToNetincome": -436300000, "changeToAccountReceivables": -328000000, "changeToLiabilities": 308500000, "changeToInventory": -396000000, "changeToOperatingActivities": 29400000, "totalCashFromOperatingActivities": 349400000, "capitalExpenditures": -214900000, "investments": 973700000, "otherCashflowsFromInvestingActivities": 202900000, "totalCashflowsFromInvestingActivities": 237800000, "dividendsPaid": -480800000, "netBorrowings": 3100000, "otherCashflowsFromFinancingActivities": -85000000, "totalCashFromFinancingActivities": -562700000, "effectOfExchangeRate": 3400000, "changeInCash": 24500000}], "maxAge": 86400}, "institutionOwnership": {"ownershipList": [], "maxAge": 1}, "majorHoldersBreakdown": {"maxAge": 1, "insidersPercentHeld": 0.63521, "institutionsPercentHeld": 0.11939, "institutionsFloatPercentHeld": 0.32727, "institutionsCount": 4}, "balanceSheetHistoryQuarterly": {"balanceSheetStatements": [{"maxAge": 1, "endDate": "2020-12-31"}, {"maxAge": 1, "endDate": "2020-06-30", "totalStockholderEquity": 6806100000, "netTangibleAssets": 5598400000}, {"maxAge": 1, "endDate": "2020-03-31", "cash": 375500000, "shortTermInvestments": 1650700000, "netReceivables": 1567900000, "inventory": 2007400000, "otherCurrentAssets": 480900000, "totalCurrentAssets": 6112300000, "longTermInvestments": 756500000, "propertyPlantEquipment": 1525500000, "goodWill": 1205500000, "intangibleAssets": 2200000, "otherAssets": 64800000, "totalAssets": 9666800000, "accountsPayable": 1723900000, "otherCurrentLiab": 171800000, "otherLiab": 514000000, "deferredLongTermLiab": 500000, "totalCurrentLiabilities": 2324400000, "totalLiab": 2860700000, "commonStock": 17000000, "retainedEarnings": 6907000000, "treasuryStock": -153100000, "capitalSurplus": 35200000, "otherStockholderEquity": -153100000, "totalStockholderEquity": 6806100000, "netTangibleAssets": 5598400000}, {"maxAge": 1, "endDate": "2019-12-31", "totalStockholderEquity": 6636300000, "netTangibleAssets": 5428100000}], "maxAge": 86400}, "indexTrend": {"maxAge": 1, "symbol": "SP5", "peRatio": 19.7411, "pegRatio": 1.34172, "estimates": [{"period": "0q", "growth": 0.549}, {"period": "+1q", "growth": 0.431}, {"period": "0y", "growth": 0.305}, {"period": "+1y", "growth": 0.109}, {"period": "+5y", "growth": 0.120865}, {"period": "-5y"}]}, "defaultKeyStatistics": {"maxAge": 1, "priceHint": 2, "enterpriseValue": 15227760640, "profitMargins": 0.10666, "floatShares": 1239885, "sharesOutstanding": 3484800, "heldPercentInsiders": 0.63521, "heldPercentInstitutions": 0.11939, "beta": 0.545454, "category": null, "bookValue": 2002.4, "priceToBook": 2.237415, "fundFamily": null, "legalType": null, "lastFiscalYearEnd": "2020-03-31 05:30:00", "nextFiscalYearEnd": "2022-03-31 05:30:00", "mostRecentQuarter": "2020-12-31 05:30:00", "earningsQuarterlyGrowth": 0.108, "netIncomeToCommon": 1278700032, "trailingEps": 376.205, "lastSplitFactor": "2:1", "lastSplitDate": "2016-03-16 05:30:00", "enterpriseToRevenue": 1.27, "enterpriseToEbitda": 10.384}, "summaryProfile": {"address1": "Yule House", "address2": "8, Dr. Rajendra Prasad Sarani", "city": "Kolkata", "zip": "700001", "country": "India", "phone": "91 33 2242 1086", "fax": "91 33 2242 1087", "website": "http://www.tidewaterindia.com", "industry": "Specialty Chemicals", "sector": "Basic Materials", "longBusinessSummary": "Tide Water Oil Co. (India) Limited manufactures and markets lubricants under the Veedol brand in India and internationally. It offers engine oils for trucks, tractors, commercial vehicles, passenger cars, and two/three wheelers, as well as gear oils, transmission oils, coolants, and greases for automobiles; industrial oils and greases; specialty products, such as metal working fluids, quenching oils, and heat transfer oils for industrial applications; and genuine oils. The company's distribution network consists of 50 distributors and approximately 650 direct dealers servicing 50,000 retail outlets. In addition, it generates wind power. The company was incorporated in 1921 and is based in Kolkata, India.", "fullTimeEmployees": 517, "companyOfficers": [], "maxAge": 86400}, "netSharePurchaseActivity": {"maxAge": 1, "period": "6m", "buyInfoCount": 0, "buyInfoShares": 0, "sellInfoCount": 0, "netInfoCount": 0, "netInfoShares": 0, "netPercentInsiderShares": 0.0, "totalInsiderShares": 2159016}, "insiderTransactions": {"transactions": [{"maxAge": 1, "shares": 685678, "filerUrl": "", "transactionText": "", "filerName": "Andrew Yule & Company Ltd", "filerRelation": "Promoter", "moneyText": "", "startDate": "2018-06-26", "ownership": "D"}, {"maxAge": 1, "shares": 820349, "filerUrl": "", "transactionText": "", "filerName": "Standard Greases & Specialities Pvt Ltd", "filerRelation": "Institution- Corporation", "moneyText": "", "startDate": "2017-09-18", "ownership": "D"}, {"maxAge": 1, "shares": 40, "filerUrl": "", "transactionText": "", "filerName": "Andrew Yule & Company Ltd", "filerRelation": "Promoter", "moneyText": "", "startDate": "2015-12-24", "ownership": "D"}, {"maxAge": 1, "shares": 20, "filerUrl": "", "transactionText": "", "filerName": "Andrew Yule & Company Ltd", "filerRelation": "Promoter", "moneyText": "", "startDate": "2015-12-23", "ownership": "D"}, {"maxAge": 1, "shares": 80, "filerUrl": "", "transactionText": "", "filerName": "Andrew Yule & Company Ltd", "filerRelation": "Promoter", "moneyText": "", "startDate": "2015-12-22", "ownership": "D"}, {"maxAge": 1, "shares": 100, "filerUrl": "", "transactionText": "", "filerName": "Debmoulik (G)", "filerRelation": "UNREPORTED", "moneyText": "", "startDate": "2014-03-06", "ownership": "D"}, {"maxAge": 1, "shares": 59, "filerUrl": "", "transactionText": "", "filerName": "Debmoulik (G)", "filerRelation": "UNREPORTED", "moneyText": "", "startDate": "2013-07-01", "ownership": "D"}, {"maxAge": 1, "shares": 63, "filerUrl": "", "transactionText": "", "filerName": "Basu (S)", "filerRelation": "Chief Financial Officer", "moneyText": "", "startDate": "2012-07-31", "ownership": "D"}, {"maxAge": 1, "shares": 70, "filerUrl": "", "transactionText": "", "filerName": "Ramesh (J)", "filerRelation": "UNREPORTED", "moneyText": "", "startDate": "2012-07-31", "ownership": "D"}, {"maxAge": 1, "shares": 52, "filerUrl": "", "transactionText": "", "filerName": "Bharadwaj (S)", "filerRelation": "UNREPORTED", "moneyText": "", "startDate": "2012-07-31", "ownership": "D"}, {"maxAge": 1, "shares": 25, "filerUrl": "", "transactionText": "", "filerName": "Vaidya (S K)", "filerRelation": "UNREPORTED", "moneyText": "", "startDate": "2012-07-31", "ownership": "D"}, {"maxAge": 1, "shares": 70, "filerUrl": "", "transactionText": "", "filerName": "Debmoulik (G)", "filerRelation": "UNREPORTED", "moneyText": "", "startDate": "2012-07-31", "ownership": "D"}, {"maxAge": 1, "shares": 76000, "filerUrl": "", "transactionText": "", "filerName": "Standard Greases & Specialities Pvt Ltd", "filerRelation": "Institution- Corporation", "moneyText": "", "startDate": "2011-11-11", "ownership": "D"}, {"maxAge": 1, "shares": 76000, "filerUrl": "", "transactionText": "", "filerName": "Victory Retail Marketing Pvt Ltd", "filerRelation": "Institution- Corporation", "moneyText": "", "startDate": "2011-11-11", "ownership": "D"}, {"maxAge": 1, "shares": 50000, "filerUrl": "", "transactionText": "", "filerName": "Victory Retail Marketing Pvt Ltd", "filerRelation": "Institution- Corporation", "moneyText": "", "startDate": "2010-06-30", "ownership": "D"}, {"maxAge": 1, "shares": 20000, "filerUrl": "", "transactionText": "", "filerName": "Standard Greases & Specialities Pvt Ltd", "filerRelation": "Institution- Corporation", "moneyText": "", "startDate": "2010-03-09", "ownership": "D"}], "maxAge": 1}, "quoteType": {"exchange": "NSI", "quoteType": "EQUITY", "symbol": "TIDEWATER.NS", "underlyingSymbol": "TIDEWATER.NS", "shortName": "TIDE WATER OIL (IN", "longName": "Tide Water Oil Co. (India) Limited", "firstTradeDateEpochUtc": "2007-01-16 09:15:00", "timeZoneFullName": "Asia/Kolkata", "timeZoneShortName": "IST", "uuid": "f9439b07-98e8-3fa1-a33f-bddbe164ccde", "gmtOffSetMilliseconds": 19800000, "maxAge": 1}, "incomeStatementHistory": {"incomeStatementHistory": [{"maxAge": 1, "endDate": "2020-03-31", "totalRevenue": 13165700000, "costOfRevenue": 7266700000, "grossProfit": 5899000000, "researchDevelopment": {}, "sellingGeneralAdministrative": 1330100000, "nonRecurring": {}, "otherOperatingExpenses": 3187500000, "totalOperatingExpenses": 11909200000, "operatingIncome": 1256500000, "totalOtherIncomeExpenseNet": 347900000, "ebit": 1256500000, "interestExpense": -23600000, "incomeBeforeTax": 1604400000, "incomeTaxExpense": 393200000, "minorityInterest": {}, "netIncomeFromContinuingOps": 1211200000, "discontinuedOperations": 9400000, "extraordinaryItems": {}, "effectOfAccountingCharges": {}, "otherItems": {}, "netIncome": 1220600000, "netIncomeApplicableToCommonShares": 1220600000}, {"maxAge": 1, "endDate": "2019-03-31", "totalRevenue": 13770000000, "costOfRevenue": 8221800000, "grossProfit": 5548200000, "researchDevelopment": {}, "sellingGeneralAdministrative": 1339500000, "nonRecurring": {}, "otherOperatingExpenses": 2879200000, "totalOperatingExpenses": 12546200000, "operatingIncome": 1223800000, "totalOtherIncomeExpenseNet": 292500000, "ebit": 1223800000, "interestExpense": -24500000, "incomeBeforeTax": 1516300000, "incomeTaxExpense": 523800000, "minorityInterest": {}, "netIncomeFromContinuingOps": 992500000, "discontinuedOperations": -22800000, "extraordinaryItems": {}, "effectOfAccountingCharges": {}, "otherItems": {}, "netIncome": 969700000, "netIncomeApplicableToCommonShares": 969700000}, {"maxAge": 1, "endDate": "2018-03-31", "totalRevenue": 12746900000, "costOfRevenue": 7529000000, "grossProfit": 5217900000, "researchDevelopment": {}, "sellingGeneralAdministrative": 1224000000, "nonRecurring": {}, "otherOperatingExpenses": 2604300000, "totalOperatingExpenses": 11450400000, "operatingIncome": 1296500000, "totalOtherIncomeExpenseNet": 297000000, "ebit": 1296500000, "interestExpense": -26100000, "incomeBeforeTax": 1593500000, "incomeTaxExpense": 525100000, "minorityInterest": {}, "netIncomeFromContinuingOps": 1068400000, "discontinuedOperations": -22800000, "extraordinaryItems": {}, "effectOfAccountingCharges": {}, "otherItems": {}, "netIncome": 1068400000, "netIncomeApplicableToCommonShares": 1068400000}, {"maxAge": 1, "endDate": "2017-03-31", "totalRevenue": 11297800000, "costOfRevenue": 6443900000, "grossProfit": 4853900000, "researchDevelopment": {}, "sellingGeneralAdministrative": 1078100000, "nonRecurring": {}, "otherOperatingExpenses": 2406100000, "totalOperatingExpenses": 10017000000, "operatingIncome": 1280800000, "totalOtherIncomeExpenseNet": 308500000, "ebit": 1280800000, "interestExpense": -29800000, "incomeBeforeTax": 1589300000, "incomeTaxExpense": 506600000, "minorityInterest": {}, "netIncomeFromContinuingOps": 1082700000, "discontinuedOperations": -22800000, "extraordinaryItems": {}, "effectOfAccountingCharges": {}, "otherItems": {}, "netIncome": 1082700000, "netIncomeApplicableToCommonShares": 1082700000}], "maxAge": 86400}, "fundOwnership": {"ownershipList": [{"maxAge": 1, "reportDate": "2021-01-31", "organization": "DFA Emerging Markets Core Equity Portfolio", "pctHeld": 0.0042, "position": 7242, "value": 30994311}, {"maxAge": 1, "reportDate": "2021-01-31", "organization": "DFA Emerging Markets Small Cap Series", "pctHeld": 0.0034999999, "position": 6069, "value": 25974106}, {"maxAge": 1, "reportDate": "2021-01-31", "organization": "DFA Investment Dimensions-DFA Emerging Mkts Value", "pctHeld": 0.0014, "position": 2390, "value": 10228722}, {"maxAge": 1, "reportDate": "2021-01-31", "organization": "DFA Investment Dimensions-Emerging Markets Social Core Equity", "pctHeld": 0.00029999999, "position": 569, "value": 2435206}, {"maxAge": 1, "reportDate": "2021-01-31", "organization": "DFA Emerging Markets Sustainability Core 1 Portfolio", "pctHeld": 0.0002, "position": 356, "value": 1523608}, {"maxAge": 1, "reportDate": "2021-01-31", "organization": "DFA T.A. World Ex U.S. Core Equity Portfolio", "pctHeld": 0.0001, "position": 261, "value": 1117027}, {"maxAge": 1, "reportDate": "2021-01-31", "organization": "DFA Investment Dimensions-DFA World Ex U.S. Targeted Value Port", "pctHeld": 0.0001, "position": 235, "value": 1005753}, {"maxAge": 1, "reportDate": "2021-01-31", "organization": "DFA Investment Dimensions-World Ex U.S. Core Equity Port", "pctHeld": 0.0001, "position": 206, "value": 881638}], "maxAge": 1}, "summaryDetail": {"maxAge": 1, "priceHint": 2, "previousClose": 4501.15, "open": 4505.15, "dayLow": 4370.35, "dayHigh": 4554.4, "regularMarketPreviousClose": 4501.15, "regularMarketOpen": 4505.15, "regularMarketDayLow": 4370.35, "regularMarketDayHigh": 4554.4, "dividendRate": 300.0, "dividendYield": 0.066599995, "exDividendDate": "2020-11-23 05:30:00", "payoutRatio": 0.7974, "fiveYearAvgDividendYield": 3.39, "beta": 0.545454, "trailingPE": 11.908934, "volume": 2188, "regularMarketVolume": 2188, "averageVolume": 3441, "averageVolume10days": 1540, "averageDailyVolume10Day": 1540, "bid": 0.0, "ask": 0.0, "bidSize": 0, "askSize": 0, "marketCap": 15622816768, "fiftyTwoWeekLow": 3156.05, "fiftyTwoWeekHigh": 5335.0, "priceToSalesTrailing12Months": 1.3031611, "fiftyDayAverage": 4470.484, "twoHundredDayAverage": 4406.164, "trailingAnnualDividendRate": 140.0, "trailingAnnualDividendYield": 0.031103164, "currency": "INR", "fromCurrency": null, "lastMarket": null, "algorithm": null, "tradeable": false}, "incomeStatementHistoryQuarterly": {"incomeStatementHistory": [{"maxAge": 1, "endDate": "2020-12-31", "totalRevenue": 3643200000, "costOfRevenue": 2439300000, "grossProfit": 1203900000, "researchDevelopment": {}, "sellingGeneralAdministrative": 259000000, "nonRecurring": {}, "otherOperatingExpenses": 382500000, "totalOperatingExpenses": 3117200000, "operatingIncome": 526000000, "totalOtherIncomeExpenseNet": 87900000, "ebit": 526000000, "interestExpense": -4900000, "incomeBeforeTax": 613900000, "incomeTaxExpense": 137000000, "minorityInterest": {}, "netIncomeFromContinuingOps": 476900000, "discontinuedOperations": {}, "extraordinaryItems": {}, "effectOfAccountingCharges": {}, "otherItems": {}, "netIncome": 476900000, "netIncomeApplicableToCommonShares": 476900000}, {"maxAge": 1, "endDate": "2020-06-30", "totalRevenue": 2029900000, "costOfRevenue": 1354400000, "grossProfit": 675500000, "researchDevelopment": {}, "sellingGeneralAdministrative": 235500000, "nonRecurring": {}, "otherOperatingExpenses": 239100000, "totalOperatingExpenses": 1863400000, "operatingIncome": 166500000, "totalOtherIncomeExpenseNet": 66400000, "ebit": 166500000, "interestExpense": -5600000, "incomeBeforeTax": 232900000, "incomeTaxExpense": 58800000, "minorityInterest": {}, "netIncomeFromContinuingOps": 174100000, "discontinuedOperations": {}, "extraordinaryItems": {}, "effectOfAccountingCharges": {}, "otherItems": {}, "netIncome": 174100000, "netIncomeApplicableToCommonShares": 174100000}, {"maxAge": 1, "endDate": "2020-03-31", "totalRevenue": 3050400000, "costOfRevenue": 171700000, "grossProfit": 2878700000, "researchDevelopment": {}, "sellingGeneralAdministrative": 550600000, "nonRecurring": {}, "otherOperatingExpenses": 2050600000, "totalOperatingExpenses": 2805600000, "operatingIncome": 244800000, "totalOtherIncomeExpenseNet": 80800000, "ebit": 244800000, "interestExpense": -3700000, "incomeBeforeTax": 325600000, "incomeTaxExpense": 93600000, "minorityInterest": {}, "netIncomeFromContinuingOps": 232000000, "discontinuedOperations": {}, "extraordinaryItems": {}, "effectOfAccountingCharges": {}, "otherItems": {}, "netIncome": 232000000, "netIncomeApplicableToCommonShares": 232000000}, {"maxAge": 1, "endDate": "2019-12-31", "totalRevenue": 3459900000, "costOfRevenue": 2374500000, "grossProfit": 1085400000, "researchDevelopment": {}, "sellingGeneralAdministrative": 255700000, "nonRecurring": {}, "otherOperatingExpenses": 369300000, "totalOperatingExpenses": 3032300000, "operatingIncome": 427600000, "totalOtherIncomeExpenseNet": 105000000, "ebit": 427600000, "interestExpense": -7500000, "incomeBeforeTax": 532600000, "incomeTaxExpense": 112900000, "minorityInterest": {}, "netIncomeFromContinuingOps": 419700000, "discontinuedOperations": 10900000, "extraordinaryItems": {}, "effectOfAccountingCharges": {}, "otherItems": {}, "netIncome": 430600000, "netIncomeApplicableToCommonShares": 430600000}], "maxAge": 86400}, "cashflowStatementHistoryQuarterly": {"cashflowStatements": [{"maxAge": 1, "endDate": "2020-12-31", "netIncome": 476900000, "changeToLiabilities": 0}, {"maxAge": 1, "endDate": "2020-06-30", "netIncome": 174100000, "changeToLiabilities": 0}, {"maxAge": 1, "endDate": "2020-03-31", "netIncome": 232000000, "changeToLiabilities": 0}, {"maxAge": 1, "endDate": "2019-12-31", "netIncome": 430600000, "changeToLiabilities": 0}], "maxAge": 86400}, "insiderHolders": {"holders": [{"maxAge": 1, "name": "Andrew Yule & Company Ltd", "relation": "Promoter", "url": "", "transactionDescription": "Purchase", "latestTransDate": "2018-06-26", "positionDirect": 914168, "positionDirectDate": "2018-06-26"}, {"maxAge": 1, "name": "Basu (S)", "relation": "Chief Financial Officer", "url": "", "transactionDescription": "Acquisition", "latestTransDate": "2012-07-31", "positionDirect": 63, "positionDirectDate": "2012-07-31"}, {"maxAge": 1, "name": "Bharadwaj (S)", "relation": "UNREPORTED", "url": "", "transactionDescription": "Acquisition", "latestTransDate": "2012-07-31", "positionDirect": 52, "positionDirectDate": "2012-07-31"}, {"maxAge": 1, "name": "Debmoulik (G)", "relation": "UNREPORTED", "url": "", "transactionDescription": "Sale", "latestTransDate": "2014-03-06", "positionDirect": 29, "positionDirectDate": "2014-03-06"}, {"maxAge": 1, "name": "Ramesh (J)", "relation": "UNREPORTED", "url": "", "transactionDescription": "Acquisition", "latestTransDate": "2012-07-31", "positionDirect": 70, "positionDirectDate": "2012-07-31"}, {"maxAge": 1, "name": "Standard Greases & Specialities Pvt Ltd", "relation": "Institution- Corporation", "url": "", "transactionDescription": "Acquisition", "latestTransDate": "2017-09-18", "positionDirect": 1022833, "positionDirectDate": "2017-09-18"}, {"maxAge": 1, "name": "Vaidya (S K)", "relation": "UNREPORTED", "url": "", "transactionDescription": "Acquisition", "latestTransDate": "2012-07-31", "positionDirect": 25, "positionDirectDate": "2012-07-31"}, {"maxAge": 1, "name": "Victory Retail Marketing Pvt Ltd", "relation": "Institution- Corporation", "url": "", "transactionDescription": "Sale", "latestTransDate": "2011-11-11", "positionDirect": 40200, "positionDirectDate": "2011-11-11"}], "maxAge": 1}, "calendarEvents": {"maxAge": 1, "earnings": {"earningsDate": []}, "exDividendDate": "2020-11-23 05:30:00"}, "upgradeDowngradeHistory": {"history": [], "maxAge": 86400}, "price": {"maxAge": 1, "regularMarketChangePercent": -0.0046543013, "regularMarketChange": -20.949707, "regularMarketTime": "2021-04-30 15:29:55", "priceHint": 2, "regularMarketPrice": 4480.2, "regularMarketDayHigh": 4554.4, "regularMarketDayLow": 4370.35, "regularMarketVolume": 2188, "averageDailyVolume10Day": 1540, "averageDailyVolume3Month": 3441, "regularMarketPreviousClose": 4501.15, "regularMarketSource": "FREE_REALTIME", "regularMarketOpen": 4505.15, "exchange": "NSI", "exchangeName": "NSE", "exchangeDataDelayedBy": 15, "marketState": "CLOSED", "quoteType": "EQUITY", "symbol": "TIDEWATER.NS", "underlyingSymbol": null, "shortName": "TIDE WATER OIL (IN", "longName": "Tide Water Oil Co. (India) Limited", "currency": "INR", "quoteSourceName": "Delayed Quote", "currencySymbol": "\u20b9", "fromCurrency": null, "lastMarket": null, "marketCap": 15622816768}, "balanceSheetHistory": {"balanceSheetStatements": [{"maxAge": 1, "endDate": "2020-03-31", "cash": 375500000, "shortTermInvestments": 1650700000, "netReceivables": 1567900000, "inventory": 2007400000, "otherCurrentAssets": 480900000, "totalCurrentAssets": 6112300000, "longTermInvestments": 756500000, "propertyPlantEquipment": 1525500000, "goodWill": 1205500000, "intangibleAssets": 2200000, "otherAssets": 64800000, "totalAssets": 9666800000, "accountsPayable": 1723900000, "otherCurrentLiab": 171800000, "otherLiab": 514000000, "deferredLongTermLiab": 500000, "totalCurrentLiabilities": 2324400000, "totalLiab": 2860700000, "commonStock": 17000000, "retainedEarnings": 6907000000, "treasuryStock": -153100000, "capitalSurplus": 35200000, "otherStockholderEquity": -153100000, "totalStockholderEquity": 6806100000, "netTangibleAssets": 5598400000}, {"maxAge": 1, "endDate": "2019-03-31", "cash": 337500000, "shortTermInvestments": 1242300000, "netReceivables": 2017900000, "inventory": 1893400000, "otherCurrentAssets": 475600000, "totalCurrentAssets": 6009500000, "longTermInvestments": 696100000, "propertyPlantEquipment": 1281700000, "goodWill": 1205500000, "intangibleAssets": 3800000, "otherAssets": 85700000, "totalAssets": 9282300000, "accountsPayable": 1793900000, "otherCurrentLiab": 188900000, "otherLiab": 464800000, "deferredLongTermLiab": 500000, "totalCurrentLiabilities": 2406400000, "totalLiab": 2882700000, "commonStock": 17000000, "retainedEarnings": 6489500000, "treasuryStock": -142100000, "capitalSurplus": 35200000, "otherStockholderEquity": -142100000, "totalStockholderEquity": 6399600000, "netTangibleAssets": 5190300000}, {"maxAge": 1, "endDate": "2018-03-31", "cash": 650300000, "shortTermInvestments": 1139200000, "netReceivables": 1918300000, "inventory": 1894400000, "otherCurrentAssets": 609100000, "totalCurrentAssets": 6231200000, "longTermInvestments": 741400000, "propertyPlantEquipment": 1239400000, "goodWill": 1205500000, "intangibleAssets": 3400000, "otherAssets": 64700000, "totalAssets": 9485600000, "accountsPayable": 1834400000, "otherCurrentLiab": 240600000, "otherLiab": 440500000, "deferredLongTermLiab": 700000, "totalCurrentLiabilities": 2541700000, "totalLiab": 2982200000, "commonStock": 17000000, "retainedEarnings": 6629800000, "treasuryStock": -178600000, "capitalSurplus": 35200000, "otherStockholderEquity": -178600000, "totalStockholderEquity": 6503400000, "netTangibleAssets": 5294500000}, {"maxAge": 1, "endDate": "2017-03-31", "cash": 1143300000, "shortTermInvestments": 343600000, "netReceivables": 2031500000, "inventory": 2014600000, "otherCurrentAssets": 349900000, "totalCurrentAssets": 5882900000, "longTermInvestments": 653100000, "propertyPlantEquipment": 1098500000, "goodWill": 1205500000, "intangibleAssets": 6600000, "otherAssets": 120900000, "totalAssets": 8967500000, "accountsPayable": 1682500000, "otherCurrentLiab": 388900000, "otherLiab": 461700000, "deferredLongTermLiab": 800000, "totalCurrentLiabilities": 2374100000, "totalLiab": 2835800000, "commonStock": 17000000, "retainedEarnings": 6270100000, "treasuryStock": -190600000, "capitalSurplus": 35200000, "otherStockholderEquity": -190600000, "totalStockholderEquity": 6131700000, "netTangibleAssets": 4919600000}], "maxAge": 86400}, "financialData": {"maxAge": 86400, "currentPrice": 4480.2, "recommendationKey": "none", "ebitda": 1466400000, "totalRevenue": 11988400128, "revenuePerShare": 3527.123, "grossProfits": 5899000000, "earningsGrowth": 0.108, "revenueGrowth": 0.053, "grossMargins": 0.48365003, "ebitdaMargins": 0.122320004, "operatingMargins": 0.11273, "profitMargins": 0.10666, "financialCurrency": "INR"}}}