{"TIGERLOGS.BO": {"recommendationTrend": {"trend": [{"period": "0m", "strongBuy": 0, "buy": 0, "hold": 0, "sell": 0, "strongSell": 0}, {"period": "-1m", "strongBuy": 0, "buy": 0, "hold": 0, "sell": 0, "strongSell": 0}, {"period": "-2m", "strongBuy": 0, "buy": 0, "hold": 0, "sell": 0, "strongSell": 0}, {"period": "-3m", "strongBuy": 0, "buy": 0, "hold": 0, "sell": 0, "strongSell": 0}], "maxAge": 86400}, "cashflowStatementHistory": {"cashflowStatements": [{"maxAge": 1, "endDate": "2020-03-31", "netIncome": -123800468, "depreciation": 9827882, "changeToNetincome": 26243737, "changeToAccountReceivables": 253048396, "changeToLiabilities": -41396814, "changeToOperatingActivities": -102798280, "totalCashFromOperatingActivities": 21124453, "capitalExpenditures": -1223091, "investments": -1336413, "totalCashflowsFromInvestingActivities": -2432677, "netBorrowings": -564524, "otherCashflowsFromFinancingActivities": -39458105, "totalCashFromFinancingActivities": -40022629, "effectOfExchangeRate": 14803006, "changeInCash": -6527825}, {"maxAge": 1, "endDate": "2019-03-31", "netIncome": 63170534, "depreciation": 11355571, "changeToNetincome": 3140272, "changeToAccountReceivables": -81997382, "changeToLiabilities": -62525647, "changeToOperatingActivities": 25773512, "totalCashFromOperatingActivities": -41083140, "capitalExpenditures": -8714899, "investments": 223636, "totalCashflowsFromInvestingActivities": -7346120, "netBorrowings": -1611875, "otherCashflowsFromFinancingActivities": -26639354, "totalCashFromFinancingActivities": -28251229, "effectOfExchangeRate": 1945467, "changeInCash": -74735022}, {"maxAge": 1, "endDate": "2018-03-31", "netIncome": 113394973, "depreciation": 5809874, "changeToNetincome": 28029223, "changeToAccountReceivables": -152413291, "changeToLiabilities": -133192036, "changeToOperatingActivities": 23015113, "totalCashFromOperatingActivities": -115356144, "capitalExpenditures": -65949909, "investments": 2527631, "totalCashflowsFromInvestingActivities": -64451581, "netBorrowings": 62857, "otherCashflowsFromFinancingActivities": -15628980, "totalCashFromFinancingActivities": -15566123, "effectOfExchangeRate": -12968462, "changeInCash": -208342310}, {"maxAge": 1, "endDate": "2017-03-31", "netIncome": 103553483, "depreciation": 5389803, "changeToNetincome": 16686684, "changeToAccountReceivables": -151323895, "changeToLiabilities": 53608898, "changeToOperatingActivities": -11933895, "totalCashFromOperatingActivities": 15981078, "capitalExpenditures": -21749808, "investments": 2144220, "totalCashflowsFromInvestingActivities": -19786099, "netBorrowings": 93763, "otherCashflowsFromFinancingActivities": -5350003, "totalCashFromFinancingActivities": -5256240, "effectOfExchangeRate": -15196692, "changeInCash": -24257953}], "maxAge": 86400}, "institutionOwnership": {"ownershipList": [], "maxAge": 1}, "balanceSheetHistoryQuarterly": {"balanceSheetStatements": [{"maxAge": 1, "endDate": "2020-06-30", "totalStockholderEquity": 526594863, "netTangibleAssets": 525404271}, {"maxAge": 1, "endDate": "2020-03-31", "cash": 44581182, "shortTermInvestments": 17517701, "netReceivables": 693258971, "otherCurrentAssets": 33821777, "totalCurrentAssets": 790312235, "longTermInvestments": 1284746, "propertyPlantEquipment": 95239298, "intangibleAssets": 1190592, "otherAssets": 162765981, "deferredLongTermAssetCharges": 7334842, "totalAssets": 1050792852, "accountsPayable": 86490768, "shortLongTermDebt": 570666, "otherCurrentLiab": 17089768, "longTermDebt": 236454, "otherLiab": 50879530, "totalCurrentLiabilities": 473082005, "totalLiab": 524197989, "commonStock": 105725000, "retainedEarnings": 418776986, "treasuryStock": 2092877, "otherStockholderEquity": 2092877, "totalStockholderEquity": 526594863, "netTangibleAssets": 525404271}, {"maxAge": 1, "endDate": "2019-12-31", "totalStockholderEquity": 662100000, "netTangibleAssets": 660700000}, {"maxAge": 1, "endDate": "2019-09-30", "cash": 11600000, "netReceivables": 917100000, "otherCurrentAssets": 14100000, "totalCurrentAssets": 942800000, "longTermInvestments": 20500000, "propertyPlantEquipment": 99600000, "intangibleAssets": 1400000, "otherAssets": 57500000, "deferredLongTermAssetCharges": 8400000, "totalAssets": 1121800000, "accountsPayable": 29400000, "shortLongTermDebt": 248400000, "otherCurrentLiab": 79300000, "longTermDebt": 64800000, "otherLiab": 36700000, "totalCurrentLiabilities": 358200000, "totalLiab": 459700000, "commonStock": 105700000, "treasuryStock": 556400000, "otherStockholderEquity": 556400000, "totalStockholderEquity": 662100000, "netTangibleAssets": 660700000}], "maxAge": 86400}, "earningsHistory": {"history": [{"maxAge": 1, "epsActual": {}, "epsEstimate": {}, "epsDifference": {}, "surprisePercent": {}, "quarter": {}, "period": "-4q"}, {"maxAge": 1, "epsActual": {}, "epsEstimate": {}, "epsDifference": {}, "surprisePercent": {}, "quarter": {}, "period": "-3q"}, {"maxAge": 1, "epsActual": {}, "epsEstimate": {}, "epsDifference": {}, "surprisePercent": {}, "quarter": {}, "period": "-2q"}, {"maxAge": 1, "epsActual": 3.73, "epsEstimate": 3.08, "epsDifference": 0.65, "surprisePercent": 0.21100001, "quarter": "2018-03-31", "period": "-1q"}], "maxAge": 86400}, "indexTrend": {"maxAge": 1, "symbol": "SP5", "peRatio": 19.7411, "pegRatio": 1.34172, "estimates": [{"period": "0q", "growth": 0.549}, {"period": "+1q", "growth": 0.431}, {"period": "0y", "growth": 0.305}, {"period": "+1y", "growth": 0.109}, {"period": "+5y", "growth": 0.120859005}, {"period": "-5y"}]}, "industryTrend": {"maxAge": 1, "symbol": null, "estimates": []}, "insiderTransactions": {"transactions": [{"maxAge": 1, "shares": 50000, "filerUrl": "", "transactionText": "", "filerName": "Malhotra (Harpreet Singh)", "filerRelation": "Managing Director", "moneyText": "", "startDate": "2019-08-19", "ownership": "D"}, {"maxAge": 1, "shares": 10000, "filerUrl": "", "transactionText": "", "filerName": "Malhotra (Harpreet Singh)", "filerRelation": "Director", "moneyText": "", "startDate": "2019-02-26", "ownership": "D"}, {"maxAge": 1, "shares": 4131, "filerUrl": "", "transactionText": "", "filerName": "Malhotra (Harpreet Singh)", "filerRelation": "Director", "moneyText": "", "startDate": "2019-02-18", "ownership": "D"}, {"maxAge": 1, "shares": 4849, "filerUrl": "", "transactionText": "", "filerName": "Malhotra (Harpreet Singh)", "filerRelation": "Director", "moneyText": "", "startDate": "2019-02-14", "ownership": "D"}, {"maxAge": 1, "shares": 6121, "filerUrl": "", "transactionText": "", "filerName": "Malhotra (Harpreet Singh)", "filerRelation": "Managing Director", "moneyText": "", "startDate": "2018-09-30", "ownership": "D"}], "maxAge": 1}, "quoteType": {"exchange": "BSE", "quoteType": "EQUITY", "symbol": "TIGERLOGS.BO", "underlyingSymbol": "TIGERLOGS.BO", "shortName": "TIGER LOGISTICS (INDIA) LTD", "longName": "Tiger Logistics (India) Limited", "firstTradeDateEpochUtc": "2013-09-12 09:15:00", "timeZoneFullName": "Asia/Kolkata", "timeZoneShortName": "IST", "uuid": "2b0b9b79-48fd-3554-85a2-fce02f372dbb", "gmtOffSetMilliseconds": 19800000, "maxAge": 1}, "incomeStatementHistory": {"incomeStatementHistory": [{"maxAge": 1, "endDate": "2020-03-31", "totalRevenue": 3014770208, "costOfRevenue": 2985486539, "grossProfit": 29283669, "researchDevelopment": {}, "sellingGeneralAdministrative": 9356112, "nonRecurring": {}, "otherOperatingExpenses": 95797628, "totalOperatingExpenses": 3100468161, "operatingIncome": -85697953, "totalOtherIncomeExpenseNet": -35875914, "ebit": -85697953, "interestExpense": -39458105, "incomeBeforeTax": -121573867, "incomeTaxExpense": 2226601, "minorityInterest": {}, "netIncomeFromContinuingOps": -123800468, "discontinuedOperations": {}, "extraordinaryItems": {}, "effectOfAccountingCharges": {}, "otherItems": {}, "netIncome": -123800468, "netIncomeApplicableToCommonShares": -123800468}, {"maxAge": 1, "endDate": "2019-03-31", "totalRevenue": 3303633745, "costOfRevenue": 3082540043, "grossProfit": 221093702, "researchDevelopment": {}, "sellingGeneralAdministrative": 9162984, "nonRecurring": {}, "otherOperatingExpenses": 72853290, "totalOperatingExpenses": 3175911888, "operatingIncome": 127721857, "totalOtherIncomeExpenseNet": -23053184, "ebit": 127721857, "interestExpense": -26639354, "incomeBeforeTax": 104668673, "incomeTaxExpense": 41498139, "minorityInterest": {}, "netIncomeFromContinuingOps": 63170534, "discontinuedOperations": {}, "extraordinaryItems": {}, "effectOfAccountingCharges": {}, "otherItems": {}, "netIncome": 63170534, "netIncomeApplicableToCommonShares": 63170534}, {"maxAge": 1, "endDate": "2018-03-31", "totalRevenue": 3242372420, "costOfRevenue": 2969069229, "grossProfit": 273303191, "researchDevelopment": {}, "sellingGeneralAdministrative": 11455044, "nonRecurring": {}, "otherOperatingExpenses": 59548303, "totalOperatingExpenses": 3045882450, "operatingIncome": 196489970, "totalOtherIncomeExpenseNet": -22521547, "ebit": 196489970, "interestExpense": -15628980, "incomeBeforeTax": 173968423, "incomeTaxExpense": 60573450, "minorityInterest": {}, "netIncomeFromContinuingOps": 113394973, "discontinuedOperations": {}, "extraordinaryItems": {}, "effectOfAccountingCharges": {}, "otherItems": {}, "netIncome": 113394973, "netIncomeApplicableToCommonShares": 113394973}, {"maxAge": 1, "endDate": "2017-03-31", "totalRevenue": 2982836891, "costOfRevenue": 2735200696, "grossProfit": 247636195, "researchDevelopment": {}, "sellingGeneralAdministrative": 10114629, "nonRecurring": {}, "otherOperatingExpenses": 53706418, "totalOperatingExpenses": 2804411546, "operatingIncome": 178425345, "totalOtherIncomeExpenseNet": -18402476, "ebit": 178425345, "interestExpense": -5350003, "incomeBeforeTax": 160022869, "incomeTaxExpense": 56469386, "minorityInterest": {}, "netIncomeFromContinuingOps": 103553483, "discontinuedOperations": {}, "extraordinaryItems": {}, "effectOfAccountingCharges": {}, "otherItems": {}, "netIncome": 103553483, "netIncomeApplicableToCommonShares": 103553483}], "maxAge": 86400}, "fundOwnership": {"ownershipList": [], "maxAge": 1}, "summaryDetail": {"maxAge": 1, "priceHint": 2, "previousClose": 40.3, "open": 40.0, "dayLow": 40.0, "dayHigh": 42.4, "regularMarketPreviousClose": 40.3, "regularMarketOpen": 40.0, "regularMarketDayLow": 40.0, "regularMarketDayHigh": 42.4, "forwardPE": 3.031994, "volume": 11538, "regularMarketVolume": 11538, "averageVolume": 35135, "averageVolume10days": 7522, "averageDailyVolume10Day": 7522, "bid": 40.25, "ask": 41.0, "bidSize": 0, "askSize": 0, "marketCap": 430829376, "fiftyTwoWeekLow": 25.0, "fiftyTwoWeekHigh": 58.4, "fiftyDayAverage": 38.019695, "twoHundredDayAverage": 37.294853, "currency": "INR", "fromCurrency": null, "lastMarket": null, "algorithm": null, "tradeable": false}, "sectorTrend": {"maxAge": 1, "symbol": null, "estimates": []}, "incomeStatementHistoryQuarterly": {"incomeStatementHistory": [{"maxAge": 1, "endDate": "2020-06-30", "totalRevenue": 238527000, "costOfRevenue": 295569000, "grossProfit": -57042000, "researchDevelopment": {}, "sellingGeneralAdministrative": {}, "nonRecurring": {}, "otherOperatingExpenses": 11306000, "totalOperatingExpenses": 309195000, "operatingIncome": -70668000, "totalOtherIncomeExpenseNet": -2217000, "ebit": -70668000, "interestExpense": -3216000, "incomeBeforeTax": -72885000, "incomeTaxExpense": -749000, "minorityInterest": {}, "netIncomeFromContinuingOps": -72136000, "discontinuedOperations": {}, "extraordinaryItems": {}, "effectOfAccountingCharges": {}, "otherItems": {}, "netIncome": -72136000, "netIncomeApplicableToCommonShares": -72136000}, {"maxAge": 1, "endDate": "2020-03-31", "totalRevenue": 680346208, "costOfRevenue": 765877539, "grossProfit": -85531331, "researchDevelopment": {}, "sellingGeneralAdministrative": 9356112, "nonRecurring": {}, "otherOperatingExpenses": 45327628, "totalOperatingExpenses": 822970161, "operatingIncome": -142623953, "totalOtherIncomeExpenseNet": -7098914, "ebit": -142623953, "interestExpense": -9355105, "incomeBeforeTax": -149722867, "incomeTaxExpense": -5440399, "minorityInterest": {}, "netIncomeFromContinuingOps": -144282468, "discontinuedOperations": {}, "extraordinaryItems": {}, "effectOfAccountingCharges": {}, "otherItems": {}, "netIncome": -144282468, "netIncomeApplicableToCommonShares": -144282468}, {"maxAge": 1, "endDate": "2019-12-31", "totalRevenue": 842032000, "costOfRevenue": 795704000, "grossProfit": 46328000, "researchDevelopment": {}, "sellingGeneralAdministrative": 9356112, "nonRecurring": {}, "otherOperatingExpenses": 18416000, "totalOperatingExpenses": 816542000, "operatingIncome": 25490000, "totalOtherIncomeExpenseNet": -11329000, "ebit": 25490000, "interestExpense": -11506000, "incomeBeforeTax": 14161000, "incomeTaxExpense": 6224000, "minorityInterest": {}, "netIncomeFromContinuingOps": 7937000, "discontinuedOperations": {}, "extraordinaryItems": {}, "effectOfAccountingCharges": {}, "otherItems": {}, "netIncome": 7937000, "netIncomeApplicableToCommonShares": 7937000}, {"maxAge": 1, "endDate": "2019-09-30", "totalRevenue": 790903000, "costOfRevenue": 752020000, "grossProfit": 38883000, "researchDevelopment": {}, "sellingGeneralAdministrative": 9356112, "nonRecurring": {}, "otherOperatingExpenses": 17594000, "totalOperatingExpenses": 772068000, "operatingIncome": 18835000, "totalOtherIncomeExpenseNet": -8159000, "ebit": 18835000, "interestExpense": -8423000, "incomeBeforeTax": 10676000, "incomeTaxExpense": 5709000, "minorityInterest": {}, "netIncomeFromContinuingOps": 4967000, "discontinuedOperations": {}, "extraordinaryItems": {}, "effectOfAccountingCharges": {}, "otherItems": {}, "netIncome": 4967000, "netIncomeApplicableToCommonShares": 4967000}], "maxAge": 86400}, "cashflowStatementHistoryQuarterly": {"cashflowStatements": [{"maxAge": 1, "endDate": "2020-06-30", "netIncome": -72136000, "changeToLiabilities": 0}, {"maxAge": 1, "endDate": "2020-03-31", "netIncome": -144282468, "changeToLiabilities": 0}, {"maxAge": 1, "endDate": "2019-12-31", "netIncome": 7937000, "changeToLiabilities": 0}, {"maxAge": 1, "endDate": "2019-09-30", "netIncome": 4967000, "changeToLiabilities": 0}], "maxAge": 86400}, "insiderHolders": {"holders": [{"maxAge": 1, "name": "Malhotra (Harpreet Singh)", "relation": "Managing Director", "url": "", "transactionDescription": "Exercise", "latestTransDate": "2019-08-19", "positionDirect": 2061351, "positionDirectDate": "2019-08-19"}], "maxAge": 1}, "earnings": {"maxAge": 86400, "earningsChart": {"quarterly": [{"date": "1Q2018", "actual": 3.73, "estimate": 3.08}], "currentQuarterEstimateDate": "2Q", "currentQuarterEstimateYear": 2018, "earningsDate": []}, "financialsChart": {"yearly": [{"date": 2017, "revenue": 2982836891, "earnings": 103553483}, {"date": 2018, "revenue": 3242372420, "earnings": 113394973}, {"date": 2019, "revenue": 3303633745, "earnings": 63170534}, {"date": 2020, "revenue": 3014770208, "earnings": -123800468}], "quarterly": [{"date": "3Q2019", "revenue": 790903000, "earnings": 4967000}, {"date": "4Q2019", "revenue": 842032000, "earnings": 7937000}, {"date": "1Q2020", "revenue": 680346208, "earnings": -144282468}, {"date": "2Q2020", "revenue": 238527000, "earnings": -72136000}]}, "financialCurrency": "INR"}, "calendarEvents": {"maxAge": 1, "earnings": {"earningsDate": [], "revenueAverage": 736800000}}, "upgradeDowngradeHistory": {"history": [], "maxAge": 86400}, "price": {"maxAge": 1, "regularMarketChangePercent": 0.011166272, "regularMarketChange": 0.45000076, "regularMarketTime": "2021-04-30 15:29:57", "priceHint": 2, "regularMarketPrice": 40.75, "regularMarketDayHigh": 42.4, "regularMarketDayLow": 40.0, "regularMarketVolume": 11538, "averageDailyVolume10Day": 7522, "averageDailyVolume3Month": 35135, "regularMarketPreviousClose": 40.3, "regularMarketSource": "FREE_REALTIME", "regularMarketOpen": 40.0, "exchange": "BSE", "exchangeName": "BSE", "exchangeDataDelayedBy": 0, "marketState": "CLOSED", "quoteType": "EQUITY", "symbol": "TIGERLOGS.BO", "underlyingSymbol": null, "shortName": "TIGER LOGISTICS (INDIA) LTD", "longName": "Tiger Logistics (India) Limited", "currency": "INR", "quoteSourceName": "Delayed Quote", "currencySymbol": "\u20b9", "fromCurrency": null, "lastMarket": null, "marketCap": 430829376}, "balanceSheetHistory": {"balanceSheetStatements": [{"maxAge": 1, "endDate": "2020-03-31", "cash": 44581182, "shortTermInvestments": 17517701, "netReceivables": 693258971, "otherCurrentAssets": 33821777, "totalCurrentAssets": 790312235, "longTermInvestments": 1284746, "propertyPlantEquipment": 95239298, "intangibleAssets": 1190592, "otherAssets": 162765981, "deferredLongTermAssetCharges": 7334842, "totalAssets": 1050792852, "accountsPayable": 86490768, "shortLongTermDebt": 570666, "otherCurrentLiab": 17089768, "longTermDebt": 236454, "otherLiab": 50879530, "totalCurrentLiabilities": 473082005, "totalLiab": 524197989, "commonStock": 105725000, "retainedEarnings": 418776986, "treasuryStock": 2092877, "otherStockholderEquity": 2092877, "totalStockholderEquity": 526594863, "netTangibleAssets": 525404271}, {"maxAge": 1, "endDate": "2019-03-31", "cash": 37652541, "shortTermInvestments": 16902995, "netReceivables": 1026896719, "otherCurrentAssets": 265422, "totalCurrentAssets": 1083342819, "longTermInvestments": 1746547, "propertyPlantEquipment": 103341129, "intangibleAssets": 1693555, "otherAssets": 59986070, "deferredLongTermAssetCharges": 9561443, "totalAssets": 1250110120, "accountsPayable": 133010546, "shortLongTermDebt": 1612112, "otherCurrentLiab": 67807837, "longTermDebt": 800978, "otherLiab": 37497110, "totalCurrentLiabilities": 560040589, "totalLiab": 598338677, "commonStock": 105725000, "retainedEarnings": 542577454, "treasuryStock": 3468989, "otherStockholderEquity": 3468989, "totalStockholderEquity": 651771443, "netTangibleAssets": 650077888}, {"maxAge": 1, "endDate": "2018-03-31", "cash": 23932680, "shortTermInvestments": 1894515, "netReceivables": 942251950, "otherCurrentAssets": 259826, "totalCurrentAssets": 970046758, "longTermInvestments": 1597364, "propertyPlantEquipment": 105434794, "intangibleAssets": 2360792, "otherAssets": 63235166, "deferredLongTermAssetCharges": 7490211, "totalAssets": 1142674874, "accountsPayable": 175463348, "shortLongTermDebt": 1940552, "otherCurrentLiab": 40189900, "longTermDebt": 2412853, "otherLiab": 45109261, "totalCurrentLiabilities": 510102444, "totalLiab": 557624558, "commonStock": 105725000, "retainedEarnings": 479406918, "treasuryStock": -81602, "otherStockholderEquity": -81602, "totalStockholderEquity": 585050316, "netTangibleAssets": 582689524}, {"maxAge": 1, "endDate": "2017-03-31", "cash": 14645748, "shortTermInvestments": 26152558, "netReceivables": 763204153, "otherCurrentAssets": 262703, "totalCurrentAssets": 806523388, "longTermInvestments": 8300972, "propertyPlantEquipment": 44537601, "intangibleAssets": 3218489, "otherAssets": 75399075, "deferredLongTermAssetCharges": 5107903, "totalAssets": 937979525, "accountsPayable": 202782882, "shortLongTermDebt": 1029945, "otherCurrentLiab": 28906836, "longTermDebt": 2349996, "otherLiab": 81461743, "totalCurrentLiabilities": 382893068, "totalLiab": 466704807, "commonStock": 105725000, "retainedEarnings": 366011946, "treasuryStock": -462228, "otherStockholderEquity": -462228, "totalStockholderEquity": 471274718, "netTangibleAssets": 468056229}], "maxAge": 86400}, "earningsTrend": {"trend": [{"maxAge": 1, "period": "0q", "endDate": "2018-06-30", "growth": {}, "earningsEstimate": {"avg": 0.0, "low": 0.0, "high": 0.0, "yearAgoEps": {}, "numberOfAnalysts": 0, "growth": {}}, "revenueEstimate": {"avg": 736800000, "low": 0, "high": 0, "numberOfAnalysts": 0, "yearAgoRevenue": 691740000, "growth": 0.065}, "epsTrend": {"current": 0.0, "7daysAgo": 0.0, "30daysAgo": 0.0, "60daysAgo": 0.0, "90daysAgo": 0.0}, "epsRevisions": {"upLast7days": 0, "upLast30days": 0, "downLast30days": 0, "downLast90days": {}}}, {"maxAge": 1, "period": "+1q", "endDate": "2018-09-30", "growth": {}, "earningsEstimate": {"avg": 0.0, "low": 0.0, "high": 0.0, "yearAgoEps": {}, "numberOfAnalysts": 0, "growth": {}}, "revenueEstimate": {"avg": 819642000, "low": 0, "high": 0, "numberOfAnalysts": 0, "yearAgoRevenue": 782730000, "growth": 0.047}, "epsTrend": {"current": 0.0, "7daysAgo": 0.0, "30daysAgo": 0.0, "60daysAgo": 0.0, "90daysAgo": 0.0}, "epsRevisions": {"upLast7days": 0, "upLast30days": 0, "downLast30days": 0, "downLast90days": {}}}, {"maxAge": 1, "period": "0y", "endDate": "2019-03-31", "growth": {}, "earningsEstimate": {"avg": 0.0, "low": 0.0, "high": 0.0, "yearAgoEps": {}, "numberOfAnalysts": 0, "growth": {}}, "revenueEstimate": {"avg": 3676850000, "low": 3676850000, "high": 3676850000, "numberOfAnalysts": 1, "yearAgoRevenue": 3242370000, "growth": 0.134}, "epsTrend": {"current": 0.0, "7daysAgo": 12.07, "30daysAgo": 12.07, "60daysAgo": 12.07, "90daysAgo": 12.07}, "epsRevisions": {"upLast7days": 0, "upLast30days": 0, "downLast30days": 0, "downLast90days": {}}}, {"maxAge": 1, "period": "+1y", "endDate": "2020-03-31", "growth": {}, "earningsEstimate": {"avg": 0.0, "low": 0.0, "high": 0.0, "yearAgoEps": {}, "numberOfAnalysts": 0, "growth": {}}, "revenueEstimate": {"avg": 4136460000, "low": 4136460000, "high": 4136460000, "numberOfAnalysts": 1, "yearAgoRevenue": 3676850000, "growth": 0.125}, "epsTrend": {"current": 0.0, "7daysAgo": 13.44, "30daysAgo": 13.44, "60daysAgo": 13.44, "90daysAgo": 13.44}, "epsRevisions": {"upLast7days": 0, "upLast30days": 0, "downLast30days": 0, "downLast90days": {}}}, {"maxAge": 1, "period": "+5y", "endDate": null, "growth": {}, "earningsEstimate": {"avg": {}, "low": {}, "high": {}, "yearAgoEps": {}, "numberOfAnalysts": {}, "growth": {}}, "revenueEstimate": {"avg": {}, "low": {}, "high": {}, "numberOfAnalysts": {}, "yearAgoRevenue": {}, "growth": {}}, "epsTrend": {"current": {}, "7daysAgo": {}, "30daysAgo": {}, "60daysAgo": {}, "90daysAgo": {}}, "epsRevisions": {"upLast7days": {}, "upLast30days": {}, "downLast30days": {}, "downLast90days": {}}}, {"maxAge": 1, "period": "-5y", "endDate": null, "growth": {}, "earningsEstimate": {"avg": {}, "low": {}, "high": {}, "yearAgoEps": {}, "numberOfAnalysts": {}, "growth": {}}, "revenueEstimate": {"avg": {}, "low": {}, "high": {}, "numberOfAnalysts": {}, "yearAgoRevenue": {}, "growth": {}}, "epsTrend": {"current": {}, "7daysAgo": {}, "30daysAgo": {}, "60daysAgo": {}, "90daysAgo": {}}, "epsRevisions": {"upLast7days": {}, "upLast30days": {}, "downLast30days": {}, "downLast90days": {}}}], "maxAge": 1}, "financialData": {"maxAge": 86400, "currentPrice": 40.75, "recommendationKey": "none", "grossProfits": 29283669, "financialCurrency": "INR"}}}