{"TIGLOB.BO": {"cashflowStatementHistory": {"cashflowStatements": [{"maxAge": 1, "endDate": "2020-03-31", "netIncome": 116066912, "depreciation": 11067743, "changeToNetincome": -1014321, "changeToAccountReceivables": 209913410, "changeToLiabilities": -17784529, "changeToInventory": -2764470, "changeToOperatingActivities": -1640596, "totalCashFromOperatingActivities": 313844149, "capitalExpenditures": -3955141, "investments": -90401446, "otherCashflowsFromInvestingActivities": 3315924, "totalCashflowsFromInvestingActivities": -90715663, "dividendsPaid": -2533850, "netBorrowings": -185444512, "otherCashflowsFromFinancingActivities": -11279781, "totalCashFromFinancingActivities": -199258143, "changeInCash": 23870343}, {"maxAge": 1, "endDate": "2019-03-31", "netIncome": 71205495, "depreciation": 9607888, "changeToNetincome": 12765839, "changeToAccountReceivables": 32141433, "changeToLiabilities": -83188301, "changeToInventory": 11795134, "changeToOperatingActivities": -104732670, "totalCashFromOperatingActivities": -50405182, "capitalExpenditures": -6259634, "investments": -66000, "otherCashflowsFromInvestingActivities": 3085388, "totalCashflowsFromInvestingActivities": -1750594, "dividendsPaid": -3049742, "netBorrowings": 42726622, "otherCashflowsFromFinancingActivities": -22041960, "totalCashFromFinancingActivities": 17634920, "changeInCash": -34520856}, {"maxAge": 1, "endDate": "2018-03-31", "netIncome": 40728372, "depreciation": 12005872, "changeToNetincome": 19779503, "changeToAccountReceivables": 233998264, "changeToLiabilities": -131011080, "changeToInventory": 820431, "changeToOperatingActivities": 55981628, "totalCashFromOperatingActivities": 232302990, "capitalExpenditures": -3906525, "investments": -13954, "otherCashflowsFromInvestingActivities": 2340804, "totalCashflowsFromInvestingActivities": -830131, "dividendsPaid": -3049742, "netBorrowings": -111629162, "otherCashflowsFromFinancingActivities": -15074799, "totalCashFromFinancingActivities": -129753703, "changeInCash": 101719156}, {"maxAge": 1, "endDate": "2017-03-31", "netIncome": 21201743, "depreciation": 10681463, "changeToNetincome": 1131283, "changeToAccountReceivables": -312555296, "changeToLiabilities": 123998303, "changeToInventory": 20971258, "changeToOperatingActivities": 42699852, "totalCashFromOperatingActivities": -91871394, "capitalExpenditures": -10185745, "investments": -192949, "otherCashflowsFromInvestingActivities": 1867009, "totalCashflowsFromInvestingActivities": -8411685, "dividendsPaid": -3057217, "netBorrowings": 131390313, "otherCashflowsFromFinancingActivities": -11091759, "totalCashFromFinancingActivities": 117241337, "changeInCash": 16958258}], "maxAge": 86400}, "institutionOwnership": {"maxAge": 1, "ownershipList": []}, "balanceSheetHistoryQuarterly": {"balanceSheetStatements": [{"maxAge": 1, "endDate": "2020-06-30", "totalStockholderEquity": 445816206, "netTangibleAssets": 445816206}, {"maxAge": 1, "endDate": "2020-03-31", "cash": 169306989, "netReceivables": 145013420, "inventory": 51455431, "otherCurrentAssets": 144631850, "totalCurrentAssets": 510407690, "longTermInvestments": 91675886, "propertyPlantEquipment": 193353808, "otherAssets": 5281150, "deferredLongTermAssetCharges": 1251071, "totalAssets": 800718534, "accountsPayable": 107911069, "shortLongTermDebt": 103979, "otherCurrentLiab": 185367373, "totalCurrentLiabilities": 354902328, "totalLiab": 354902328, "commonStock": 50677000, "retainedEarnings": 362017635, "treasuryStock": -878429, "capitalSurplus": 34000000, "otherStockholderEquity": -878429, "totalStockholderEquity": 445816206, "netTangibleAssets": 445816206}, {"maxAge": 1, "endDate": "2019-12-31", "totalStockholderEquity": 418019000, "netTangibleAssets": 418019000}, {"maxAge": 1, "endDate": "2019-09-30", "cash": 72740000, "shortTermInvestments": 303323000, "netReceivables": 236668000, "inventory": 53078000, "otherCurrentAssets": 282000, "totalCurrentAssets": 666091000, "longTermInvestments": 2436000, "propertyPlantEquipment": 195314000, "otherAssets": 4522000, "totalAssets": 868363000, "accountsPayable": 112717000, "otherCurrentLiab": 221404000, "totalCurrentLiabilities": 450344000, "totalLiab": 450344000, "commonStock": 50677000, "treasuryStock": 367342000, "otherStockholderEquity": 367342000, "totalStockholderEquity": 418019000, "netTangibleAssets": 418019000}], "maxAge": 86400}, "indexTrend": {"maxAge": 1, "symbol": "SP5", "peRatio": 19.7411, "pegRatio": 1.34172, "estimates": [{"period": "0q", "growth": 0.549}, {"period": "+1q", "growth": 0.431}, {"period": "0y", "growth": 0.305}, {"period": "+1y", "growth": 0.109}, {"period": "+5y", "growth": 0.120859005}, {"period": "-5y"}]}, "insiderTransactions": {"transactions": [{"maxAge": 1, "shares": 64344, "filerUrl": "", "transactionText": "", "filerName": "T & I Projects Ltd", "filerRelation": "Promoter", "moneyText": "", "startDate": "2020-06-10", "ownership": "D"}, {"maxAge": 1, "shares": 13800, "filerUrl": "", "transactionText": "", "filerName": "Dhananjay Mechanicals Pvt. Ltd.", "filerRelation": "Promoter", "moneyText": "", "startDate": "2019-01-07", "ownership": "D"}, {"maxAge": 1, "shares": 10000, "filerUrl": "", "transactionText": "", "filerName": "T & I Projects Ltd", "filerRelation": "Promoter", "moneyText": "", "startDate": "2018-11-27", "ownership": "D"}], "maxAge": 1}, "quoteType": {"exchange": "BSE", "quoteType": "EQUITY", "symbol": "TIGLOB.BO", "underlyingSymbol": "TIGLOB.BO", "shortName": "T & I GLOBAL LTD.", "longName": "T & I Global Limited", "firstTradeDateEpochUtc": "2000-10-17 09:15:00", "timeZoneFullName": "Asia/Kolkata", "timeZoneShortName": "IST", "uuid": "5dc9e03a-b91f-3b34-ba96-c482cd19082e", "messageBoardId": null, "gmtOffSetMilliseconds": 19800000, "maxAge": 1}, "incomeStatementHistory": {"incomeStatementHistory": [{"maxAge": 1, "endDate": "2020-03-31", "totalRevenue": 957927091, "costOfRevenue": 658726594, "grossProfit": 299200497, "researchDevelopment": {}, "sellingGeneralAdministrative": 148123430, "nonRecurring": {}, "otherOperatingExpenses": -3333677, "totalOperatingExpenses": 814584090, "operatingIncome": 143343001, "totalOtherIncomeExpenseNet": 7755284, "ebit": 143343001, "interestExpense": -10763889, "incomeBeforeTax": 151098285, "incomeTaxExpense": 35031373, "minorityInterest": {}, "netIncomeFromContinuingOps": 116066912, "discontinuedOperations": {}, "extraordinaryItems": {}, "effectOfAccountingCharges": {}, "otherItems": {}, "netIncome": 116066912, "netIncomeApplicableToCommonShares": 116066912}, {"maxAge": 1, "endDate": "2019-03-31", "totalRevenue": 1323613503, "costOfRevenue": 1010419664, "grossProfit": 313193839, "researchDevelopment": {}, "sellingGeneralAdministrative": 198085453, "nonRecurring": {}, "otherOperatingExpenses": -520157, "totalOperatingExpenses": 1217592848, "operatingIncome": 106020655, "totalOtherIncomeExpenseNet": -3900068, "ebit": 106020655, "interestExpense": -22041960, "incomeBeforeTax": 102120587, "incomeTaxExpense": 30915092, "minorityInterest": {}, "netIncomeFromContinuingOps": 71205495, "discontinuedOperations": {}, "extraordinaryItems": {}, "effectOfAccountingCharges": {}, "otherItems": {}, "netIncome": 71205495, "netIncomeApplicableToCommonShares": 71205495}, {"maxAge": 1, "endDate": "2018-03-31", "totalRevenue": 1136778316, "costOfRevenue": 877096526, "grossProfit": 259681790, "researchDevelopment": {}, "sellingGeneralAdministrative": 192817576, "nonRecurring": {}, "otherOperatingExpenses": -1335983, "totalOperatingExpenses": 1080583991, "operatingIncome": 56194325, "totalOtherIncomeExpenseNet": 10473359, "ebit": 56194325, "interestExpense": -15074799, "incomeBeforeTax": 66667684, "incomeTaxExpense": 25939312, "minorityInterest": {}, "netIncomeFromContinuingOps": 40728372, "discontinuedOperations": {}, "extraordinaryItems": {}, "effectOfAccountingCharges": {}, "otherItems": {}, "netIncome": 40728372, "netIncomeApplicableToCommonShares": 40728372}, {"maxAge": 1, "endDate": "2017-03-31", "totalRevenue": 1387598902, "costOfRevenue": 1095660574, "grossProfit": 291938328, "researchDevelopment": {}, "sellingGeneralAdministrative": 227947650, "nonRecurring": {}, "otherOperatingExpenses": -1233162, "totalOperatingExpenses": 1333056525, "operatingIncome": 54542377, "totalOtherIncomeExpenseNet": -10629809, "ebit": 54542377, "interestExpense": -11091759, "incomeBeforeTax": 43912568, "incomeTaxExpense": 22710825, "minorityInterest": {}, "netIncomeFromContinuingOps": 21201743, "discontinuedOperations": {}, "extraordinaryItems": {}, "effectOfAccountingCharges": {}, "otherItems": {}, "netIncome": 21201743, "netIncomeApplicableToCommonShares": 21201743}], "maxAge": 86400}, "fundOwnership": {"maxAge": 1, "ownershipList": []}, "summaryDetail": {"maxAge": 1, "priceHint": 2, "previousClose": 96.55, "open": 94.6, "dayLow": 94.6, "dayHigh": 98.9, "regularMarketPreviousClose": 96.55, "regularMarketOpen": 94.6, "regularMarketDayLow": 94.6, "regularMarketDayHigh": 98.9, "trailingPE": 3.9617767, "volume": 8137, "regularMarketVolume": 8137, "averageVolume": 6767, "averageVolume10days": 4252, "averageDailyVolume10Day": 4252, "bid": 95.05, "ask": 97.9, "bidSize": 0, "askSize": 0, "marketCap": 489539808, "fiftyTwoWeekLow": 45.3, "fiftyTwoWeekHigh": 118.9, "fiftyDayAverage": 98.17794, "twoHundredDayAverage": 93.72243, "trailingAnnualDividendRate": 0.5, "trailingAnnualDividendYield": 0.005178664, "currency": "INR", "fromCurrency": null, "toCurrency": null, "lastMarket": null, "algorithm": null, "tradeable": false}, "incomeStatementHistoryQuarterly": {"incomeStatementHistory": [{"maxAge": 1, "endDate": "2020-06-30", "totalRevenue": 263699000, "costOfRevenue": 170042000, "grossProfit": 93657000, "researchDevelopment": {}, "sellingGeneralAdministrative": 7197000, "nonRecurring": {}, "otherOperatingExpenses": 27093000, "totalOperatingExpenses": 206746000, "operatingIncome": 56953000, "totalOtherIncomeExpenseNet": 5280000, "ebit": 56953000, "interestExpense": -11000, "incomeBeforeTax": 62233000, "incomeTaxExpense": 15558000, "minorityInterest": {}, "netIncomeFromContinuingOps": 46675000, "discontinuedOperations": {}, "extraordinaryItems": {}, "effectOfAccountingCharges": {}, "otherItems": {}, "netIncome": 46675000, "netIncomeApplicableToCommonShares": 46675000}, {"maxAge": 1, "endDate": "2020-03-31", "totalRevenue": 196403091, "costOfRevenue": 205422594, "grossProfit": -9019503, "researchDevelopment": {}, "sellingGeneralAdministrative": 115298430, "nonRecurring": {}, "otherOperatingExpenses": -157787677, "totalOperatingExpenses": 165223090, "operatingIncome": 31180001, "totalOtherIncomeExpenseNet": -30433716, "ebit": 31180001, "interestExpense": -4025889, "incomeBeforeTax": 746285, "incomeTaxExpense": -123627, "minorityInterest": {}, "netIncomeFromContinuingOps": 869912, "discontinuedOperations": {}, "extraordinaryItems": {}, "effectOfAccountingCharges": {}, "otherItems": {}, "netIncome": 869912, "netIncomeApplicableToCommonShares": 869912}, {"maxAge": 1, "endDate": "2019-12-31", "totalRevenue": 219506000, "costOfRevenue": 119230000, "grossProfit": 100276000, "researchDevelopment": {}, "sellingGeneralAdministrative": 10460000, "nonRecurring": {}, "otherOperatingExpenses": 50026000, "totalOperatingExpenses": 182746000, "operatingIncome": 36760000, "totalOtherIncomeExpenseNet": -3787000, "ebit": 36760000, "interestExpense": -1404000, "incomeBeforeTax": 32973000, "incomeTaxExpense": 5810000, "minorityInterest": {}, "netIncomeFromContinuingOps": 27163000, "discontinuedOperations": {}, "extraordinaryItems": {}, "effectOfAccountingCharges": {}, "otherItems": {}, "netIncome": 27163000, "netIncomeApplicableToCommonShares": 27163000}, {"maxAge": 1, "endDate": "2019-09-30", "totalRevenue": 273687000, "costOfRevenue": 171131000, "grossProfit": 102556000, "researchDevelopment": {}, "sellingGeneralAdministrative": 13078000, "nonRecurring": {}, "otherOperatingExpenses": 66644000, "totalOperatingExpenses": 254199000, "operatingIncome": 19488000, "totalOtherIncomeExpenseNet": 43831000, "ebit": 19488000, "interestExpense": -2115000, "incomeBeforeTax": 63319000, "incomeTaxExpense": 14445000, "minorityInterest": {}, "netIncomeFromContinuingOps": 48874000, "discontinuedOperations": {}, "extraordinaryItems": {}, "effectOfAccountingCharges": {}, "otherItems": {}, "netIncome": 48874000, "netIncomeApplicableToCommonShares": 48874000}], "maxAge": 86400}, "cashflowStatementHistoryQuarterly": {"cashflowStatements": [{"maxAge": 1, "endDate": "2020-06-30", "netIncome": 46675000, "changeToLiabilities": 0}, {"maxAge": 1, "endDate": "2020-03-31", "netIncome": 869912, "changeToLiabilities": 0}, {"maxAge": 1, "endDate": "2019-12-31", "netIncome": 27163000, "changeToLiabilities": 0}, {"maxAge": 1, "endDate": "2019-09-30", "netIncome": 48874000, "changeToLiabilities": 0}], "maxAge": 86400}, "insiderHolders": {"holders": [{"maxAge": 1, "name": "Dhananjay Mechanicals Pvt. Ltd.", "relation": "Promoter", "url": "", "transactionDescription": "Sale", "latestTransDate": "2019-01-07", "positionDirect": 46097, "positionDirectDate": "2019-01-07"}, {"maxAge": 1, "name": "T & I Projects Ltd", "relation": "Promoter", "url": "", "transactionDescription": "Acquisition", "latestTransDate": "2020-06-10", "positionDirect": 753943, "positionDirectDate": "2020-06-10"}], "maxAge": 1}, "calendarEvents": {"maxAge": 1, "earnings": {"earningsDate": ["2020-09-15 05:30:S"]}}, "price": {"maxAge": 1, "regularMarketChangePercent": 0.00051781896, "regularMarketChange": 0.049995422, "regularMarketTime": "2021-04-30 15:28:12", "priceHint": 2, "regularMarketPrice": 96.6, "regularMarketDayHigh": 98.9, "regularMarketDayLow": 94.6, "regularMarketVolume": 8137, "averageDailyVolume10Day": 4252, "averageDailyVolume3Month": 6767, "regularMarketPreviousClose": 96.55, "regularMarketSource": "FREE_REALTIME", "regularMarketOpen": 94.6, "exchange": "BSE", "exchangeName": "BSE", "exchangeDataDelayedBy": 0, "marketState": "CLOSED", "quoteType": "EQUITY", "symbol": "TIGLOB.BO", "underlyingSymbol": null, "shortName": "T & I GLOBAL LTD.", "longName": "T & I Global Limited", "currency": "INR", "quoteSourceName": "Delayed Quote", "currencySymbol": "\u20b9", "fromCurrency": null, "toCurrency": null, "lastMarket": null, "marketCap": 489539808}, "balanceSheetHistory": {"balanceSheetStatements": [{"maxAge": 1, "endDate": "2020-03-31", "cash": 169306989, "netReceivables": 145013420, "inventory": 51455431, "otherCurrentAssets": 144631850, "totalCurrentAssets": 510407690, "longTermInvestments": 91675886, "propertyPlantEquipment": 193353808, "otherAssets": 5281150, "deferredLongTermAssetCharges": 1251071, "totalAssets": 800718534, "accountsPayable": 107911069, "shortLongTermDebt": 103979, "otherCurrentLiab": 185367373, "totalCurrentLiabilities": 354902328, "totalLiab": 354902328, "commonStock": 50677000, "retainedEarnings": 362017635, "treasuryStock": -878429, "capitalSurplus": 34000000, "otherStockholderEquity": -878429, "totalStockholderEquity": 445816206, "netTangibleAssets": 445816206}, {"maxAge": 1, "endDate": "2019-03-31", "cash": 145436646, "netReceivables": 378339280, "inventory": 48690961, "otherCurrentAssets": 111210607, "totalCurrentAssets": 683677494, "longTermInvestments": 2408540, "propertyPlantEquipment": 200589220, "otherAssets": 5076699, "deferredLongTermAssetCharges": 282444, "totalAssets": 891751953, "accountsPayable": 125695598, "shortLongTermDebt": 348675, "otherCurrentLiab": 178120165, "totalCurrentLiabilities": 558723159, "totalLiab": 558723159, "commonStock": 50677000, "retainedEarnings": 248567643, "treasuryStock": -215849, "capitalSurplus": 34000000, "otherStockholderEquity": -215849, "totalStockholderEquity": 333028794, "netTangibleAssets": 333028794}, {"maxAge": 1, "endDate": "2018-03-31", "cash": 179957801, "netReceivables": 427034074, "inventory": 60486095, "otherCurrentAssets": 11578098, "totalCurrentAssets": 679340964, "longTermInvestments": 2462081, "propertyPlantEquipment": 204847822, "otherAssets": 5934831, "deferredLongTermAssetCharges": 671566, "totalAssets": 892585698, "accountsPayable": 208883899, "shortLongTermDebt": 769441, "otherCurrentLiab": 207644469, "totalCurrentLiabilities": 625445080, "totalLiab": 625445080, "commonStock": 50677000, "retainedEarnings": 183208024, "treasuryStock": -744406, "capitalSurplus": 34000000, "otherStockholderEquity": -744406, "totalStockholderEquity": 267140618, "netTangibleAssets": 267140618}, {"maxAge": 1, "endDate": "2017-03-31", "cash": 78238645, "netReceivables": 645403728, "inventory": 61306526, "totalCurrentAssets": 784948899, "longTermInvestments": 2436638, "propertyPlantEquipment": 212975434, "otherAssets": 4975024, "totalAssets": 1005335995, "accountsPayable": 339894979, "shortLongTermDebt": 434179, "otherCurrentLiab": 127879690, "otherLiab": 389122, "totalCurrentLiabilities": 775447836, "totalLiab": 775836958, "commonStock": 50677000, "retainedEarnings": 145351338, "treasuryStock": -529301, "capitalSurplus": 34000000, "otherStockholderEquity": -529301, "totalStockholderEquity": 229499037, "netTangibleAssets": 229499037}], "maxAge": 86400}, "financialData": {"maxAge": 86400, "currentPrice": 96.6, "recommendationKey": "none", "grossProfits": 299200497, "financialCurrency": "INR"}}}