{"TIIL.BO": {"recommendationTrend": {"trend": [{"period": "0m", "strongBuy": 0, "buy": 0, "hold": 0, "sell": 0, "strongSell": 0}, {"period": "-1m", "strongBuy": 0, "buy": 0, "hold": 0, "sell": 0, "strongSell": 0}, {"period": "-2m", "strongBuy": 0, "buy": 0, "hold": 0, "sell": 0, "strongSell": 0}, {"period": "-3m", "strongBuy": 0, "buy": 0, "hold": 0, "sell": 0, "strongSell": 0}], "maxAge": 86400}, "cashflowStatementHistory": {"cashflowStatements": [{"maxAge": 1, "endDate": "2020-03-31", "netIncome": 1227611000, "depreciation": 527512000, "changeToNetincome": 56696000, "changeToAccountReceivables": 13595000, "changeToLiabilities": 447662000, "changeToInventory": -506104000, "changeToOperatingActivities": 236126000, "totalCashFromOperatingActivities": 2014441000, "capitalExpenditures": -1738472000, "investments": 46776000, "otherCashflowsFromInvestingActivities": 35003000, "totalCashflowsFromInvestingActivities": -1645667000, "netBorrowings": 89596000, "otherCashflowsFromFinancingActivities": -338000000, "totalCashFromFinancingActivities": -248404000, "changeInCash": 120370000}, {"maxAge": 1, "endDate": "2019-03-31", "netIncome": 1167570000, "depreciation": 370314000, "changeToNetincome": -51009000, "changeToAccountReceivables": -566096000, "changeToLiabilities": -94453000, "changeToInventory": -867883000, "changeToOperatingActivities": 293236000, "totalCashFromOperatingActivities": 264889000, "capitalExpenditures": -1115411000, "investments": -80228000, "otherCashflowsFromInvestingActivities": -13524000, "totalCashflowsFromInvestingActivities": -1167269000, "netBorrowings": 1272246000, "otherCashflowsFromFinancingActivities": -290417000, "totalCashFromFinancingActivities": 981829000, "changeInCash": 79449000}, {"maxAge": 1, "endDate": "2018-03-31", "netIncome": 1194617000, "depreciation": 280462000, "changeToNetincome": 41625000, "changeToAccountReceivables": -831902000, "changeToLiabilities": 190541000, "changeToInventory": -823223000, "changeToOperatingActivities": -330541000, "totalCashFromOperatingActivities": -265976000, "capitalExpenditures": -1076060000, "investments": 604205000, "otherCashflowsFromInvestingActivities": 49077000, "totalCashflowsFromInvestingActivities": -409047000, "netBorrowings": 1674601000, "otherCashflowsFromFinancingActivities": -179327000, "totalCashFromFinancingActivities": 530160000, "changeInCash": -144863000, "repurchaseOfStock": -965114000}, {"maxAge": 1, "endDate": "2017-03-31", "netIncome": 1029445000, "depreciation": 227208000, "changeToNetincome": -126325000, "changeToAccountReceivables": -83787000, "changeToLiabilities": 263321000, "changeToInventory": -940918000, "changeToOperatingActivities": 157869000, "totalCashFromOperatingActivities": 541017000, "capitalExpenditures": -528383000, "investments": -45842000, "otherCashflowsFromInvestingActivities": 101099000, "totalCashflowsFromInvestingActivities": -491058000, "netBorrowings": 79200000, "otherCashflowsFromFinancingActivities": -154027000, "totalCashFromFinancingActivities": -74827000, "changeInCash": -24868000, "repurchaseOfStock": -965114000}], "maxAge": 86400}, "institutionOwnership": {"maxAge": 1, "ownershipList": []}, "balanceSheetHistoryQuarterly": {"balanceSheetStatements": [{"maxAge": 1, "endDate": "2020-06-30", "totalStockholderEquity": 9442871000, "netTangibleAssets": 9364514000}, {"maxAge": 1, "endDate": "2020-03-31", "cash": 622917000, "netReceivables": 3542519000, "inventory": 5284813000, "otherCurrentAssets": 1353161000, "totalCurrentAssets": 11888278000, "longTermInvestments": 1173537000, "propertyPlantEquipment": 4514359000, "goodWill": 65259000, "intangibleAssets": 13098000, "otherAssets": 505718000, "totalAssets": 18160249000, "accountsPayable": 667799000, "shortLongTermDebt": 196531000, "otherCurrentLiab": 268023000, "longTermDebt": 1357757000, "otherLiab": 407099000, "minorityInterest": 78874000, "totalCurrentLiabilities": 6872666000, "totalLiab": 8638504000, "commonStock": 244617000, "retainedEarnings": 9095652000, "treasuryStock": 56690000, "capitalSurplus": 45912000, "otherStockholderEquity": 56690000, "totalStockholderEquity": 9442871000, "netTangibleAssets": 9364514000}, {"maxAge": 1, "endDate": "2019-12-31", "totalStockholderEquity": 8880409000, "netTangibleAssets": 8803302000}, {"maxAge": 1, "endDate": "2019-09-30", "cash": 606639000, "shortTermInvestments": 1323058000, "netReceivables": 3045710000, "inventory": 4580820000, "otherCurrentAssets": 808919000, "totalCurrentAssets": 10365146000, "longTermInvestments": 1408858000, "propertyPlantEquipment": 4132693000, "goodWill": 49575000, "intangibleAssets": 27532000, "otherAssets": 831734000, "totalAssets": 16815538000, "accountsPayable": 384871000, "otherCurrentLiab": 1156920000, "longTermDebt": 1266077000, "otherLiab": 386227000, "minorityInterest": 72378000, "totalCurrentLiabilities": 6210447000, "totalLiab": 7862751000, "commonStock": 244617000, "treasuryStock": 8635792000, "otherStockholderEquity": 8635792000, "totalStockholderEquity": 8880409000, "netTangibleAssets": 8803302000}], "maxAge": 86400}, "earningsHistory": {"history": [{"maxAge": 1, "epsActual": {}, "epsEstimate": {}, "epsDifference": {}, "surprisePercent": {}, "quarter": {}, "period": "-4q"}, {"maxAge": 1, "epsActual": {}, "epsEstimate": {}, "epsDifference": {}, "surprisePercent": {}, "quarter": {}, "period": "-3q"}, {"maxAge": 1, "epsActual": 5.56, "epsEstimate": 8.96, "epsDifference": -3.4, "surprisePercent": -0.379, "quarter": "2015-03-31", "period": "-2q"}, {"maxAge": 1, "epsActual": 7.52, "epsEstimate": 10.03, "epsDifference": -2.51, "surprisePercent": -0.25, "quarter": "2016-12-31", "period": "-1q"}], "maxAge": 86400}, "indexTrend": {"maxAge": 1, "symbol": "SP5", "peRatio": 19.7411, "pegRatio": 1.34172, "estimates": [{"period": "0q", "growth": 0.549}, {"period": "+1q", "growth": 0.431}, {"period": "0y", "growth": 0.305}, {"period": "+1y", "growth": 0.109}, {"period": "+5y", "growth": 0.120865}, {"period": "-5y"}]}, "industryTrend": {"maxAge": 1, "symbol": null, "estimates": []}, "insiderTransactions": {"transactions": [{"maxAge": 1, "shares": 12994, "filerUrl": "", "transactionText": "", "filerName": "Ashrit Holding Ltd", "filerRelation": "Promoter", "moneyText": "", "startDate": "2020-03-18", "ownership": "D"}, {"maxAge": 1, "shares": 7335, "filerUrl": "", "transactionText": "", "filerName": "Ashrit Holding Ltd", "filerRelation": "Promoter", "moneyText": "", "startDate": "2020-03-17", "ownership": "D"}, {"maxAge": 1, "shares": 36640, "filerUrl": "", "transactionText": "", "filerName": "Ashrit Holding Ltd", "filerRelation": "Promoter", "moneyText": "", "startDate": "2020-03-13", "ownership": "D"}, {"maxAge": 1, "shares": 47511, "filerUrl": "", "transactionText": "", "filerName": "Ashrit Holding Ltd", "filerRelation": "Promoter", "moneyText": "", "startDate": "2020-03-12", "ownership": "D"}, {"maxAge": 1, "shares": 5299, "filerUrl": "", "transactionText": "", "filerName": "Ashrit Holding Ltd", "filerRelation": "Promoter", "moneyText": "", "startDate": "2020-03-09", "ownership": "D"}, {"maxAge": 1, "shares": 1854, "filerUrl": "", "transactionText": "", "filerName": "Ashrit Holding Ltd", "filerRelation": "Promoter", "moneyText": "", "startDate": "2020-03-06", "ownership": "D"}, {"maxAge": 1, "shares": 3095, "filerUrl": "", "transactionText": "", "filerName": "Ashrit Holding Ltd", "filerRelation": "Promoter", "moneyText": "", "startDate": "2020-03-05", "ownership": "D"}, {"maxAge": 1, "shares": 10506, "filerUrl": "", "transactionText": "", "filerName": "Ashrit Holding Ltd", "filerRelation": "Promoter", "moneyText": "", "startDate": "2020-03-03", "ownership": "D"}, {"maxAge": 1, "shares": 1467, "filerUrl": "", "transactionText": "", "filerName": "Ashrit Holding Ltd", "filerRelation": "Promoter", "moneyText": "", "startDate": "2019-12-30", "ownership": "D"}, {"maxAge": 1, "shares": 14732, "filerUrl": "", "transactionText": "", "filerName": "Ashrit Holding Ltd", "filerRelation": "Promoter", "moneyText": "", "startDate": "2019-12-18", "ownership": "D"}, {"maxAge": 1, "shares": 165106, "filerUrl": "", "transactionText": "", "filerName": "Ashrit Holding Ltd", "filerRelation": "Promoter", "moneyText": "", "startDate": "2019-08-22", "ownership": "D"}, {"maxAge": 1, "shares": 908, "filerUrl": "", "transactionText": "", "filerName": "Ashrit Holding Ltd", "filerRelation": "Promoter", "moneyText": "", "startDate": "2019-08-21", "ownership": "D"}, {"maxAge": 1, "shares": 25184, "filerUrl": "", "transactionText": "", "filerName": "Ashrit Holding Ltd", "filerRelation": "Promoter", "moneyText": "", "startDate": "2019-06-19", "ownership": "D"}, {"maxAge": 1, "shares": 729, "filerUrl": "", "transactionText": "", "filerName": "Ashrit Holding Ltd", "filerRelation": "Promoter", "moneyText": "", "startDate": "2019-06-13", "ownership": "D"}, {"maxAge": 1, "shares": 124, "filerUrl": "", "transactionText": "", "filerName": "Ashrit Holding Ltd", "filerRelation": "Promoter", "moneyText": "", "startDate": "2019-06-12", "ownership": "D"}, {"maxAge": 1, "shares": 13000, "filerUrl": "", "transactionText": "", "filerName": "Ashrit Holding Ltd", "filerRelation": "Promoter", "moneyText": "", "startDate": "2019-06-04", "ownership": "D"}], "maxAge": 1}, "quoteType": {"exchange": "BSE", "quoteType": "EQUITY", "symbol": "TIIL.BO", "underlyingSymbol": "TIIL.BO", "shortName": "TECHNOCRAFT INDUSTRIES (INDIA)", "longName": "Technocraft Industries (India) Limited", "firstTradeDateEpochUtc": "2007-02-12 09:15:00", "timeZoneFullName": "Asia/Kolkata", "timeZoneShortName": "IST", "uuid": "33b364cb-7b11-398b-b481-ca3bd9f75087", "messageBoardId": null, "gmtOffSetMilliseconds": 19800000, "maxAge": 1}, "incomeStatementHistory": {"incomeStatementHistory": [{"maxAge": 1, "endDate": "2020-03-31", "totalRevenue": 13591011000, "costOfRevenue": 6143282000, "grossProfit": 7447729000, "researchDevelopment": {}, "sellingGeneralAdministrative": 1905223000, "nonRecurring": {}, "otherOperatingExpenses": 3358525000, "totalOperatingExpenses": 11944465000, "operatingIncome": 1646546000, "totalOtherIncomeExpenseNet": -34784000, "ebit": 1646546000, "interestExpense": -335462000, "incomeBeforeTax": 1611762000, "incomeTaxExpense": 349659000, "minorityInterest": 78874000, "netIncomeFromContinuingOps": 1262103000, "discontinuedOperations": {}, "extraordinaryItems": {}, "effectOfAccountingCharges": {}, "otherItems": {}, "netIncome": 1227611000, "netIncomeApplicableToCommonShares": 1227611000}, {"maxAge": 1, "endDate": "2019-03-31", "totalRevenue": 13134594000, "costOfRevenue": 6424164000, "grossProfit": 6710430000, "researchDevelopment": {}, "sellingGeneralAdministrative": 1724274000, "nonRecurring": {}, "otherOperatingExpenses": 2932129000, "totalOperatingExpenses": 11463004000, "operatingIncome": 1671590000, "totalOtherIncomeExpenseNet": -30527000, "ebit": 1671590000, "interestExpense": -294032000, "incomeBeforeTax": 1641063000, "incomeTaxExpense": 450703000, "minorityInterest": 62846000, "netIncomeFromContinuingOps": 1190360000, "discontinuedOperations": {}, "extraordinaryItems": {}, "effectOfAccountingCharges": {}, "otherItems": {}, "netIncome": 1167570000, "netIncomeApplicableToCommonShares": 1167570000}, {"maxAge": 1, "endDate": "2018-03-31", "totalRevenue": 11843694000, "costOfRevenue": 5843003000, "grossProfit": 6000691000, "researchDevelopment": {}, "sellingGeneralAdministrative": 1480911000, "nonRecurring": {}, "otherOperatingExpenses": 2714130000, "totalOperatingExpenses": 10329929000, "operatingIncome": 1513765000, "totalOtherIncomeExpenseNet": 185171000, "ebit": 1513765000, "interestExpense": -187737000, "incomeBeforeTax": 1698936000, "incomeTaxExpense": 499154000, "minorityInterest": 39506000, "netIncomeFromContinuingOps": 1199782000, "discontinuedOperations": {}, "extraordinaryItems": {}, "effectOfAccountingCharges": {}, "otherItems": {}, "netIncome": 1194617000, "netIncomeApplicableToCommonShares": 1194617000}, {"maxAge": 1, "endDate": "2017-03-31", "totalRevenue": 9358656000, "costOfRevenue": 4159810000, "grossProfit": 5198846000, "researchDevelopment": {}, "sellingGeneralAdministrative": 1331286000, "nonRecurring": {}, "otherOperatingExpenses": 2323861000, "totalOperatingExpenses": 8054638000, "operatingIncome": 1304018000, "totalOtherIncomeExpenseNet": 138641000, "ebit": 1304018000, "interestExpense": -158030000, "incomeBeforeTax": 1442659000, "incomeTaxExpense": 427874000, "minorityInterest": 38582000, "netIncomeFromContinuingOps": 1014785000, "discontinuedOperations": {}, "extraordinaryItems": {}, "effectOfAccountingCharges": {}, "otherItems": {}, "netIncome": 1029445000, "netIncomeApplicableToCommonShares": 1029445000}], "maxAge": 86400}, "fundOwnership": {"maxAge": 1, "ownershipList": []}, "summaryDetail": {"maxAge": 1, "priceHint": 2, "previousClose": 391.0, "open": 388.65, "dayLow": 386.45, "dayHigh": 398.7, "regularMarketPreviousClose": 391.0, "regularMarketOpen": 388.65, "regularMarketDayLow": 386.45, "regularMarketDayHigh": 398.7, "trailingPE": 7.680605, "volume": 714, "regularMarketVolume": 714, "averageVolume": 4356, "averageVolume10days": 10991, "averageDailyVolume10Day": 10991, "bid": 390.0, "ask": 390.95, "bidSize": 0, "askSize": 0, "marketCap": 9570639872, "fiftyTwoWeekLow": 144.0, "fiftyTwoWeekHigh": 423.1, "fiftyDayAverage": 359.03088, "twoHundredDayAverage": 329.71802, "trailingAnnualDividendRate": 3.0, "trailingAnnualDividendYield": 0.0076726344, "currency": "INR", "fromCurrency": null, "toCurrency": null, "lastMarket": null, "algorithm": null, "tradeable": false}, "sectorTrend": {"maxAge": 1, "symbol": null, "estimates": []}, "incomeStatementHistoryQuarterly": {"incomeStatementHistory": [{"maxAge": 1, "endDate": "2020-06-30", "totalRevenue": 2746032000, "costOfRevenue": 1115783000, "grossProfit": 1630249000, "researchDevelopment": {}, "sellingGeneralAdministrative": 511530000, "nonRecurring": {}, "otherOperatingExpenses": 581207000, "totalOperatingExpenses": 2377233000, "operatingIncome": 368799000, "totalOtherIncomeExpenseNet": 100346000, "ebit": 368799000, "interestExpense": -86998000, "incomeBeforeTax": 469145000, "incomeTaxExpense": 83300000, "minorityInterest": {}, "netIncomeFromContinuingOps": 385845000, "discontinuedOperations": -66706000, "extraordinaryItems": {}, "effectOfAccountingCharges": {}, "otherItems": {}, "netIncome": 307394000, "netIncomeApplicableToCommonShares": 307394000}, {"maxAge": 1, "endDate": "2020-03-31", "totalRevenue": 3515177000, "costOfRevenue": 1734987000, "grossProfit": 1780190000, "researchDevelopment": {}, "sellingGeneralAdministrative": 509244000, "nonRecurring": {}, "otherOperatingExpenses": 650067000, "totalOperatingExpenses": 3087177000, "operatingIncome": 428000000, "totalOtherIncomeExpenseNet": -166143000, "ebit": 428000000, "interestExpense": -53118000, "incomeBeforeTax": 261857000, "incomeTaxExpense": 65075000, "minorityInterest": 78874000, "netIncomeFromContinuingOps": 196782000, "discontinuedOperations": -66706000, "extraordinaryItems": {}, "effectOfAccountingCharges": {}, "otherItems": {}, "netIncome": 181039000, "netIncomeApplicableToCommonShares": 181039000}, {"maxAge": 1, "endDate": "2019-12-31", "totalRevenue": 3290783000, "costOfRevenue": 1394399000, "grossProfit": 1896384000, "researchDevelopment": {}, "sellingGeneralAdministrative": 477216000, "nonRecurring": {}, "otherOperatingExpenses": 913082000, "totalOperatingExpenses": 2909622000, "operatingIncome": 381161000, "totalOtherIncomeExpenseNet": 129656000, "ebit": 381161000, "interestExpense": -97103000, "incomeBeforeTax": 510817000, "incomeTaxExpense": 93971000, "minorityInterest": 78874000, "netIncomeFromContinuingOps": 416846000, "discontinuedOperations": -66706000, "extraordinaryItems": {}, "effectOfAccountingCharges": {}, "otherItems": {}, "netIncome": 410622000, "netIncomeApplicableToCommonShares": 410622000}, {"maxAge": 1, "endDate": "2019-09-30", "totalRevenue": 3265558000, "costOfRevenue": 1382956000, "grossProfit": 1882602000, "researchDevelopment": {}, "sellingGeneralAdministrative": 466276000, "nonRecurring": {}, "otherOperatingExpenses": 921652000, "totalOperatingExpenses": 2883433000, "operatingIncome": 382125000, "totalOtherIncomeExpenseNet": 15656000, "ebit": 382125000, "interestExpense": -88411000, "incomeBeforeTax": 397781000, "incomeTaxExpense": 49390000, "minorityInterest": 72378000, "netIncomeFromContinuingOps": 348391000, "discontinuedOperations": -66706000, "extraordinaryItems": {}, "effectOfAccountingCharges": {}, "otherItems": {}, "netIncome": 346808000, "netIncomeApplicableToCommonShares": 346808000}], "maxAge": 86400}, "cashflowStatementHistoryQuarterly": {"cashflowStatements": [{"maxAge": 1, "endDate": "2020-06-30", "netIncome": 307394000, "changeToLiabilities": 0}, {"maxAge": 1, "endDate": "2020-03-31", "netIncome": 181039000, "changeToLiabilities": 0}, {"maxAge": 1, "endDate": "2019-12-31", "netIncome": 410622000, "changeToLiabilities": 0}, {"maxAge": 1, "endDate": "2019-09-30", "netIncome": 346808000, "changeToLiabilities": 0}], "maxAge": 86400}, "insiderHolders": {"holders": [{"maxAge": 1, "name": "Ashrit Holding Ltd", "relation": "Promoter", "url": "", "transactionDescription": "Acquisition", "latestTransDate": "2020-03-18", "positionDirect": 380455, "positionDirectDate": "2020-03-18"}], "maxAge": 1}, "earnings": {"maxAge": 86400, "earningsChart": {"quarterly": [{"date": "1Q2015", "actual": 5.56, "estimate": 8.96}, {"date": "4Q2016", "actual": 7.52, "estimate": 10.03}], "currentQuarterEstimateDate": "1Q", "currentQuarterEstimateYear": 2017, "earningsDate": ["2020-11-14 05:30:S", "2020-11-15 05:30:S"]}, "financialsChart": {"yearly": [{"date": 2017, "revenue": 9358656000, "earnings": 1029445000}, {"date": 2018, "revenue": 11843694000, "earnings": 1194617000}, {"date": 2019, "revenue": 13134594000, "earnings": 1167570000}, {"date": 2020, "revenue": 13591011000, "earnings": 1227611000}], "quarterly": [{"date": "3Q2019", "revenue": 3265558000, "earnings": 346808000}, {"date": "4Q2019", "revenue": 3290783000, "earnings": 410622000}, {"date": "1Q2020", "revenue": 3515177000, "earnings": 181039000}, {"date": "2Q2020", "revenue": 2746032000, "earnings": 307394000}]}, "financialCurrency": "INR"}, "calendarEvents": {"maxAge": 1, "earnings": {"earningsDate": ["2020-11-14 05:30:S", "2020-11-15 05:30:S"]}}, "price": {"maxAge": 1, "regularMarketChangePercent": 0.0006393862, "regularMarketChange": 0.25, "regularMarketTime": "2021-04-30 15:29:22", "priceHint": 2, "regularMarketPrice": 391.25, "regularMarketDayHigh": 398.7, "regularMarketDayLow": 386.45, "regularMarketVolume": 714, "averageDailyVolume10Day": 10991, "averageDailyVolume3Month": 4356, "regularMarketPreviousClose": 391.0, "regularMarketSource": "FREE_REALTIME", "regularMarketOpen": 388.65, "exchange": "BSE", "exchangeName": "BSE", "exchangeDataDelayedBy": 0, "marketState": "CLOSED", "quoteType": "EQUITY", "symbol": "TIIL.BO", "underlyingSymbol": null, "shortName": "TECHNOCRAFT INDUSTRIES (INDIA)", "longName": "Technocraft Industries (India) Limited", "currency": "INR", "quoteSourceName": "Delayed Quote", "currencySymbol": "\u20b9", "fromCurrency": null, "toCurrency": null, "lastMarket": null, "marketCap": 9570639872}, "balanceSheetHistory": {"balanceSheetStatements": [{"maxAge": 1, "endDate": "2020-03-31", "cash": 622917000, "netReceivables": 3542519000, "inventory": 5284813000, "otherCurrentAssets": 1353161000, "totalCurrentAssets": 11888278000, "longTermInvestments": 1173537000, "propertyPlantEquipment": 4514359000, "goodWill": 65259000, "intangibleAssets": 13098000, "otherAssets": 505718000, "totalAssets": 18160249000, "accountsPayable": 667799000, "shortLongTermDebt": 196531000, "otherCurrentLiab": 268023000, "longTermDebt": 1357757000, "otherLiab": 407099000, "minorityInterest": 78874000, "totalCurrentLiabilities": 6872666000, "totalLiab": 8638504000, "commonStock": 244617000, "retainedEarnings": 9095652000, "treasuryStock": 56690000, "capitalSurplus": 45912000, "otherStockholderEquity": 56690000, "totalStockholderEquity": 9442871000, "netTangibleAssets": 9364514000}, {"maxAge": 1, "endDate": "2019-03-31", "cash": 502547000, "netReceivables": 3385093000, "inventory": 4778709000, "otherCurrentAssets": 1020376000, "totalCurrentAssets": 10834588000, "longTermInvestments": 852264000, "propertyPlantEquipment": 3243697000, "goodWill": 63937000, "intangibleAssets": 15908000, "otherAssets": 1245391000, "totalAssets": 16255785000, "accountsPayable": 439472000, "shortLongTermDebt": 123488000, "otherCurrentLiab": 223347000, "longTermDebt": 564202000, "otherLiab": 361003000, "minorityInterest": 62846000, "totalCurrentLiabilities": 6996374000, "totalLiab": 7921579000, "commonStock": 244617000, "retainedEarnings": 7881133000, "treasuryStock": 99698000, "capitalSurplus": 45912000, "otherStockholderEquity": 99698000, "totalStockholderEquity": 8271360000, "netTangibleAssets": 8191515000}, {"maxAge": 1, "endDate": "2018-03-31", "cash": 423098000, "netReceivables": 2985123000, "inventory": 3910826000, "otherCurrentAssets": 1457995000, "totalCurrentAssets": 9883735000, "longTermInvestments": 234989000, "propertyPlantEquipment": 2667637000, "goodWill": 63129000, "intangibleAssets": 19073000, "otherAssets": 1002606000, "totalAssets": 13871169000, "accountsPayable": 547458000, "shortLongTermDebt": 76301000, "otherCurrentLiab": 289192000, "longTermDebt": 396207000, "otherLiab": 305191000, "minorityInterest": 39506000, "totalCurrentLiabilities": 6042395000, "totalLiab": 6743793000, "commonStock": 244617000, "retainedEarnings": 6718669000, "treasuryStock": 78672000, "capitalSurplus": 45912000, "otherStockholderEquity": 78672000, "totalStockholderEquity": 7087870000, "netTangibleAssets": 7005668000}, {"maxAge": 1, "endDate": "2017-03-31", "cash": 567961000, "netReceivables": 1955329000, "inventory": 3087603000, "otherCurrentAssets": 688968000, "totalCurrentAssets": 8094646000, "longTermInvestments": 1124741000, "propertyPlantEquipment": 1901895000, "goodWill": 114559000, "intangibleAssets": 18397000, "otherAssets": 282518000, "totalAssets": 11536756000, "accountsPayable": 401525000, "shortLongTermDebt": 74959000, "otherCurrentLiab": 179548000, "longTermDebt": 229487000, "otherLiab": 216508000, "minorityInterest": 38582000, "totalCurrentLiabilities": 4163323000, "totalLiab": 4609318000, "commonStock": 263000000, "retainedEarnings": 6524286000, "treasuryStock": 55658000, "capitalSurplus": 45912000, "otherStockholderEquity": 55658000, "totalStockholderEquity": 6888856000, "netTangibleAssets": 6755900000}], "maxAge": 86400}, "earningsTrend": {"trend": [{"maxAge": 1, "period": "0q", "endDate": "2017-03-31", "growth": {}, "earningsEstimate": {"avg": 0.0, "low": 0.0, "high": 0.0, "yearAgoEps": {}, "numberOfAnalysts": 0, "growth": {}}, "revenueEstimate": {"avg": 0, "low": 0, "high": 0, "numberOfAnalysts": 0, "yearAgoRevenue": {}, "growth": {}}, "epsTrend": {"current": 0.0, "7daysAgo": 0.0, "30daysAgo": 0.0, "60daysAgo": 0.0, "90daysAgo": 0.0}, "epsRevisions": {"upLast7days": 0, "upLast30days": 0, "downLast30days": 0, "downLast90days": {}}}, {"maxAge": 1, "period": "+1q", "endDate": "2017-06-30", "growth": {}, "earningsEstimate": {"avg": 0.0, "low": 0.0, "high": 0.0, "yearAgoEps": {}, "numberOfAnalysts": 0, "growth": {}}, "revenueEstimate": {"avg": 0, "low": 0, "high": 0, "numberOfAnalysts": 0, "yearAgoRevenue": {}, "growth": {}}, "epsTrend": {"current": 0.0, "7daysAgo": 0.0, "30daysAgo": 0.0, "60daysAgo": 0.0, "90daysAgo": 0.0}, "epsRevisions": {"upLast7days": 0, "upLast30days": 0, "downLast30days": 0, "downLast90days": {}}}, {"maxAge": 1, "period": "0y", "endDate": "2017-03-31", "growth": {}, "earningsEstimate": {"avg": 0.0, "low": 0.0, "high": 0.0, "yearAgoEps": {}, "numberOfAnalysts": 0, "growth": {}}, "revenueEstimate": {"avg": 9248810000, "low": 8786280000, "high": 8786280000, "numberOfAnalysts": 1, "yearAgoRevenue": {}, "growth": {}}, "epsTrend": {"current": 0.0, "7daysAgo": 38.88, "30daysAgo": 38.88, "60daysAgo": 38.88, "90daysAgo": 38.88}, "epsRevisions": {"upLast7days": 0, "upLast30days": 0, "downLast30days": 0, "downLast90days": {}}}, {"maxAge": 1, "period": "+1y", "endDate": "2018-03-31", "growth": {}, "earningsEstimate": {"avg": 0.0, "low": 0.0, "high": 0.0, "yearAgoEps": {}, "numberOfAnalysts": 0, "growth": {}}, "revenueEstimate": {"avg": 9798300000, "low": 9798300000, "high": 9798300000, "numberOfAnalysts": 1, "yearAgoRevenue": 9248810000, "growth": 0.059}, "epsTrend": {"current": 0.0, "7daysAgo": 39.61, "30daysAgo": 39.61, "60daysAgo": 39.61, "90daysAgo": 39.61}, "epsRevisions": {"upLast7days": 0, "upLast30days": 0, "downLast30days": 0, "downLast90days": {}}}, {"maxAge": 1, "period": "+5y", "endDate": null, "growth": {}, "earningsEstimate": {"avg": {}, "low": {}, "high": {}, "yearAgoEps": {}, "numberOfAnalysts": {}, "growth": {}}, "revenueEstimate": {"avg": {}, "low": {}, "high": {}, "numberOfAnalysts": {}, "yearAgoRevenue": {}, "growth": {}}, "epsTrend": {"current": {}, "7daysAgo": {}, "30daysAgo": {}, "60daysAgo": {}, "90daysAgo": {}}, "epsRevisions": {"upLast7days": {}, "upLast30days": {}, "downLast30days": {}, "downLast90days": {}}}, {"maxAge": 1, "period": "-5y", "endDate": null, "growth": {}, "earningsEstimate": {"avg": {}, "low": {}, "high": {}, "yearAgoEps": {}, "numberOfAnalysts": {}, "growth": {}}, "revenueEstimate": {"avg": {}, "low": {}, "high": {}, "numberOfAnalysts": {}, "yearAgoRevenue": {}, "growth": {}}, "epsTrend": {"current": {}, "7daysAgo": {}, "30daysAgo": {}, "60daysAgo": {}, "90daysAgo": {}}, "epsRevisions": {"upLast7days": {}, "upLast30days": {}, "downLast30days": {}, "downLast90days": {}}}], "maxAge": 1}, "financialData": {"maxAge": 86400, "currentPrice": 391.25, "targetHighPrice": 195.0, "targetLowPrice": 195.0, "targetMeanPrice": 195.0, "targetMedianPrice": 195.0, "recommendationKey": "none", "numberOfAnalystOpinions": 1, "grossProfits": 7447729000, "financialCurrency": "INR"}}}