{"TIJARIA.BO": {"cashflowStatementHistory": {"cashflowStatements": [{"maxAge": 1, "endDate": "2020-03-31", "netIncome": -24635737, "depreciation": 51955459, "changeToNetincome": 60025896, "changeToAccountReceivables": 160422684, "changeToLiabilities": -109463630, "changeToInventory": -39256443, "changeToOperatingActivities": -13789507, "totalCashFromOperatingActivities": 85258719, "capitalExpenditures": -5230692, "otherCashflowsFromInvestingActivities": 3099960, "totalCashflowsFromInvestingActivities": -1980732, "netBorrowings": -33579186, "otherCashflowsFromFinancingActivities": -70854756, "totalCashFromFinancingActivities": -76818692, "changeInCash": 6459291, "issuanceOfStock": 27615250}, {"maxAge": 1, "endDate": "2019-03-31", "netIncome": 61905139, "depreciation": 63423959, "changeToNetincome": 72556844, "changeToAccountReceivables": -169829776, "changeToLiabilities": 48616658, "changeToInventory": 68003760, "changeToOperatingActivities": 4568586, "totalCashFromOperatingActivities": 149245166, "capitalExpenditures": -5101927, "otherCashflowsFromInvestingActivities": 8482053, "totalCashflowsFromInvestingActivities": 34359172, "netBorrowings": -157863957, "otherCashflowsFromFinancingActivities": -90548110, "totalCashFromFinancingActivities": -203527317, "changeInCash": -19922976, "issuanceOfStock": 44884750}, {"maxAge": 1, "endDate": "2018-03-31", "netIncome": -244076352, "depreciation": 82270608, "changeToNetincome": 84178070, "changeToAccountReceivables": -93502704, "changeToLiabilities": 194024411, "changeToInventory": 34705300, "changeToOperatingActivities": 382322, "totalCashFromOperatingActivities": 57981653, "capitalExpenditures": -6314090, "otherCashflowsFromInvestingActivities": 3931582, "totalCashflowsFromInvestingActivities": -236918, "netBorrowings": 1586936, "otherCashflowsFromFinancingActivities": -57085273, "totalCashFromFinancingActivities": -55498337, "changeInCash": 2246399, "issuanceOfStock": 44884750}, {"maxAge": 1, "endDate": "2017-03-31", "netIncome": -209282813, "depreciation": 97838202, "changeToNetincome": 68776147, "changeToAccountReceivables": -2592033, "changeToLiabilities": -422675, "changeToInventory": 84771388, "changeToOperatingActivities": 833884, "totalCashFromOperatingActivities": 39922099, "capitalExpenditures": -9073606, "otherCashflowsFromInvestingActivities": 3120899, "totalCashflowsFromInvestingActivities": -4103419, "netBorrowings": 51130555, "otherCashflowsFromFinancingActivities": -71829152, "totalCashFromFinancingActivities": -20698597, "changeInCash": 15120081, "issuanceOfStock": 44884750}], "maxAge": 86400}, "institutionOwnership": {"maxAge": 1, "ownershipList": []}, "balanceSheetHistoryQuarterly": {"balanceSheetStatements": [{"maxAge": 1, "endDate": "2020-06-30", "totalStockholderEquity": 208917502, "netTangibleAssets": 208917502}, {"maxAge": 1, "endDate": "2020-03-31", "cash": 8394686, "netReceivables": 407704744, "inventory": 123447494, "otherCurrentAssets": 51423758, "totalCurrentAssets": 594075622, "propertyPlantEquipment": 345163009, "otherAssets": 18756213, "totalAssets": 957994844, "accountsPayable": 215795508, "shortLongTermDebt": 35832643, "otherCurrentLiab": 20146023, "longTermDebt": 353263059, "totalCurrentLiabilities": 395814288, "totalLiab": 749077347, "commonStock": 286265790, "retainedEarnings": -656338608, "capitalSurplus": 578990320, "totalStockholderEquity": 208917502, "netTangibleAssets": 208917502}, {"maxAge": 1, "endDate": "2019-12-31", "totalStockholderEquity": 218790000, "netTangibleAssets": 218790000}, {"maxAge": 1, "endDate": "2019-09-30", "cash": 48724000, "netReceivables": 460616000, "inventory": 141644000, "otherCurrentAssets": 28419000, "totalCurrentAssets": 679403000, "propertyPlantEquipment": 366716000, "otherAssets": 20646000, "totalAssets": 1066765000, "accountsPayable": 296427000, "shortLongTermDebt": 165681000, "otherCurrentLiab": 19965000, "longTermDebt": 360971000, "totalCurrentLiabilities": 487004000, "totalLiab": 847975000, "commonStock": 267221000, "retainedEarnings": -625755000, "treasuryStock": 6904000, "capitalSurplus": 570420000, "otherStockholderEquity": 6904000, "totalStockholderEquity": 218790000, "netTangibleAssets": 218790000}], "maxAge": 86400}, "indexTrend": {"maxAge": 1, "symbol": "SP5", "peRatio": 19.7411, "pegRatio": 1.34172, "estimates": [{"period": "0q", "growth": 0.549}, {"period": "+1q", "growth": 0.431}, {"period": "0y", "growth": 0.305}, {"period": "+1y", "growth": 0.109}, {"period": "+5y", "growth": 0.120865}, {"period": "-5y"}]}, "insiderTransactions": {"transactions": [{"maxAge": 1, "shares": 59000, "filerUrl": "", "transactionText": "", "filerName": "Tijaria (Vratika Jain)", "filerRelation": "Promoter", "moneyText": "", "startDate": "2019-10-01", "ownership": "D"}, {"maxAge": 1, "shares": 1349000, "filerUrl": "", "transactionText": "", "filerName": "Tijaria Industries Ltd", "filerRelation": "Promoter", "moneyText": "", "startDate": "2019-10-01", "ownership": "D"}, {"maxAge": 1, "shares": 496500, "filerUrl": "", "transactionText": "", "filerName": "Tijariya (Ramesh Jain)", "filerRelation": "Promoter", "moneyText": "", "startDate": "2019-10-01", "ownership": "D"}], "maxAge": 1}, "quoteType": {"exchange": "BSE", "quoteType": "EQUITY", "symbol": "TIJARIA.BO", "underlyingSymbol": "TIJARIA.BO", "shortName": "TIJARIA POLYPIPES LTD.", "longName": "Tijaria Polypipes Limited", "firstTradeDateEpochUtc": "2011-10-14 09:15:00", "timeZoneFullName": "Asia/Kolkata", "timeZoneShortName": "IST", "uuid": "c47373f1-9501-3669-9d5c-2920a31189d1", "messageBoardId": null, "gmtOffSetMilliseconds": 19800000, "maxAge": 1}, "incomeStatementHistory": {"incomeStatementHistory": [{"maxAge": 1, "endDate": "2020-03-31", "totalRevenue": 734488988, "costOfRevenue": 452216402, "grossProfit": 282272586, "researchDevelopment": {}, "sellingGeneralAdministrative": 30955547, "nonRecurring": {}, "otherOperatingExpenses": 163028001, "totalOperatingExpenses": 698155409, "operatingIncome": 36333579, "totalOtherIncomeExpenseNet": -60969316, "ebit": 36333579, "interestExpense": -56743790, "incomeBeforeTax": -24635737, "incomeTaxExpense": 0, "minorityInterest": {}, "netIncomeFromContinuingOps": -24635737, "discontinuedOperations": {}, "extraordinaryItems": {}, "effectOfAccountingCharges": {}, "otherItems": {}, "netIncome": -24635737, "netIncomeApplicableToCommonShares": -24635737}, {"maxAge": 1, "endDate": "2019-03-31", "totalRevenue": 1495366672, "costOfRevenue": 1047678395, "grossProfit": 447688277, "researchDevelopment": {}, "sellingGeneralAdministrative": 25193894, "nonRecurring": {}, "otherOperatingExpenses": 224392894, "totalOperatingExpenses": 1360689142, "operatingIncome": 134677530, "totalOtherIncomeExpenseNet": -72772391, "ebit": 134677530, "interestExpense": -71817112, "incomeBeforeTax": 61905139, "incomeTaxExpense": 0, "minorityInterest": {}, "netIncomeFromContinuingOps": 61905139, "discontinuedOperations": {}, "extraordinaryItems": {}, "effectOfAccountingCharges": {}, "otherItems": {}, "netIncome": 61905139, "netIncomeApplicableToCommonShares": 61905139}, {"maxAge": 1, "endDate": "2018-03-31", "totalRevenue": 763325607, "costOfRevenue": 650693996, "grossProfit": 112631611, "researchDevelopment": {}, "sellingGeneralAdministrative": 18529724, "nonRecurring": {}, "otherOperatingExpenses": 170155574, "totalOperatingExpenses": 921649902, "operatingIncome": -158324295, "totalOtherIncomeExpenseNet": -85752057, "ebit": -158324295, "interestExpense": -69002086, "incomeBeforeTax": -244076352, "incomeTaxExpense": 0, "minorityInterest": {}, "netIncomeFromContinuingOps": -244076352, "discontinuedOperations": {}, "extraordinaryItems": {}, "effectOfAccountingCharges": {}, "otherItems": {}, "netIncome": -244076352, "netIncomeApplicableToCommonShares": -244076352}, {"maxAge": 1, "endDate": "2017-03-31", "totalRevenue": 637523174, "costOfRevenue": 465382825, "grossProfit": 172140349, "researchDevelopment": {}, "sellingGeneralAdministrative": 28002782, "nonRecurring": {}, "otherOperatingExpenses": 167374612, "totalOperatingExpenses": 758598421, "operatingIncome": -121075247, "totalOtherIncomeExpenseNet": -88207566, "ebit": -121075247, "interestExpense": -67346401, "incomeBeforeTax": -209282813, "incomeTaxExpense": 0, "minorityInterest": {}, "netIncomeFromContinuingOps": -209282813, "discontinuedOperations": {}, "extraordinaryItems": {}, "effectOfAccountingCharges": {}, "otherItems": {}, "netIncome": -209282813, "netIncomeApplicableToCommonShares": -209282813}], "maxAge": 86400}, "fundOwnership": {"maxAge": 1, "ownershipList": []}, "summaryDetail": {"maxAge": 1, "priceHint": 2, "previousClose": 7.05, "open": 7.4, "dayLow": 6.9, "dayHigh": 7.4, "regularMarketPreviousClose": 7.05, "regularMarketOpen": 7.4, "regularMarketDayLow": 6.9, "regularMarketDayHigh": 7.4, "volume": 38195, "regularMarketVolume": 38195, "averageVolume": 3664, "averageVolume10days": 2099, "averageDailyVolume10Day": 2099, "bid": 7.0, "ask": 7.0, "bidSize": 0, "askSize": 0, "marketCap": 200386208, "fiftyTwoWeekLow": 3.76, "fiftyTwoWeekHigh": 9.71, "fiftyDayAverage": 8.419412, "twoHundredDayAverage": 6.7522793, "currency": "INR", "fromCurrency": null, "toCurrency": null, "lastMarket": null, "algorithm": null, "tradeable": false}, "incomeStatementHistoryQuarterly": {"incomeStatementHistory": [{"maxAge": 1, "endDate": "2020-06-30", "totalRevenue": 31464000, "costOfRevenue": 27251000, "grossProfit": 4213000, "researchDevelopment": {}, "sellingGeneralAdministrative": 3102000, "nonRecurring": {}, "otherOperatingExpenses": 7720000, "totalOperatingExpenses": 48926000, "operatingIncome": -17462000, "totalOtherIncomeExpenseNet": -12850000, "ebit": -17462000, "interestExpense": -13311000, "incomeBeforeTax": -30312000, "incomeTaxExpense": 0, "minorityInterest": {}, "netIncomeFromContinuingOps": -30312000, "discontinuedOperations": {}, "extraordinaryItems": {}, "effectOfAccountingCharges": {}, "otherItems": {}, "netIncome": -30312000, "netIncomeApplicableToCommonShares": -30312000}, {"maxAge": 1, "endDate": "2020-03-31", "totalRevenue": 128827988, "costOfRevenue": 44385402, "grossProfit": 84442586, "researchDevelopment": {}, "sellingGeneralAdministrative": 7082547, "nonRecurring": {}, "otherOperatingExpenses": 81176001, "totalOperatingExpenses": 145708409, "operatingIncome": -16880421, "totalOtherIncomeExpenseNet": -13371316, "ebit": -16880421, "interestExpense": -7395790, "incomeBeforeTax": -30251737, "incomeTaxExpense": 0, "minorityInterest": {}, "netIncomeFromContinuingOps": -30251737, "discontinuedOperations": {}, "extraordinaryItems": {}, "effectOfAccountingCharges": {}, "otherItems": {}, "netIncome": -30251737, "netIncomeApplicableToCommonShares": -30251737}, {"maxAge": 1, "endDate": "2019-12-31", "totalRevenue": 210910000, "costOfRevenue": 138560000, "grossProfit": 72350000, "researchDevelopment": {}, "sellingGeneralAdministrative": 8690000, "nonRecurring": {}, "otherOperatingExpenses": 32950000, "totalOperatingExpenses": 193260000, "operatingIncome": 17650000, "totalOtherIncomeExpenseNet": -17260000, "ebit": 17650000, "interestExpense": -17680000, "incomeBeforeTax": 390000, "incomeTaxExpense": 0, "minorityInterest": {}, "netIncomeFromContinuingOps": 390000, "discontinuedOperations": {}, "extraordinaryItems": {}, "effectOfAccountingCharges": {}, "otherItems": {}, "netIncome": 390000, "netIncomeApplicableToCommonShares": 390000}, {"maxAge": 1, "endDate": "2019-09-30", "totalRevenue": 175570000, "costOfRevenue": 123863000, "grossProfit": 51707000, "researchDevelopment": {}, "sellingGeneralAdministrative": 7800000, "nonRecurring": {}, "otherOperatingExpenses": 18622000, "totalOperatingExpenses": 163282000, "operatingIncome": 12288000, "totalOtherIncomeExpenseNet": -11345000, "ebit": 12288000, "interestExpense": -11511000, "incomeBeforeTax": 943000, "incomeTaxExpense": 0, "minorityInterest": {}, "netIncomeFromContinuingOps": 943000, "discontinuedOperations": {}, "extraordinaryItems": {}, "effectOfAccountingCharges": {}, "otherItems": {}, "netIncome": 943000, "netIncomeApplicableToCommonShares": 943000}], "maxAge": 86400}, "cashflowStatementHistoryQuarterly": {"cashflowStatements": [{"maxAge": 1, "endDate": "2020-06-30", "netIncome": -30312000, "changeToLiabilities": 0}, {"maxAge": 1, "endDate": "2020-03-31", "netIncome": -30251737, "changeToLiabilities": 0}, {"maxAge": 1, "endDate": "2019-12-31", "netIncome": 390000, "changeToLiabilities": 0}, {"maxAge": 1, "endDate": "2019-09-30", "netIncome": 943000, "changeToLiabilities": 0}], "maxAge": 86400}, "insiderHolders": {"holders": [{"maxAge": 1, "name": "Tijaria (Vratika Jain)", "relation": "Promoter", "url": "", "transactionDescription": "Other", "latestTransDate": "2019-10-01", "positionDirect": 500000, "positionDirectDate": "2019-10-01"}, {"maxAge": 1, "name": "Tijaria Industries Ltd", "relation": "Promoter", "url": "", "transactionDescription": "Other", "latestTransDate": "2019-10-01", "positionDirect": 8504030, "positionDirectDate": "2019-10-01"}, {"maxAge": 1, "name": "Tijariya (Ramesh Jain)", "relation": "Promoter", "url": "", "transactionDescription": "Other", "latestTransDate": "2019-10-01", "positionDirect": 1000000, "positionDirectDate": "2019-10-01"}], "maxAge": 1}, "calendarEvents": {"maxAge": 1, "earnings": {"earningsDate": ["2020-08-26 05:30:S"]}}, "price": {"maxAge": 1, "regularMarketChangePercent": -0.0070922254, "regularMarketChange": -0.05000019, "regularMarketTime": "2021-04-30 15:21:18", "priceHint": 2, "regularMarketPrice": 7.0, "regularMarketDayHigh": 7.4, "regularMarketDayLow": 6.9, "regularMarketVolume": 38195, "averageDailyVolume10Day": 2099, "averageDailyVolume3Month": 3664, "regularMarketPreviousClose": 7.05, "regularMarketSource": "FREE_REALTIME", "regularMarketOpen": 7.4, "exchange": "BSE", "exchangeName": "BSE", "exchangeDataDelayedBy": 0, "marketState": "CLOSED", "quoteType": "EQUITY", "symbol": "TIJARIA.BO", "underlyingSymbol": null, "shortName": "TIJARIA POLYPIPES LTD.", "longName": "Tijaria Polypipes Limited", "currency": "INR", "quoteSourceName": "Delayed Quote", "currencySymbol": "\u20b9", "fromCurrency": null, "toCurrency": null, "lastMarket": null, "marketCap": 200386208}, "balanceSheetHistory": {"balanceSheetStatements": [{"maxAge": 1, "endDate": "2020-03-31", "cash": 8394686, "netReceivables": 407704744, "inventory": 123447494, "otherCurrentAssets": 51423758, "totalCurrentAssets": 594075622, "propertyPlantEquipment": 345163009, "otherAssets": 18756213, "totalAssets": 957994844, "accountsPayable": 215795508, "shortLongTermDebt": 35832643, "otherCurrentLiab": 20146023, "longTermDebt": 353263059, "totalCurrentLiabilities": 395814288, "totalLiab": 749077347, "commonStock": 286265790, "retainedEarnings": -656338608, "capitalSurplus": 578990320, "totalStockholderEquity": 208917502, "netTangibleAssets": 208917502}, {"maxAge": 1, "endDate": "2019-03-31", "cash": 1935395, "netReceivables": 560596253, "inventory": 84191049, "otherCurrentAssets": 42389958, "totalCurrentAssets": 693298521, "propertyPlantEquipment": 391934231, "otherAssets": 20450754, "totalAssets": 1105683506, "accountsPayable": 332988986, "shortLongTermDebt": 35554878, "otherCurrentLiab": 10803853, "longTermDebt": 369925047, "totalCurrentLiabilities": 522195115, "totalLiab": 892120162, "commonStock": 267220790, "retainedEarnings": -630981323, "treasuryStock": 6903812, "capitalSurplus": 570420070, "otherStockholderEquity": 6903812, "totalStockholderEquity": 213563349, "netTangibleAssets": 213563349}, {"maxAge": 1, "endDate": "2018-03-31", "cash": 21858371, "netReceivables": 341928162, "inventory": 152194811, "otherCurrentAssets": 82852481, "totalCurrentAssets": 603828284, "propertyPlantEquipment": 471321178, "otherAssets": 44053713, "totalAssets": 1119203175, "accountsPayable": 287577010, "shortLongTermDebt": 106376882, "otherCurrentLiab": 11378447, "longTermDebt": 388149745, "totalCurrentLiabilities": 613217714, "totalLiab": 1001367459, "commonStock": 236265790, "retainedEarnings": -692982893, "treasuryStock": 18062500, "capitalSurplus": 556490320, "otherStockholderEquity": 18062500, "totalStockholderEquity": 117835717, "netTangibleAssets": 117835717}, {"maxAge": 1, "endDate": "2017-03-31", "cash": 19611972, "netReceivables": 266219498, "inventory": 186900111, "otherCurrentAssets": 13917451, "totalCurrentAssets": 489368858, "propertyPlantEquipment": 577121893, "otherAssets": 83401863, "deferredLongTermAssetCharges": 456709, "totalAssets": 1149892614, "accountsPayable": 97630514, "shortLongTermDebt": 26025353, "otherCurrentLiab": 5447965, "longTermDebt": 439744861, "totalCurrentLiabilities": 366011251, "totalLiab": 805756112, "commonStock": 236265790, "retainedEarnings": -448619608, "capitalSurplus": 556490320, "totalStockholderEquity": 344136502, "netTangibleAssets": 344136502}], "maxAge": 86400}, "financialData": {"maxAge": 86400, "currentPrice": 7.0, "recommendationKey": "none", "grossProfits": 282272586, "financialCurrency": "INR"}}}