{"TIJARIA.NS": {"assetProfile": {"address1": "SP- 1-2316 RIICO Industrial Area", "address2": "Ramchandrapura Sitapura Extension", "city": "Jaipur", "zip": "302022", "country": "India", "phone": "91 14 1233 3722", "fax": "91 14 1403 2300", "website": "http://www.tijaria-pipes.com", "industry": "Building Products & Equipment", "sector": "Industrials", "longBusinessSummary": "Tijaria Polypipes Limited manufactures and sells pipes, sprinkle systems, conduit pipes, etc. under the Tijaria and Vikas brand names in India and internationally. It operates in two segments, Pipes and Textiles. The company offers high density poly ethylene (HDPE) pipes and coils, permanently lubricated HDPE ducts, HDPE double wall corrugated structured-wall pipes, HDPE sprinkler systems, micro/drip irrigation systems, medium density poly ethylene pipes, unplasticised ploy vinyl chloride (uPVC) rigid pipes and blue casings, uPVC elastomeric seal ring fit pipes, unplasticised non-pressure polyvinyl chloride underground drainage and sewerage pipes, SWR pipes and fittings, polyvinylchloride electrical conduit pipes, and CPVC hot and cold water piping systems. It also provides polyester mink blankets, polyester partially oriented yarns, and polyester drawn textured yarns, as well as face masks. The company was incorporated in 2006 and is based in Jaipur, India.", "fullTimeEmployees": 50, "companyOfficers": [{"maxAge": 1, "name": "Mr. Alok Jain Tijaria", "age": 52, "title": "MD & Director", "yearBorn": 1968, "fiscalYear": 2020, "totalPay": 1100000, "exercisedValue": 0, "unexercisedValue": 0}, {"maxAge": 1, "name": "Mr. Vineet Jain Tijaria", "age": 46, "title": "CFO & Exec. Director", "yearBorn": 1974, "fiscalYear": 2020, "totalPay": 1100000, "exercisedValue": 0, "unexercisedValue": 0}, {"maxAge": 1, "name": "Mr. Vikas Jain Tijaria", "age": 50, "title": "Exec. Director of Marketing & Exec. Director", "yearBorn": 1970, "fiscalYear": 2020, "totalPay": 1100000, "exercisedValue": 0, "unexercisedValue": 0}, {"maxAge": 1, "name": "Mr. Praveen Jain Tijaria", "age": 49, "title": "Whole Time Director", "yearBorn": 1971, "fiscalYear": 2020, "totalPay": 1100000, "exercisedValue": 0, "unexercisedValue": 0}, {"maxAge": 1, "name": "Ms. Ankita  Khandelwal", "title": "Whole Time Company Sec. & Compliance Officer", "exercisedValue": 0, "unexercisedValue": 0}], "compensationAsOfEpochDate": "2020-12-31 05:30:00", "maxAge": 86400}, "cashflowStatementHistory": {"cashflowStatements": [{"maxAge": 1, "endDate": "2020-03-31", "netIncome": -24635737, "depreciation": 51955459, "changeToNetincome": 60025896, "changeToAccountReceivables": 160422684, "changeToLiabilities": -109463630, "changeToInventory": -39256443, "changeToOperatingActivities": -13789507, "totalCashFromOperatingActivities": 85258719, "capitalExpenditures": -5230692, "otherCashflowsFromInvestingActivities": 3099960, "totalCashflowsFromInvestingActivities": -1980732, "netBorrowings": -33579186, "otherCashflowsFromFinancingActivities": -70854756, "totalCashFromFinancingActivities": -76818692, "changeInCash": 6459291, "issuanceOfStock": 27615250}, {"maxAge": 1, "endDate": "2019-03-31", "netIncome": 61905139, "depreciation": 63423959, "changeToNetincome": 72556844, "changeToAccountReceivables": -169829776, "changeToLiabilities": 48616658, "changeToInventory": 68003760, "changeToOperatingActivities": 4568586, "totalCashFromOperatingActivities": 149245166, "capitalExpenditures": -5101927, "otherCashflowsFromInvestingActivities": 8482053, "totalCashflowsFromInvestingActivities": 34359172, "netBorrowings": -157863957, "otherCashflowsFromFinancingActivities": -90548110, "totalCashFromFinancingActivities": -203527317, "changeInCash": -19922976, "issuanceOfStock": 44884750}, {"maxAge": 1, "endDate": "2018-03-31", "netIncome": -244076352, "depreciation": 82270608, "changeToNetincome": 84178070, "changeToAccountReceivables": -93502704, "changeToLiabilities": 194024411, "changeToInventory": 34705300, "changeToOperatingActivities": 382322, "totalCashFromOperatingActivities": 57981653, "capitalExpenditures": -6314090, "otherCashflowsFromInvestingActivities": 3931582, "totalCashflowsFromInvestingActivities": -236918, "netBorrowings": 1586936, "otherCashflowsFromFinancingActivities": -57085273, "totalCashFromFinancingActivities": -55498337, "changeInCash": 2246399, "issuanceOfStock": 44884750}, {"maxAge": 1, "endDate": "2017-03-31", "netIncome": -209282813, "depreciation": 97838202, "changeToNetincome": 68776147, "changeToAccountReceivables": -2592033, "changeToLiabilities": -422675, "changeToInventory": 84771388, "changeToOperatingActivities": 833884, "totalCashFromOperatingActivities": 39922099, "capitalExpenditures": -9073606, "otherCashflowsFromInvestingActivities": 3120899, "totalCashflowsFromInvestingActivities": -4103419, "netBorrowings": 51130555, "otherCashflowsFromFinancingActivities": -71829152, "totalCashFromFinancingActivities": -20698597, "changeInCash": 15120081, "issuanceOfStock": 44884750}], "maxAge": 86400}, "institutionOwnership": {"ownershipList": [], "maxAge": 1}, "majorHoldersBreakdown": {"maxAge": 1, "insidersPercentHeld": 0.44974, "institutionsPercentHeld": 0.0, "institutionsFloatPercentHeld": 0.0, "institutionsCount": 0}, "balanceSheetHistoryQuarterly": {"balanceSheetStatements": [{"maxAge": 1, "endDate": "2020-12-31", "totalStockholderEquity": 131969000, "netTangibleAssets": 131969000}, {"maxAge": 1, "endDate": "2020-09-30", "cash": 32686000, "netReceivables": 330119000, "inventory": 211867000, "otherCurrentAssets": 48979000, "totalCurrentAssets": 623651000, "propertyPlantEquipment": 359245000, "otherAssets": 17262000, "totalAssets": 1000158000, "accountsPayable": 212948000, "shortLongTermDebt": 156762000, "otherCurrentLiab": 111550000, "longTermDebt": 382741000, "totalCurrentLiabilities": 485448000, "totalLiab": 868189000, "commonStock": 286266000, "retainedEarnings": -733287000, "capitalSurplus": 578990000, "totalStockholderEquity": 131969000, "netTangibleAssets": 131969000}, {"maxAge": 1, "endDate": "2020-06-30", "totalStockholderEquity": 208917502, "netTangibleAssets": 208917502}, {"maxAge": 1, "endDate": "2020-03-31", "cash": 8394686, "netReceivables": 407704744, "inventory": 123447494, "otherCurrentAssets": 51423758, "totalCurrentAssets": 594075622, "propertyPlantEquipment": 345163009, "otherAssets": 18756213, "totalAssets": 957994844, "accountsPayable": 215795508, "shortLongTermDebt": 35832643, "otherCurrentLiab": 20146023, "longTermDebt": 353263059, "totalCurrentLiabilities": 395814288, "totalLiab": 749077347, "commonStock": 286265790, "retainedEarnings": -656338608, "capitalSurplus": 578990320, "totalStockholderEquity": 208917502, "netTangibleAssets": 208917502}], "maxAge": 86400}, "indexTrend": {"maxAge": 1, "symbol": "SP5", "peRatio": 19.7411, "pegRatio": 1.34172, "estimates": [{"period": "0q", "growth": 0.549}, {"period": "+1q", "growth": 0.431}, {"period": "0y", "growth": 0.305}, {"period": "+1y", "growth": 0.109}, {"period": "+5y", "growth": 0.120865}, {"period": "-5y"}]}, "defaultKeyStatistics": {"maxAge": 1, "priceHint": 2, "enterpriseValue": 708585024, "profitMargins": -0.22261, "floatShares": 8108768, "sharesOutstanding": 28626600, "heldPercentInsiders": 0.44974, "heldPercentInstitutions": 0.0, "beta": 1.89036, "category": null, "bookValue": 4.612, "priceToBook": 1.5177797, "fundFamily": null, "legalType": null, "lastFiscalYearEnd": "2020-03-31 05:30:00", "nextFiscalYearEnd": "2022-03-31 05:30:00", "mostRecentQuarter": "2020-12-31 05:30:00", "netIncomeToCommon": -114407736, "trailingEps": -4.04, "lastSplitFactor": null, "enterpriseToRevenue": 1.379, "enterpriseToEbitda": -72.532}, "summaryProfile": {"address1": "SP- 1-2316 RIICO Industrial Area", "address2": "Ramchandrapura Sitapura Extension", "city": "Jaipur", "zip": "302022", "country": "India", "phone": "91 14 1233 3722", "fax": "91 14 1403 2300", "website": "http://www.tijaria-pipes.com", "industry": "Building Products & Equipment", "sector": "Industrials", "longBusinessSummary": "Tijaria Polypipes Limited manufactures and sells pipes, sprinkle systems, conduit pipes, etc. under the Tijaria and Vikas brand names in India and internationally. It operates in two segments, Pipes and Textiles. The company offers high density poly ethylene (HDPE) pipes and coils, permanently lubricated HDPE ducts, HDPE double wall corrugated structured-wall pipes, HDPE sprinkler systems, micro/drip irrigation systems, medium density poly ethylene pipes, unplasticised ploy vinyl chloride (uPVC) rigid pipes and blue casings, uPVC elastomeric seal ring fit pipes, unplasticised non-pressure polyvinyl chloride underground drainage and sewerage pipes, SWR pipes and fittings, polyvinylchloride electrical conduit pipes, and CPVC hot and cold water piping systems. It also provides polyester mink blankets, polyester partially oriented yarns, and polyester drawn textured yarns, as well as face masks. The company was incorporated in 2006 and is based in Jaipur, India.", "fullTimeEmployees": 50, "companyOfficers": [], "maxAge": 86400}, "netSharePurchaseActivity": {"maxAge": 1, "period": "6m", "buyInfoCount": 0, "buyInfoShares": 0, "sellInfoCount": 0, "netInfoCount": 0, "netInfoShares": 0, "netPercentInsiderShares": 0.0, "totalInsiderShares": 12963306}, "insiderTransactions": {"transactions": [{"maxAge": 1, "shares": 59000, "filerUrl": "", "transactionText": "", "filerName": "Tijaria (Vratika Jain)", "filerRelation": "Promoter", "moneyText": "", "startDate": "2019-10-01", "ownership": "D"}, {"maxAge": 1, "shares": 1349000, "filerUrl": "", "transactionText": "", "filerName": "Tijaria Industries Ltd", "filerRelation": "Promoter", "moneyText": "", "startDate": "2019-10-01", "ownership": "D"}, {"maxAge": 1, "shares": 496500, "filerUrl": "", "transactionText": "", "filerName": "Tijariya (Ramesh Jain)", "filerRelation": "Promoter", "moneyText": "", "startDate": "2019-10-01", "ownership": "D"}], "maxAge": 1}, "quoteType": {"exchange": "NSI", "quoteType": "EQUITY", "symbol": "TIJARIA.NS", "underlyingSymbol": "TIJARIA.NS", "shortName": "TIJARIA POLYPIPES", "longName": "Tijaria Polypipes Limited", "firstTradeDateEpochUtc": "2011-10-14 09:15:00", "timeZoneFullName": "Asia/Kolkata", "timeZoneShortName": "IST", "uuid": "e16badc3-49d3-3a87-92d6-24b28ebd6a60", "gmtOffSetMilliseconds": 19800000, "maxAge": 1}, "incomeStatementHistory": {"incomeStatementHistory": [{"maxAge": 1, "endDate": "2020-03-31", "totalRevenue": 734488988, "costOfRevenue": 452216402, "grossProfit": 282272586, "researchDevelopment": {}, "sellingGeneralAdministrative": 30955547, "nonRecurring": {}, "otherOperatingExpenses": 163028001, "totalOperatingExpenses": 698155409, "operatingIncome": 36333579, "totalOtherIncomeExpenseNet": -60969316, "ebit": 36333579, "interestExpense": -56743790, "incomeBeforeTax": -24635737, "incomeTaxExpense": 0, "minorityInterest": {}, "netIncomeFromContinuingOps": -24635737, "discontinuedOperations": {}, "extraordinaryItems": {}, "effectOfAccountingCharges": {}, "otherItems": {}, "netIncome": -24635737, "netIncomeApplicableToCommonShares": -24635737}, {"maxAge": 1, "endDate": "2019-03-31", "totalRevenue": 1495366672, "costOfRevenue": 1047678395, "grossProfit": 447688277, "researchDevelopment": {}, "sellingGeneralAdministrative": 25193894, "nonRecurring": {}, "otherOperatingExpenses": 224392894, "totalOperatingExpenses": 1360689142, "operatingIncome": 134677530, "totalOtherIncomeExpenseNet": -72772391, "ebit": 134677530, "interestExpense": -71817112, "incomeBeforeTax": 61905139, "incomeTaxExpense": 0, "minorityInterest": {}, "netIncomeFromContinuingOps": 61905139, "discontinuedOperations": {}, "extraordinaryItems": {}, "effectOfAccountingCharges": {}, "otherItems": {}, "netIncome": 61905139, "netIncomeApplicableToCommonShares": 61905139}, {"maxAge": 1, "endDate": "2018-03-31", "totalRevenue": 763325607, "costOfRevenue": 650693996, "grossProfit": 112631611, "researchDevelopment": {}, "sellingGeneralAdministrative": 18529724, "nonRecurring": {}, "otherOperatingExpenses": 170155574, "totalOperatingExpenses": 921649902, "operatingIncome": -158324295, "totalOtherIncomeExpenseNet": -85752057, "ebit": -158324295, "interestExpense": -69002086, "incomeBeforeTax": -244076352, "incomeTaxExpense": 0, "minorityInterest": {}, "netIncomeFromContinuingOps": -244076352, "discontinuedOperations": {}, "extraordinaryItems": {}, "effectOfAccountingCharges": {}, "otherItems": {}, "netIncome": -244076352, "netIncomeApplicableToCommonShares": -244076352}, {"maxAge": 1, "endDate": "2017-03-31", "totalRevenue": 637523174, "costOfRevenue": 465382825, "grossProfit": 172140349, "researchDevelopment": {}, "sellingGeneralAdministrative": 28002782, "nonRecurring": {}, "otherOperatingExpenses": 167374612, "totalOperatingExpenses": 758598421, "operatingIncome": -121075247, "totalOtherIncomeExpenseNet": -88207566, "ebit": -121075247, "interestExpense": -67346401, "incomeBeforeTax": -209282813, "incomeTaxExpense": 0, "minorityInterest": {}, "netIncomeFromContinuingOps": -209282813, "discontinuedOperations": {}, "extraordinaryItems": {}, "effectOfAccountingCharges": {}, "otherItems": {}, "netIncome": -209282813, "netIncomeApplicableToCommonShares": -209282813}], "maxAge": 86400}, "fundOwnership": {"ownershipList": [], "maxAge": 1}, "summaryDetail": {"maxAge": 1, "priceHint": 2, "previousClose": 6.95, "open": 7.25, "dayLow": 7.0, "dayHigh": 7.25, "regularMarketPreviousClose": 6.95, "regularMarketOpen": 7.25, "regularMarketDayLow": 7.0, "regularMarketDayHigh": 7.25, "payoutRatio": 0.0, "beta": 1.89036, "volume": 26072, "regularMarketVolume": 26072, "averageVolume": 10889, "averageVolume10days": 2549, "averageDailyVolume10Day": 2549, "bid": 0.0, "ask": 0.0, "bidSize": 0, "askSize": 0, "marketCap": 203269504, "fiftyTwoWeekLow": 3.9, "fiftyTwoWeekHigh": 9.7, "priceToSalesTrailing12Months": 0.3955083, "fiftyDayAverage": 6.9954543, "twoHundredDayAverage": 6.954643, "currency": "INR", "fromCurrency": null, "lastMarket": null, "algorithm": null, "tradeable": false}, "incomeStatementHistoryQuarterly": {"incomeStatementHistory": [{"maxAge": 1, "endDate": "2020-12-31", "totalRevenue": 260199000, "costOfRevenue": 195459000, "grossProfit": 64740000, "researchDevelopment": {}, "sellingGeneralAdministrative": 7421000, "nonRecurring": {}, "otherOperatingExpenses": 35277000, "totalOperatingExpenses": 250763000, "operatingIncome": 9436000, "totalOtherIncomeExpenseNet": -16642000, "ebit": 9436000, "interestExpense": -16628000, "incomeBeforeTax": -7206000, "incomeTaxExpense": 0, "minorityInterest": {}, "netIncomeFromContinuingOps": -7206000, "discontinuedOperations": {}, "extraordinaryItems": {}, "effectOfAccountingCharges": {}, "otherItems": {}, "netIncome": -7206000, "netIncomeApplicableToCommonShares": -7206000}, {"maxAge": 1, "endDate": "2020-09-30", "totalRevenue": 95202000, "costOfRevenue": 83534000, "grossProfit": 11668000, "researchDevelopment": {}, "sellingGeneralAdministrative": 6758000, "nonRecurring": {}, "otherOperatingExpenses": 19531000, "totalOperatingExpenses": 121679000, "operatingIncome": -26477000, "totalOtherIncomeExpenseNet": -20160000, "ebit": -26477000, "interestExpense": -20139000, "incomeBeforeTax": -46637000, "incomeTaxExpense": 0, "minorityInterest": {}, "netIncomeFromContinuingOps": -46637000, "discontinuedOperations": {}, "extraordinaryItems": {}, "effectOfAccountingCharges": {}, "otherItems": {}, "netIncome": -46637000, "netIncomeApplicableToCommonShares": -46637000}, {"maxAge": 1, "endDate": "2020-06-30", "totalRevenue": 31921000, "costOfRevenue": 27251000, "grossProfit": 4670000, "researchDevelopment": {}, "sellingGeneralAdministrative": 3102000, "nonRecurring": {}, "otherOperatingExpenses": 7720000, "totalOperatingExpenses": 48926000, "operatingIncome": -17005000, "totalOtherIncomeExpenseNet": -13307000, "ebit": -17005000, "interestExpense": -13311000, "incomeBeforeTax": -30312000, "incomeTaxExpense": 0, "minorityInterest": {}, "netIncomeFromContinuingOps": -30312000, "discontinuedOperations": {}, "extraordinaryItems": {}, "effectOfAccountingCharges": {}, "otherItems": {}, "netIncome": -30312000, "netIncomeApplicableToCommonShares": -30312000}, {"maxAge": 1, "endDate": "2020-03-31", "totalRevenue": 128277988, "costOfRevenue": 44385402, "grossProfit": 83892586, "researchDevelopment": {}, "sellingGeneralAdministrative": 7082547, "nonRecurring": {}, "otherOperatingExpenses": 81176001, "totalOperatingExpenses": 145708409, "operatingIncome": -17430421, "totalOtherIncomeExpenseNet": -12821316, "ebit": -17430421, "interestExpense": -7395790, "incomeBeforeTax": -30251737, "incomeTaxExpense": 0, "minorityInterest": {}, "netIncomeFromContinuingOps": -30251737, "discontinuedOperations": {}, "extraordinaryItems": {}, "effectOfAccountingCharges": {}, "otherItems": {}, "netIncome": -30251737, "netIncomeApplicableToCommonShares": -30251737}], "maxAge": 86400}, "cashflowStatementHistoryQuarterly": {"cashflowStatements": [{"maxAge": 1, "endDate": "2020-12-31", "netIncome": -7206000, "changeToLiabilities": 0}, {"maxAge": 1, "endDate": "2020-09-30", "netIncome": -46637000, "changeToLiabilities": 0}, {"maxAge": 1, "endDate": "2020-06-30", "netIncome": -30312000, "changeToLiabilities": 0}, {"maxAge": 1, "endDate": "2020-03-31", "netIncome": -30251737, "changeToLiabilities": 0}], "maxAge": 86400}, "insiderHolders": {"holders": [{"maxAge": 1, "name": "Tijaria (Vratika Jain)", "relation": "Promoter", "url": "", "transactionDescription": "Other", "latestTransDate": "2019-10-01", "positionDirect": 500000, "positionDirectDate": "2019-10-01"}, {"maxAge": 1, "name": "Tijaria Industries Ltd", "relation": "Promoter", "url": "", "transactionDescription": "Other", "latestTransDate": "2019-10-01", "positionDirect": 8504030, "positionDirectDate": "2019-10-01"}, {"maxAge": 1, "name": "Tijariya (Ramesh Jain)", "relation": "Promoter", "url": "", "transactionDescription": "Other", "latestTransDate": "2019-10-01", "positionDirect": 1000000, "positionDirectDate": "2019-10-01"}], "maxAge": 1}, "calendarEvents": {"maxAge": 1, "earnings": {"earningsDate": []}}, "upgradeDowngradeHistory": {"history": [], "maxAge": 86400}, "price": {"maxAge": 1, "regularMarketChangePercent": 0.0071942722, "regularMarketChange": 0.05000019, "regularMarketTime": "2021-04-30 15:22:16", "priceHint": 2, "regularMarketPrice": 7.0, "regularMarketDayHigh": 7.25, "regularMarketDayLow": 7.0, "regularMarketVolume": 26072, "averageDailyVolume10Day": 2549, "averageDailyVolume3Month": 10889, "regularMarketPreviousClose": 6.95, "regularMarketSource": "FREE_REALTIME", "regularMarketOpen": 7.25, "exchange": "NSI", "exchangeName": "NSE", "exchangeDataDelayedBy": 15, "marketState": "CLOSED", "quoteType": "EQUITY", "symbol": "TIJARIA.NS", "underlyingSymbol": null, "shortName": "TIJARIA POLYPIPES", "longName": "Tijaria Polypipes Limited", "currency": "INR", "quoteSourceName": "Delayed Quote", "currencySymbol": "\u20b9", "fromCurrency": null, "lastMarket": null, "marketCap": 203269504}, "balanceSheetHistory": {"balanceSheetStatements": [{"maxAge": 1, "endDate": "2020-03-31", "cash": 8394686, "netReceivables": 407704744, "inventory": 123447494, "otherCurrentAssets": 51423758, "totalCurrentAssets": 594075622, "propertyPlantEquipment": 345163009, "otherAssets": 18756213, "totalAssets": 957994844, "accountsPayable": 215795508, "shortLongTermDebt": 35832643, "otherCurrentLiab": 20146023, "longTermDebt": 353263059, "totalCurrentLiabilities": 395814288, "totalLiab": 749077347, "commonStock": 286265790, "retainedEarnings": -656338608, "capitalSurplus": 578990320, "totalStockholderEquity": 208917502, "netTangibleAssets": 208917502}, {"maxAge": 1, "endDate": "2019-03-31", "cash": 1935395, "netReceivables": 560596253, "inventory": 84191049, "otherCurrentAssets": 42389958, "totalCurrentAssets": 693298521, "propertyPlantEquipment": 391934231, "otherAssets": 20450754, "totalAssets": 1105683506, "accountsPayable": 332988986, "shortLongTermDebt": 35554878, "otherCurrentLiab": 10803853, "longTermDebt": 369925047, "totalCurrentLiabilities": 522195115, "totalLiab": 892120162, "commonStock": 267220790, "retainedEarnings": -630981323, "treasuryStock": 6903812, "capitalSurplus": 570420070, "otherStockholderEquity": 6903812, "totalStockholderEquity": 213563349, "netTangibleAssets": 213563349}, {"maxAge": 1, "endDate": "2018-03-31", "cash": 21858371, "netReceivables": 341928162, "inventory": 152194811, "otherCurrentAssets": 82852481, "totalCurrentAssets": 603828284, "propertyPlantEquipment": 471321178, "otherAssets": 44053713, "totalAssets": 1119203175, "accountsPayable": 287577010, "shortLongTermDebt": 106376882, "otherCurrentLiab": 11378447, "longTermDebt": 388149745, "totalCurrentLiabilities": 613217714, "totalLiab": 1001367459, "commonStock": 236265790, "retainedEarnings": -692982893, "treasuryStock": 18062500, "capitalSurplus": 556490320, "otherStockholderEquity": 18062500, "totalStockholderEquity": 117835717, "netTangibleAssets": 117835717}, {"maxAge": 1, "endDate": "2017-03-31", "cash": 19611972, "netReceivables": 266219498, "inventory": 186900111, "otherCurrentAssets": 13917451, "totalCurrentAssets": 489368858, "propertyPlantEquipment": 577121893, "otherAssets": 83401863, "deferredLongTermAssetCharges": 456709, "totalAssets": 1149892614, "accountsPayable": 97630514, "shortLongTermDebt": 26025353, "otherCurrentLiab": 5447965, "longTermDebt": 439744861, "totalCurrentLiabilities": 366011251, "totalLiab": 805756112, "commonStock": 236265790, "retainedEarnings": -448619608, "capitalSurplus": 556490320, "totalStockholderEquity": 344136502, "netTangibleAssets": 344136502}], "maxAge": 86400}, "financialData": {"maxAge": 86400, "currentPrice": 7.0, "recommendationKey": "none", "totalCash": 32686000, "totalCashPerShare": 1.134, "ebitda": -9769337, "totalDebt": 539502976, "totalRevenue": 513944992, "debtToEquity": 408.81, "revenuePerShare": 18.15, "grossProfits": 282272586, "revenueGrowth": 0.23, "grossMargins": 0.31777, "ebitdaMargins": -0.01901, "operatingMargins": -0.103360005, "profitMargins": -0.22261, "financialCurrency": "INR"}}}