{"TIL.NS": {"assetProfile": {"address1": "1, Taratolla Road", "address2": "Garden Reach", "city": "Kolkata", "zip": "700024", "country": "India", "phone": "91 33 2469 3732", "fax": "91 33 2469 2143", "website": "http://www.tilindia.in", "industry": "Farm & Heavy Construction Machinery", "sector": "Industrials", "longBusinessSummary": "TIL Limited manufactures and markets a range of material handling, lifting, port, and road construction equipment in India and internationally. Its products include rough terrain cranes, truck and truck mounted cranes, pick and carry cranes, Manitowoc crawler cranes and grove cranes, reach stackers, forklift trucks, container handlers, crushing and screening stationary plant solutions, crushing and screening wheel mounted solutions, and crushing and screening track mounted solutions, as well as unit equipment, such as feeders, crushers, and high frequency screens. The company also deals in spares; and provides services to related equipment. TIL Limited was founded in 1944 and is headquartered in Kolkata, India.", "fullTimeEmployees": 309, "companyOfficers": [{"maxAge": 1, "name": "Mr. Sumit  Mazumder", "age": 72, "title": "Exec. Chairman", "yearBorn": 1948, "fiscalYear": 2020, "totalPay": 24743000, "exercisedValue": 0, "unexercisedValue": 0}, {"maxAge": 1, "name": "Mr. Sekhar  Bhattacharjee", "age": 56, "title": "VP, Company Sec. & Compliance Officer", "yearBorn": 1964, "fiscalYear": 2020, "totalPay": 4736882, "exercisedValue": 0, "unexercisedValue": 0}, {"maxAge": 1, "name": "Mr. Rajiv Kumar Soni", "title": "Chief Exec. Officer", "exercisedValue": 0, "unexercisedValue": 0}, {"maxAge": 1, "name": "Mr. Shibaditya  Ghosh", "title": "Chief Financial Officer", "exercisedValue": 0, "unexercisedValue": 0}, {"maxAge": 1, "name": "Ms. Tumpa  Roy", "age": 56, "title": "Assistant VP of Corp. Communication & CSR", "yearBorn": 1964, "exercisedValue": 0, "unexercisedValue": 0}, {"maxAge": 1, "name": "Mr. Anil  Bhatia", "age": 57, "title": "Head of Sales & Marketing", "yearBorn": 1963, "exercisedValue": 0, "unexercisedValue": 0}, {"maxAge": 1, "name": "Saumyendu  Chakrabarti", "age": 53, "title": "Head of Integrated Supply Chain", "yearBorn": 1967, "exercisedValue": 0, "unexercisedValue": 0}, {"maxAge": 1, "name": "Ratindra Nath Das", "age": 52, "title": "Head of Production", "yearBorn": 1968, "exercisedValue": 0, "unexercisedValue": 0}, {"maxAge": 1, "name": "G.  Sivaramkrishnan", "title": "VP of Product Support", "exercisedValue": 0, "unexercisedValue": 0}, {"maxAge": 1, "name": "Mr. Pinaki  Niyogy", "age": 50, "title": "VP of Manufacturing & Engineering", "yearBorn": 1970, "fiscalYear": 2015, "exercisedValue": 0, "unexercisedValue": 0}], "compensationAsOfEpochDate": "2020-12-31 05:30:00", "maxAge": 86400}, "recommendationTrend": {"trend": [{"period": "0m", "strongBuy": 0, "buy": 0, "hold": 0, "sell": 0, "strongSell": 0}, {"period": "-1m", "strongBuy": 0, "buy": 0, "hold": 0, "sell": 0, "strongSell": 0}, {"period": "-2m", "strongBuy": 0, "buy": 0, "hold": 0, "sell": 0, "strongSell": 0}, {"period": "-3m", "strongBuy": 0, "buy": 0, "hold": 0, "sell": 0, "strongSell": 0}], "maxAge": 86400}, "cashflowStatementHistory": {"cashflowStatements": [{"maxAge": 1, "endDate": "2020-03-31", "netIncome": -185000000, "depreciation": 126700000, "changeToNetincome": 459100000, "changeToAccountReceivables": -584100000, "changeToLiabilities": 138800000, "changeToInventory": -426000000, "totalCashFromOperatingActivities": -465000000, "capitalExpenditures": -42300000, "investments": -170900000, "otherCashflowsFromInvestingActivities": 39500000, "totalCashflowsFromInvestingActivities": -172800000, "dividendsPaid": -17600000, "netBorrowings": 968000000, "otherCashflowsFromFinancingActivities": -306100000, "totalCashFromFinancingActivities": 644300000, "effectOfExchangeRate": 7700000, "changeInCash": 14200000}, {"maxAge": 1, "endDate": "2019-03-31", "netIncome": 231600000, "depreciation": 117400000, "changeToNetincome": 209500000, "changeToAccountReceivables": -325800000, "changeToLiabilities": 76400000, "changeToInventory": -52200000, "totalCashFromOperatingActivities": 263600000, "capitalExpenditures": -134000000, "investments": -100200000, "otherCashflowsFromInvestingActivities": -22200000, "totalCashflowsFromInvestingActivities": -254600000, "dividendsPaid": -35200000, "netBorrowings": 162900000, "otherCashflowsFromFinancingActivities": -248400000, "totalCashFromFinancingActivities": -120700000, "effectOfExchangeRate": 12300000, "changeInCash": -99400000}, {"maxAge": 1, "endDate": "2018-03-31", "netIncome": 75800000, "depreciation": 114900000, "changeToNetincome": 222100000, "changeToAccountReceivables": -342900000, "changeToLiabilities": -309300000, "changeToInventory": -593600000, "totalCashFromOperatingActivities": -831500000, "capitalExpenditures": -102800000, "investments": 142600000, "otherCashflowsFromInvestingActivities": -23200000, "totalCashflowsFromInvestingActivities": 17100000, "dividendsPaid": -30100000, "netBorrowings": 1067900000, "otherCashflowsFromFinancingActivities": -183800000, "totalCashFromFinancingActivities": 854000000, "effectOfExchangeRate": -5900000, "changeInCash": 33700000}, {"maxAge": 1, "endDate": "2017-03-31", "netIncome": 247400000, "depreciation": 108000000, "changeToNetincome": 24600000, "changeToAccountReceivables": 81800000, "changeToLiabilities": 82400000, "changeToInventory": -991000000, "totalCashFromOperatingActivities": -446800000, "capitalExpenditures": -70000000, "investments": -27200000, "otherCashflowsFromInvestingActivities": 3346600000, "totalCashflowsFromInvestingActivities": 3249500000, "dividendsPaid": -30100000, "netBorrowings": -2530700000, "otherCashflowsFromFinancingActivities": -218200000, "totalCashFromFinancingActivities": -2748900000, "effectOfExchangeRate": -5900000, "changeInCash": 53800000}], "maxAge": 86400}, "indexTrend": {"maxAge": 1, "symbol": "SP5", "peRatio": 19.7411, "pegRatio": 1.34172, "estimates": [{"period": "0q", "growth": 0.549}, {"period": "+1q", "growth": 0.431}, {"period": "0y", "growth": 0.305}, {"period": "+1y", "growth": 0.109}, {"period": "+5y", "growth": 0.120865}, {"period": "-5y"}]}, "defaultKeyStatistics": {"maxAge": 1, "priceHint": 2, "enterpriseValue": 4733640704, "profitMargins": -0.17119, "floatShares": 4047305, "sharesOutstanding": 10030300, "heldPercentInsiders": 0.56903, "heldPercentInstitutions": 0.13095, "beta": 1.357697, "category": null, "bookValue": 262.415, "priceToBook": 0.6331574, "fundFamily": null, "legalType": null, "lastFiscalYearEnd": "2020-03-31 05:30:00", "nextFiscalYearEnd": "2022-03-31 05:30:00", "mostRecentQuarter": "2020-12-31 05:30:00", "earningsQuarterlyGrowth": 4.967, "netIncomeToCommon": -552899968, "trailingEps": -55.157, "forwardEps": 62.8, "lastSplitFactor": null, "enterpriseToRevenue": 1.466, "enterpriseToEbitda": -36.259}, "industryTrend": {"maxAge": 1, "symbol": null, "estimates": []}, "quoteType": {"exchange": "NSI", "quoteType": "EQUITY", "symbol": "TIL.NS", "underlyingSymbol": "TIL.NS", "shortName": "TIL", "longName": "TIL Limited", "firstTradeDateEpochUtc": "2002-07-01 09:15:00", "timeZoneFullName": "Asia/Kolkata", "timeZoneShortName": "IST", "uuid": "daae67de-ef9d-36b6-bef7-4159e717da1a", "gmtOffSetMilliseconds": 19800000, "maxAge": 1}, "incomeStatementHistory": {"incomeStatementHistory": [{"maxAge": 1, "endDate": "2020-03-31", "totalRevenue": 3770300000, "costOfRevenue": 2928400000, "grossProfit": 841900000, "researchDevelopment": {}, "sellingGeneralAdministrative": 761200000, "nonRecurring": {}, "otherOperatingExpenses": -61800000, "totalOperatingExpenses": 3760000000, "operatingIncome": 10300000, "totalOtherIncomeExpenseNet": -346600000, "ebit": 10300000, "interestExpense": -285000000, "incomeBeforeTax": -336300000, "incomeTaxExpense": -151300000, "minorityInterest": {}, "netIncomeFromContinuingOps": -185000000, "discontinuedOperations": {}, "extraordinaryItems": {}, "effectOfAccountingCharges": {}, "otherItems": {}, "netIncome": -185000000, "netIncomeApplicableToCommonShares": -185000000}, {"maxAge": 1, "endDate": "2019-03-31", "totalRevenue": 4390000000, "costOfRevenue": 2687300000, "grossProfit": 1702700000, "researchDevelopment": {}, "sellingGeneralAdministrative": 760400000, "nonRecurring": {}, "otherOperatingExpenses": 368600000, "totalOperatingExpenses": 3940400000, "operatingIncome": 449600000, "totalOtherIncomeExpenseNet": -240300000, "ebit": 449600000, "interestExpense": -223600000, "incomeBeforeTax": 209300000, "incomeTaxExpense": -22300000, "minorityInterest": {}, "netIncomeFromContinuingOps": 231600000, "discontinuedOperations": {}, "extraordinaryItems": {}, "effectOfAccountingCharges": {}, "otherItems": {}, "netIncome": 231600000, "netIncomeApplicableToCommonShares": 231600000}, {"maxAge": 1, "endDate": "2018-03-31", "totalRevenue": 3431700000, "costOfRevenue": 2020500000, "grossProfit": 1411200000, "researchDevelopment": {}, "sellingGeneralAdministrative": 620100000, "nonRecurring": {}, "otherOperatingExpenses": 425100000, "totalOperatingExpenses": 3182100000, "operatingIncome": 249600000, "totalOtherIncomeExpenseNet": -136400000, "ebit": 249600000, "interestExpense": -165600000, "incomeBeforeTax": 113200000, "incomeTaxExpense": 37400000, "minorityInterest": {}, "netIncomeFromContinuingOps": 75800000, "discontinuedOperations": {}, "extraordinaryItems": {}, "effectOfAccountingCharges": {}, "otherItems": {}, "netIncome": 75800000, "netIncomeApplicableToCommonShares": 75800000}, {"maxAge": 1, "endDate": "2017-03-31", "totalRevenue": 3081700000, "costOfRevenue": 1925300000, "grossProfit": 1156400000, "researchDevelopment": {}, "sellingGeneralAdministrative": 521200000, "nonRecurring": {}, "otherOperatingExpenses": 375500000, "totalOperatingExpenses": 2930000000, "operatingIncome": 151700000, "totalOtherIncomeExpenseNet": -1302900000, "ebit": 151700000, "interestExpense": -195600000, "incomeBeforeTax": -1151200000, "incomeTaxExpense": 15500000, "minorityInterest": {}, "netIncomeFromContinuingOps": -1166700000, "discontinuedOperations": 1414100000, "extraordinaryItems": {}, "effectOfAccountingCharges": {}, "otherItems": {}, "netIncome": 247400000, "netIncomeApplicableToCommonShares": 247400000}], "maxAge": 86400}, "fundOwnership": {"ownershipList": [], "maxAge": 1}, "summaryDetail": {"maxAge": 1, "priceHint": 2, "previousClose": 162.1, "open": 157.0, "dayLow": 157.0, "dayHigh": 168.65, "regularMarketPreviousClose": 162.1, "regularMarketOpen": 157.0, "regularMarketDayLow": 157.0, "regularMarketDayHigh": 168.65, "exDividendDate": "2019-08-06 05:30:00", "payoutRatio": 0.0, "beta": 1.357697, "forwardPE": 2.6457005, "volume": 7824, "regularMarketVolume": 7824, "averageVolume": 10798, "averageVolume10days": 9074, "averageDailyVolume10Day": 9074, "bid": 0.0, "ask": 0.0, "bidSize": 0, "askSize": 0, "marketCap": 1671153280, "fiftyTwoWeekLow": 101.1, "fiftyTwoWeekHigh": 200.0, "priceToSalesTrailing12Months": 0.51741695, "fiftyDayAverage": 166.30882, "twoHundredDayAverage": 157.80247, "trailingAnnualDividendRate": 1.75, "trailingAnnualDividendYield": 0.010795805, "currency": "INR", "fromCurrency": null, "lastMarket": null, "algorithm": null, "tradeable": false}, "insiderHolders": {"holders": [{"maxAge": 1, "name": "Ansuya Agencies Pvt Ltd", "relation": "Promoter", "url": "", "transactionDescription": "Acquisition", "latestTransDate": "2012-11-12", "positionDirect": 105500, "positionDirectDate": "2012-11-12"}, {"maxAge": 1, "name": "BP Commodities Pvt. Ltd.", "relation": "Promoter", "url": "", "transactionDescription": "Acquisition", "latestTransDate": "2012-11-12", "positionDirect": 282500, "positionDirectDate": "2012-11-12"}, {"maxAge": 1, "name": "Gokul Leasing & Finance Pvt Ltd", "relation": "Institution- Corporation", "url": "", "transactionDescription": "Acquisition", "latestTransDate": "2012-05-23", "positionDirect": 249000, "positionDirectDate": "2012-05-23"}, {"maxAge": 1, "name": "Life Insurance Corpoation of India", "relation": "UNREPORTED", "url": "", "transactionDescription": "Sale", "latestTransDate": "2010-02-08", "positionDirect": 1226082, "positionDirectDate": "2010-02-08"}, {"maxAge": 1, "name": "Marbellous Trading Pvt Ltd", "relation": "Promoter", "url": "", "transactionDescription": "Acquisition", "latestTransDate": "2012-11-12", "positionDirect": 502230, "positionDirectDate": "2012-11-12"}, {"maxAge": 1, "name": "Mazumder (Sumit)", "relation": "Executive Vice Chairman", "url": "", "transactionDescription": "Acquisition", "latestTransDate": "2012-11-12", "positionDirect": 66360, "positionDirectDate": "2012-11-12"}, {"maxAge": 1, "name": "SBIMF Magnum Sector Fund Umbrella Contra", "relation": "Management Subsidary of bank", "url": "", "transactionDescription": "Acquisition", "latestTransDate": "2011-07-14", "positionDirect": 501946, "positionDirectDate": "2011-07-14"}, {"maxAge": 1, "name": "Subhmangal Tracom Pvt Ltd", "relation": "Institution- Corporation", "url": "", "transactionDescription": "Acquisition", "latestTransDate": "2012-11-12", "positionDirect": 7000, "positionDirectDate": "2012-11-12"}], "maxAge": 1}, "calendarEvents": {"maxAge": 1, "earnings": {"earningsDate": []}, "exDividendDate": "2019-08-06 05:30:00"}, "upgradeDowngradeHistory": {"history": [], "maxAge": 86400}, "price": {"maxAge": 1, "regularMarketChangePercent": 0.024984501, "regularMarketChange": 4.049988, "regularMarketTime": "2021-04-30 15:29:49", "priceHint": 2, "regularMarketPrice": 166.15, "regularMarketDayHigh": 168.65, "regularMarketDayLow": 157.0, "regularMarketVolume": 7824, "averageDailyVolume10Day": 9074, "averageDailyVolume3Month": 10798, "regularMarketPreviousClose": 162.1, "regularMarketSource": "FREE_REALTIME", "regularMarketOpen": 157.0, "exchange": "NSI", "exchangeName": "NSE", "exchangeDataDelayedBy": 15, "marketState": "CLOSED", "quoteType": "EQUITY", "symbol": "TIL.NS", "underlyingSymbol": null, "shortName": "TIL", "longName": "TIL Limited", "currency": "INR", "quoteSourceName": "Delayed Quote", "currencySymbol": "\u20b9", "fromCurrency": null, "lastMarket": null, "marketCap": 1671153280}, "balanceSheetHistory": {"balanceSheetStatements": [{"maxAge": 1, "endDate": "2020-03-31", "cash": 97700000, "netReceivables": 2140900000, "inventory": 2349300000, "otherCurrentAssets": 152000000, "totalCurrentAssets": 4762400000, "longTermInvestments": 281700000, "propertyPlantEquipment": 1719200000, "intangibleAssets": 22400000, "otherAssets": 580000000, "deferredLongTermAssetCharges": 425700000, "totalAssets": 7365700000, "accountsPayable": 1179100000, "shortLongTermDebt": 81400000, "otherCurrentLiab": 132700000, "longTermDebt": 301600000, "otherLiab": 53500000, "totalCurrentLiabilities": 4001300000, "totalLiab": 4374300000, "commonStock": 100300000, "retainedEarnings": 2283900000, "treasuryStock": 413800000, "capitalSurplus": 193400000, "otherStockholderEquity": 413800000, "totalStockholderEquity": 2991400000, "netTangibleAssets": 2969000000}, {"maxAge": 1, "endDate": "2019-03-31", "cash": 83500000, "netReceivables": 1893100000, "inventory": 2533200000, "otherCurrentAssets": 278600000, "totalCurrentAssets": 4806000000, "longTermInvestments": 134000000, "propertyPlantEquipment": 1347700000, "intangibleAssets": 48700000, "otherAssets": 805600000, "deferredLongTermAssetCharges": 273500000, "totalAssets": 7142000000, "accountsPayable": 1100000000, "shortLongTermDebt": 4600000, "otherCurrentLiab": 843400000, "longTermDebt": 6100000, "otherLiab": 50000000, "totalCurrentLiabilities": 3906700000, "totalLiab": 3962800000, "commonStock": 100300000, "retainedEarnings": 2490700000, "treasuryStock": 394800000, "capitalSurplus": 193400000, "otherStockholderEquity": 394800000, "totalStockholderEquity": 3179200000, "netTangibleAssets": 3130500000}, {"maxAge": 1, "endDate": "2018-03-31", "cash": 182900000, "netReceivables": 1235800000, "inventory": 2455400000, "otherCurrentAssets": 361000000, "totalCurrentAssets": 4255700000, "longTermInvestments": 38700000, "propertyPlantEquipment": 1318900000, "intangibleAssets": 74000000, "otherAssets": 746400000, "deferredLongTermAssetCharges": 191900000, "totalAssets": 6433700000, "accountsPayable": 812600000, "shortLongTermDebt": 3900000, "otherCurrentLiab": 827500000, "longTermDebt": 9200000, "otherLiab": 47700000, "totalCurrentLiabilities": 3375800000, "totalLiab": 3432700000, "commonStock": 100300000, "retainedEarnings": 2329000000, "treasuryStock": 378300000, "capitalSurplus": 193400000, "otherStockholderEquity": 378300000, "totalStockholderEquity": 3001000000, "netTangibleAssets": 2927000000}, {"maxAge": 1, "endDate": "2017-03-31", "cash": 149200000, "netReceivables": 790900000, "inventory": 1851300000, "otherCurrentAssets": 354100000, "totalCurrentAssets": 3154100000, "longTermInvestments": 180800000, "propertyPlantEquipment": 1401200000, "intangibleAssets": 47600000, "otherAssets": 690900000, "deferredLongTermAssetCharges": 190500000, "totalAssets": 5474600000, "accountsPayable": 755500000, "shortLongTermDebt": 171600000, "otherCurrentLiab": 975200000, "longTermDebt": 149700000, "otherLiab": 31500000, "totalCurrentLiabilities": 2289400000, "totalLiab": 2470600000, "commonStock": 100300000, "retainedEarnings": 2297600000, "treasuryStock": 412700000, "capitalSurplus": 193400000, "otherStockholderEquity": 412700000, "totalStockholderEquity": 3004000000, "netTangibleAssets": 2956400000}], "maxAge": 86400}, "earningsTrend": {"trend": [{"maxAge": 1, "period": "0q", "endDate": null, "growth": {}, "earningsEstimate": {"avg": 0.0, "low": 0.0, "high": 0.0, "yearAgoEps": {}, "numberOfAnalysts": 0, "growth": {}}, "revenueEstimate": {"avg": 0, "low": 0, "high": 0, "numberOfAnalysts": 0, "yearAgoRevenue": {}, "growth": {}}, "epsTrend": {"current": 0.0, "7daysAgo": 0.0, "30daysAgo": 0.0, "60daysAgo": 0.0, "90daysAgo": 0.0}, "epsRevisions": {"upLast7days": 0, "upLast30days": 0, "downLast30days": 0, "downLast90days": {}}}, {"maxAge": 1, "period": "+1q", "endDate": null, "growth": {}, "earningsEstimate": {"avg": 0.0, "low": 0.0, "high": 0.0, "yearAgoEps": {}, "numberOfAnalysts": 0, "growth": {}}, "revenueEstimate": {"avg": 0, "low": 0, "high": 0, "numberOfAnalysts": 0, "yearAgoRevenue": {}, "growth": {}}, "epsTrend": {"current": 0.0, "7daysAgo": 0.0, "30daysAgo": 0.0, "60daysAgo": 0.0, "90daysAgo": 0.0}, "epsRevisions": {"upLast7days": 0, "upLast30days": 0, "downLast30days": 0, "downLast90days": {}}}, {"maxAge": 1, "period": "0y", "endDate": null, "growth": {}, "earningsEstimate": {"avg": 0.0, "low": 0.0, "high": 0.0, "yearAgoEps": {}, "numberOfAnalysts": 0, "growth": {}}, "revenueEstimate": {"avg": 0, "low": 0, "high": 0, "numberOfAnalysts": 0, "yearAgoRevenue": {}, "growth": {}}, "epsTrend": {"current": 0.0, "7daysAgo": 0.0, "30daysAgo": 0.0, "60daysAgo": 0.0, "90daysAgo": 0.0}, "epsRevisions": {"upLast7days": 0, "upLast30days": 0, "downLast30days": 0, "downLast90days": {}}}, {"maxAge": 1, "period": "+1y", "endDate": null, "growth": {}, "earningsEstimate": {"avg": 0.0, "low": 0.0, "high": 0.0, "yearAgoEps": {}, "numberOfAnalysts": 0, "growth": {}}, "revenueEstimate": {"avg": 0, "low": 0, "high": 0, "numberOfAnalysts": 0, "yearAgoRevenue": {}, "growth": {}}, "epsTrend": {"current": 0.0, "7daysAgo": 0.0, "30daysAgo": 0.0, "60daysAgo": 0.0, "90daysAgo": 0.0}, "epsRevisions": {"upLast7days": 0, "upLast30days": 0, "downLast30days": 0, "downLast90days": {}}}, {"maxAge": 1, "period": "+5y", "endDate": null, "growth": {}, "earningsEstimate": {"avg": {}, "low": {}, "high": {}, "yearAgoEps": {}, "numberOfAnalysts": {}, "growth": {}}, "revenueEstimate": {"avg": {}, "low": {}, "high": {}, "numberOfAnalysts": {}, "yearAgoRevenue": {}, "growth": {}}, "epsTrend": {"current": {}, "7daysAgo": {}, "30daysAgo": {}, "60daysAgo": {}, "90daysAgo": {}}, "epsRevisions": {"upLast7days": {}, "upLast30days": {}, "downLast30days": {}, "downLast90days": {}}}, {"maxAge": 1, "period": "-5y", "endDate": null, "growth": -0.49227002, "earningsEstimate": {"avg": {}, "low": {}, "high": {}, "yearAgoEps": {}, "numberOfAnalysts": {}, "growth": {}}, "revenueEstimate": {"avg": {}, "low": {}, "high": {}, "numberOfAnalysts": {}, "yearAgoRevenue": {}, "growth": {}}, "epsTrend": {"current": {}, "7daysAgo": {}, "30daysAgo": {}, "60daysAgo": {}, "90daysAgo": {}}, "epsRevisions": {"upLast7days": {}, "upLast30days": {}, "downLast30days": {}, "downLast90days": {}}}], "maxAge": 1}, "institutionOwnership": {"ownershipList": [], "maxAge": 1}, "majorHoldersBreakdown": {"maxAge": 1, "insidersPercentHeld": 0.56903, "institutionsPercentHeld": 0.13095, "institutionsFloatPercentHeld": 0.30384, "institutionsCount": 4}, "balanceSheetHistoryQuarterly": {"balanceSheetStatements": [{"maxAge": 1, "endDate": "2020-12-31", "totalStockholderEquity": 2632800000, "netTangibleAssets": 2616200000}, {"maxAge": 1, "endDate": "2020-09-30", "cash": 41100000, "shortTermInvestments": 46700000, "netReceivables": 2426300000, "inventory": 2090600000, "otherCurrentAssets": 149100000, "totalCurrentAssets": 4753800000, "longTermInvestments": 400800000, "propertyPlantEquipment": 1606300000, "intangibleAssets": 16600000, "otherAssets": 455700000, "deferredLongTermAssetCharges": 330400000, "totalAssets": 7233200000, "accountsPayable": 1054200000, "shortLongTermDebt": 116200000, "otherCurrentLiab": 291400000, "longTermDebt": 237000000, "otherLiab": 58900000, "totalCurrentLiabilities": 4280200000, "totalLiab": 4600400000, "commonStock": 100300000, "treasuryStock": 2532500000, "otherStockholderEquity": 2532500000, "totalStockholderEquity": 2632800000, "netTangibleAssets": 2616200000}, {"maxAge": 1, "endDate": "2020-06-30", "totalStockholderEquity": 2991400000, "netTangibleAssets": 2969000000}, {"maxAge": 1, "endDate": "2020-03-31", "cash": 97700000, "netReceivables": 2140900000, "inventory": 2349300000, "otherCurrentAssets": 152000000, "totalCurrentAssets": 4762400000, "longTermInvestments": 281700000, "propertyPlantEquipment": 1719200000, "intangibleAssets": 22400000, "otherAssets": 580000000, "deferredLongTermAssetCharges": 425700000, "totalAssets": 7365700000, "accountsPayable": 1179100000, "shortLongTermDebt": 81400000, "otherCurrentLiab": 132700000, "longTermDebt": 301600000, "otherLiab": 53500000, "totalCurrentLiabilities": 4001300000, "totalLiab": 4374300000, "commonStock": 100300000, "retainedEarnings": 2283900000, "treasuryStock": 413800000, "capitalSurplus": 193400000, "otherStockholderEquity": 413800000, "totalStockholderEquity": 2991400000, "netTangibleAssets": 2969000000}], "maxAge": 86400}, "earningsHistory": {"history": [{"maxAge": 1, "epsActual": {}, "epsEstimate": {}, "epsDifference": {}, "surprisePercent": {}, "quarter": {}, "period": "-4q"}, {"maxAge": 1, "epsActual": {}, "epsEstimate": {}, "epsDifference": {}, "surprisePercent": {}, "quarter": {}, "period": "-3q"}, {"maxAge": 1, "epsActual": {}, "epsEstimate": {}, "epsDifference": {}, "surprisePercent": {}, "quarter": {}, "period": "-2q"}, {"maxAge": 1, "epsActual": {}, "epsEstimate": {}, "epsDifference": {}, "surprisePercent": {}, "quarter": {}, "period": "-1q"}], "maxAge": 86400}, "summaryProfile": {"address1": "1, Taratolla Road", "address2": "Garden Reach", "city": "Kolkata", "zip": "700024", "country": "India", "phone": "91 33 2469 3732", "fax": "91 33 2469 2143", "website": "http://www.tilindia.in", "industry": "Farm & Heavy Construction Machinery", "sector": "Industrials", "longBusinessSummary": "TIL Limited manufactures and markets a range of material handling, lifting, port, and road construction equipment in India and internationally. Its products include rough terrain cranes, truck and truck mounted cranes, pick and carry cranes, Manitowoc crawler cranes and grove cranes, reach stackers, forklift trucks, container handlers, crushing and screening stationary plant solutions, crushing and screening wheel mounted solutions, and crushing and screening track mounted solutions, as well as unit equipment, such as feeders, crushers, and high frequency screens. The company also deals in spares; and provides services to related equipment. TIL Limited was founded in 1944 and is headquartered in Kolkata, India.", "fullTimeEmployees": 309, "companyOfficers": [], "maxAge": 86400}, "netSharePurchaseActivity": {"maxAge": 1, "period": "6m", "buyInfoCount": 0, "buyInfoShares": 0, "sellInfoCount": 0, "netInfoCount": 0, "netInfoShares": 0, "netPercentInsiderShares": 0.0, "totalInsiderShares": 5706239}, "insiderTransactions": {"transactions": [{"maxAge": 1, "shares": 6000, "filerUrl": "", "transactionText": "", "filerName": "Marbellous Trading Pvt Ltd", "filerRelation": "Promoter", "moneyText": "", "startDate": "2012-11-12", "ownership": "D"}, {"maxAge": 1, "shares": 14000, "filerUrl": "", "transactionText": "", "filerName": "Mazumder (Sumit)", "filerRelation": "Executive Vice Chairman", "moneyText": "", "startDate": "2012-11-12", "ownership": "D"}, {"maxAge": 1, "shares": 10500, "filerUrl": "", "transactionText": "", "filerName": "BP Commodities Pvt. Ltd.", "filerRelation": "Promoter", "moneyText": "", "startDate": "2012-11-12", "ownership": "D"}, {"maxAge": 1, "shares": 7000, "filerUrl": "", "transactionText": "", "filerName": "Subhmangal Tracom Pvt Ltd", "filerRelation": "Institution- Corporation", "moneyText": "", "startDate": "2012-11-12", "ownership": "D"}, {"maxAge": 1, "shares": 2500, "filerUrl": "", "transactionText": "", "filerName": "Ansuya Agencies Pvt Ltd", "filerRelation": "Promoter", "moneyText": "", "startDate": "2012-11-12", "ownership": "D"}, {"maxAge": 1, "shares": 28000, "filerUrl": "", "transactionText": "", "filerName": "Marbellous Trading Pvt Ltd", "filerRelation": "Promoter", "moneyText": "", "startDate": "2012-05-23", "ownership": "D"}, {"maxAge": 1, "shares": 37195, "filerUrl": "", "transactionText": "", "filerName": "Marbellous Trading Pvt Ltd", "filerRelation": "Promoter", "moneyText": "", "startDate": "2012-05-23", "ownership": "D"}, {"maxAge": 1, "shares": 9000, "filerUrl": "", "transactionText": "", "filerName": "Gokul Leasing & Finance Pvt Ltd", "filerRelation": "Institution- Corporation", "moneyText": "", "startDate": "2012-05-23", "ownership": "D"}, {"maxAge": 1, "shares": 28000, "filerUrl": "", "transactionText": "", "filerName": "Mazumder (Sumit)", "filerRelation": "Executive Vice Chairman", "moneyText": "", "startDate": "2012-05-23", "ownership": "D"}, {"maxAge": 1, "shares": 240000, "filerUrl": "", "transactionText": "", "filerName": "Gokul Leasing & Finance Pvt Ltd", "filerRelation": "Institution- Corporation", "moneyText": "", "startDate": "2012-05-04", "ownership": "D"}, {"maxAge": 1, "shares": 60000, "filerUrl": "", "transactionText": "", "filerName": "Marbellous Trading Pvt Ltd", "filerRelation": "Promoter", "moneyText": "", "startDate": "2012-05-03", "ownership": "D"}, {"maxAge": 1, "shares": 2383, "filerUrl": "", "transactionText": "", "filerName": "SBIMF Magnum Sector Fund Umbrella Contra", "filerRelation": "Management Subsidary of bank", "moneyText": "", "startDate": "2011-07-14", "ownership": "D"}, {"maxAge": 1, "shares": 177033, "filerUrl": "", "transactionText": "", "filerName": "Life Insurance Corpoation of India", "filerRelation": "UNREPORTED", "moneyText": "", "startDate": "2010-02-08", "ownership": "D"}], "maxAge": 1}, "sectorTrend": {"maxAge": 1, "symbol": null, "estimates": []}, "incomeStatementHistoryQuarterly": {"incomeStatementHistory": [{"maxAge": 1, "endDate": "2020-12-31", "totalRevenue": 1149200000, "costOfRevenue": 773700000, "grossProfit": 375500000, "researchDevelopment": {}, "sellingGeneralAdministrative": 151300000, "nonRecurring": {}, "otherOperatingExpenses": 75600000, "totalOperatingExpenses": 1030300000, "operatingIncome": 118900000, "totalOtherIncomeExpenseNet": -84500000, "ebit": 118900000, "interestExpense": -84500000, "incomeBeforeTax": 34400000, "incomeTaxExpense": -1400000, "minorityInterest": {}, "netIncomeFromContinuingOps": 35800000, "discontinuedOperations": {}, "extraordinaryItems": {}, "effectOfAccountingCharges": {}, "otherItems": {}, "netIncome": 35800000, "netIncomeApplicableToCommonShares": 35800000}, {"maxAge": 1, "endDate": "2020-09-30", "totalRevenue": 836200000, "costOfRevenue": 619100000, "grossProfit": 217100000, "researchDevelopment": {}, "sellingGeneralAdministrative": 149400000, "nonRecurring": {}, "otherOperatingExpenses": 61000000, "totalOperatingExpenses": 860000000, "operatingIncome": -23800000, "totalOtherIncomeExpenseNet": -60100000, "ebit": -23800000, "interestExpense": -82500000, "incomeBeforeTax": -83900000, "incomeTaxExpense": 98700000, "minorityInterest": {}, "netIncomeFromContinuingOps": -182600000, "discontinuedOperations": {}, "extraordinaryItems": {}, "effectOfAccountingCharges": {}, "otherItems": {}, "netIncome": -182600000, "netIncomeApplicableToCommonShares": -182600000}, {"maxAge": 1, "endDate": "2020-06-30", "totalRevenue": 450900000, "costOfRevenue": 351500000, "grossProfit": 99400000, "researchDevelopment": {}, "sellingGeneralAdministrative": 125000000, "nonRecurring": {}, "otherOperatingExpenses": 26600000, "totalOperatingExpenses": 532300000, "operatingIncome": -81400000, "totalOtherIncomeExpenseNet": -92400000, "ebit": -81400000, "interestExpense": -92400000, "incomeBeforeTax": -173800000, "incomeTaxExpense": -3200000, "minorityInterest": {}, "netIncomeFromContinuingOps": -170600000, "discontinuedOperations": {}, "extraordinaryItems": {}, "effectOfAccountingCharges": {}, "otherItems": {}, "netIncome": -170600000, "netIncomeApplicableToCommonShares": -170600000}, {"maxAge": 1, "endDate": "2020-03-31", "totalRevenue": 793500000, "costOfRevenue": 538600000, "grossProfit": 254900000, "researchDevelopment": {}, "sellingGeneralAdministrative": 195700000, "nonRecurring": {}, "otherOperatingExpenses": 288600000, "totalOperatingExpenses": 1055500000, "operatingIncome": -262000000, "totalOtherIncomeExpenseNet": -120500000, "ebit": -262000000, "interestExpense": -58900000, "incomeBeforeTax": -382500000, "incomeTaxExpense": -147000000, "minorityInterest": {}, "netIncomeFromContinuingOps": -235500000, "discontinuedOperations": {}, "extraordinaryItems": {}, "effectOfAccountingCharges": {}, "otherItems": {}, "netIncome": -235500000, "netIncomeApplicableToCommonShares": -235500000}], "maxAge": 86400}, "cashflowStatementHistoryQuarterly": {"cashflowStatements": [{"maxAge": 1, "endDate": "2020-12-31", "netIncome": 35800000, "changeToLiabilities": 0}, {"maxAge": 1, "endDate": "2020-09-30", "netIncome": -182600000, "changeToLiabilities": 0}, {"maxAge": 1, "endDate": "2020-06-30", "netIncome": -170600000, "changeToLiabilities": 0}, {"maxAge": 1, "endDate": "2020-03-31", "netIncome": -235500000, "changeToLiabilities": 0}], "maxAge": 86400}, "earnings": {"maxAge": 86400, "earningsChart": {"quarterly": [], "earningsDate": []}, "financialsChart": {"yearly": [{"date": 2017, "revenue": 3081700000, "earnings": 247400000}, {"date": 2018, "revenue": 3431700000, "earnings": 75800000}, {"date": 2019, "revenue": 4390000000, "earnings": 231600000}, {"date": 2020, "revenue": 3770300000, "earnings": -185000000}], "quarterly": [{"date": "1Q2020", "revenue": 793500000, "earnings": -235500000}, {"date": "2Q2020", "revenue": 450900000, "earnings": -170600000}, {"date": "3Q2020", "revenue": 836200000, "earnings": -182600000}, {"date": "4Q2020", "revenue": 1149200000, "earnings": 35800000}]}, "financialCurrency": "INR"}, "financialData": {"maxAge": 86400, "currentPrice": 166.15, "targetHighPrice": 685.0, "targetLowPrice": 685.0, "targetMeanPrice": 685.0, "targetMedianPrice": 685.0, "recommendationMean": 1.0, "recommendationKey": "strong_buy", "numberOfAnalystOpinions": 1, "totalCash": 87800000, "totalCashPerShare": 8.755, "ebitda": -130550000, "totalDebt": 3195899904, "totalRevenue": 3229799936, "debtToEquity": 121.388, "revenuePerShare": 322.202, "grossProfits": 841900000, "earningsGrowth": 5.051, "revenueGrowth": 0.403, "grossMargins": 0.29318002, "ebitdaMargins": -0.04042, "operatingMargins": -0.07688, "profitMargins": -0.17119, "financialCurrency": "INR"}}}