{"TIL.BO": {"recommendationTrend": {"trend": [{"period": "0m", "strongBuy": 0, "buy": 0, "hold": 0, "sell": 0, "strongSell": 0}, {"period": "-1m", "strongBuy": 0, "buy": 0, "hold": 0, "sell": 0, "strongSell": 0}, {"period": "-2m", "strongBuy": 0, "buy": 0, "hold": 0, "sell": 0, "strongSell": 0}, {"period": "-3m", "strongBuy": 0, "buy": 0, "hold": 0, "sell": 0, "strongSell": 0}], "maxAge": 86400}, "cashflowStatementHistory": {"cashflowStatements": [{"maxAge": 1, "endDate": "2020-03-31", "netIncome": -185000000, "depreciation": 126700000, "changeToNetincome": 459100000, "changeToAccountReceivables": -584100000, "changeToLiabilities": 138800000, "changeToInventory": -426000000, "totalCashFromOperatingActivities": -465000000, "capitalExpenditures": -42300000, "investments": -170900000, "otherCashflowsFromInvestingActivities": 39500000, "totalCashflowsFromInvestingActivities": -172800000, "dividendsPaid": -17600000, "netBorrowings": 968000000, "otherCashflowsFromFinancingActivities": -306100000, "totalCashFromFinancingActivities": 644300000, "effectOfExchangeRate": 7700000, "changeInCash": 14200000}, {"maxAge": 1, "endDate": "2019-03-31", "netIncome": 231600000, "depreciation": 117400000, "changeToNetincome": 209500000, "changeToAccountReceivables": -325800000, "changeToLiabilities": 76400000, "changeToInventory": -52200000, "totalCashFromOperatingActivities": 263600000, "capitalExpenditures": -134000000, "investments": -100200000, "otherCashflowsFromInvestingActivities": -22200000, "totalCashflowsFromInvestingActivities": -254600000, "dividendsPaid": -35200000, "netBorrowings": 162900000, "otherCashflowsFromFinancingActivities": -248400000, "totalCashFromFinancingActivities": -120700000, "effectOfExchangeRate": 12300000, "changeInCash": -99400000}, {"maxAge": 1, "endDate": "2018-03-31", "netIncome": 75800000, "depreciation": 114900000, "changeToNetincome": 222100000, "changeToAccountReceivables": -342900000, "changeToLiabilities": -309300000, "changeToInventory": -593600000, "totalCashFromOperatingActivities": -831500000, "capitalExpenditures": -102800000, "investments": 142600000, "otherCashflowsFromInvestingActivities": -23200000, "totalCashflowsFromInvestingActivities": 17100000, "dividendsPaid": -30100000, "netBorrowings": 1067900000, "otherCashflowsFromFinancingActivities": -183800000, "totalCashFromFinancingActivities": 854000000, "effectOfExchangeRate": -5900000, "changeInCash": 33700000}, {"maxAge": 1, "endDate": "2017-03-31", "netIncome": 247400000, "depreciation": 108000000, "changeToNetincome": 24600000, "changeToAccountReceivables": 81800000, "changeToLiabilities": 82400000, "changeToInventory": -991000000, "totalCashFromOperatingActivities": -446800000, "capitalExpenditures": -70000000, "investments": -27200000, "otherCashflowsFromInvestingActivities": 3346600000, "totalCashflowsFromInvestingActivities": 3249500000, "dividendsPaid": -30100000, "netBorrowings": -2530700000, "otherCashflowsFromFinancingActivities": -218200000, "totalCashFromFinancingActivities": -2748900000, "effectOfExchangeRate": -5900000, "changeInCash": 53800000}], "maxAge": 86400}, "institutionOwnership": {"maxAge": 1, "ownershipList": []}, "balanceSheetHistoryQuarterly": {"balanceSheetStatements": [{"maxAge": 1, "endDate": "2020-06-30", "totalStockholderEquity": 2991400000, "netTangibleAssets": 2969000000}, {"maxAge": 1, "endDate": "2020-03-31", "cash": 97700000, "netReceivables": 2140900000, "inventory": 2349300000, "otherCurrentAssets": 152000000, "totalCurrentAssets": 4762400000, "longTermInvestments": 281700000, "propertyPlantEquipment": 1719200000, "intangibleAssets": 22400000, "otherAssets": 580000000, "deferredLongTermAssetCharges": 425700000, "totalAssets": 7365700000, "accountsPayable": 1179100000, "shortLongTermDebt": 81400000, "otherCurrentLiab": 132700000, "longTermDebt": 301600000, "otherLiab": 53500000, "totalCurrentLiabilities": 4001300000, "totalLiab": 4374300000, "commonStock": 100300000, "retainedEarnings": 2283900000, "treasuryStock": 413800000, "capitalSurplus": 193400000, "otherStockholderEquity": 413800000, "totalStockholderEquity": 2991400000, "netTangibleAssets": 2969000000}, {"maxAge": 1, "endDate": "2019-12-31", "totalStockholderEquity": 3206700000, "netTangibleAssets": 3171500000}, {"maxAge": 1, "endDate": "2019-09-30", "cash": 140600000, "shortTermInvestments": 56000000, "netReceivables": 2283700000, "inventory": 1738600000, "otherCurrentAssets": 190300000, "totalCurrentAssets": 4409200000, "longTermInvestments": 173600000, "propertyPlantEquipment": 1770200000, "intangibleAssets": 35200000, "otherAssets": 395000000, "deferredLongTermAssetCharges": 283200000, "totalAssets": 6783200000, "accountsPayable": 907100000, "otherCurrentLiab": 414100000, "longTermDebt": 262100000, "otherLiab": 76900000, "totalCurrentLiabilities": 3237500000, "totalLiab": 3576500000, "commonStock": 100300000, "treasuryStock": 3106400000, "otherStockholderEquity": 3106400000, "totalStockholderEquity": 3206700000, "netTangibleAssets": 3171500000}], "maxAge": 86400}, "earningsHistory": {"history": [{"maxAge": 1, "epsActual": {}, "epsEstimate": {}, "epsDifference": {}, "surprisePercent": {}, "quarter": {}, "period": "-4q"}, {"maxAge": 1, "epsActual": {}, "epsEstimate": {}, "epsDifference": {}, "surprisePercent": {}, "quarter": {}, "period": "-3q"}, {"maxAge": 1, "epsActual": {}, "epsEstimate": {}, "epsDifference": {}, "surprisePercent": {}, "quarter": {}, "period": "-2q"}, {"maxAge": 1, "epsActual": {}, "epsEstimate": {}, "epsDifference": {}, "surprisePercent": {}, "quarter": {}, "period": "-1q"}], "maxAge": 86400}, "indexTrend": {"maxAge": 1, "symbol": "SP5", "peRatio": 19.7411, "pegRatio": 1.34172, "estimates": [{"period": "0q", "growth": 0.549}, {"period": "+1q", "growth": 0.431}, {"period": "0y", "growth": 0.305}, {"period": "+1y", "growth": 0.109}, {"period": "+5y", "growth": 0.120865}, {"period": "-5y"}]}, "industryTrend": {"maxAge": 1, "symbol": null, "estimates": []}, "insiderTransactions": {"transactions": [{"maxAge": 1, "shares": 2500, "filerUrl": "", "transactionText": "", "filerName": "Ansuya Agencies Pvt Ltd", "filerRelation": "Promoter", "moneyText": "", "startDate": "2012-11-12", "ownership": "D"}, {"maxAge": 1, "shares": 7000, "filerUrl": "", "transactionText": "", "filerName": "Subhmangal Tracom Pvt Ltd", "filerRelation": "Institution- Corporation", "moneyText": "", "startDate": "2012-11-12", "ownership": "D"}, {"maxAge": 1, "shares": 14000, "filerUrl": "", "transactionText": "", "filerName": "Mazumder (Sumit)", "filerRelation": "Executive Vice Chairman", "moneyText": "", "startDate": "2012-11-12", "ownership": "D"}, {"maxAge": 1, "shares": 6000, "filerUrl": "", "transactionText": "", "filerName": "Marbellous Trading Pvt Ltd", "filerRelation": "Promoter", "moneyText": "", "startDate": "2012-11-12", "ownership": "D"}, {"maxAge": 1, "shares": 10500, "filerUrl": "", "transactionText": "", "filerName": "BP Commodities Pvt. Ltd.", "filerRelation": "Promoter", "moneyText": "", "startDate": "2012-11-12", "ownership": "D"}, {"maxAge": 1, "shares": 28000, "filerUrl": "", "transactionText": "", "filerName": "Mazumder (Sumit)", "filerRelation": "Executive Vice Chairman", "moneyText": "", "startDate": "2012-05-23", "ownership": "D"}, {"maxAge": 1, "shares": 9000, "filerUrl": "", "transactionText": "", "filerName": "Gokul Leasing & Finance Pvt Ltd", "filerRelation": "Institution- Corporation", "moneyText": "", "startDate": "2012-05-23", "ownership": "D"}, {"maxAge": 1, "shares": 37195, "filerUrl": "", "transactionText": "", "filerName": "Marbellous Trading Pvt Ltd", "filerRelation": "Promoter", "moneyText": "", "startDate": "2012-05-23", "ownership": "D"}, {"maxAge": 1, "shares": 28000, "filerUrl": "", "transactionText": "", "filerName": "Marbellous Trading Pvt Ltd", "filerRelation": "Promoter", "moneyText": "", "startDate": "2012-05-23", "ownership": "D"}, {"maxAge": 1, "shares": 240000, "filerUrl": "", "transactionText": "", "filerName": "Gokul Leasing & Finance Pvt Ltd", "filerRelation": "Institution- Corporation", "moneyText": "", "startDate": "2012-05-04", "ownership": "D"}, {"maxAge": 1, "shares": 60000, "filerUrl": "", "transactionText": "", "filerName": "Marbellous Trading Pvt Ltd", "filerRelation": "Promoter", "moneyText": "", "startDate": "2012-05-03", "ownership": "D"}, {"maxAge": 1, "shares": 2383, "filerUrl": "", "transactionText": "", "filerName": "SBIMF Magnum Sector Fund Umbrella Contra", "filerRelation": "Management Subsidary of bank", "moneyText": "", "startDate": "2011-07-14", "ownership": "D"}, {"maxAge": 1, "shares": 177033, "filerUrl": "", "transactionText": "", "filerName": "Life Insurance Corpoation of India", "filerRelation": "UNREPORTED", "moneyText": "", "startDate": "2010-02-08", "ownership": "D"}], "maxAge": 1}, "quoteType": {"exchange": "BSE", "quoteType": "EQUITY", "symbol": "TIL.BO", "underlyingSymbol": "TIL.BO", "shortName": "TIL LTD.", "longName": "TIL Limited", "firstTradeDateEpochUtc": "2001-10-18 09:15:00", "timeZoneFullName": "Asia/Kolkata", "timeZoneShortName": "IST", "uuid": "05ce4079-6ae6-3b63-bea3-c3cb189d5ec8", "messageBoardId": null, "gmtOffSetMilliseconds": 19800000, "maxAge": 1}, "incomeStatementHistory": {"incomeStatementHistory": [{"maxAge": 1, "endDate": "2020-03-31", "totalRevenue": 3770300000, "costOfRevenue": 2928400000, "grossProfit": 841900000, "researchDevelopment": {}, "sellingGeneralAdministrative": 761200000, "nonRecurring": {}, "otherOperatingExpenses": -61800000, "totalOperatingExpenses": 3760000000, "operatingIncome": 10300000, "totalOtherIncomeExpenseNet": -346600000, "ebit": 10300000, "interestExpense": -285000000, "incomeBeforeTax": -336300000, "incomeTaxExpense": -151300000, "minorityInterest": {}, "netIncomeFromContinuingOps": -185000000, "discontinuedOperations": {}, "extraordinaryItems": {}, "effectOfAccountingCharges": {}, "otherItems": {}, "netIncome": -185000000, "netIncomeApplicableToCommonShares": -185000000}, {"maxAge": 1, "endDate": "2019-03-31", "totalRevenue": 4390000000, "costOfRevenue": 2687300000, "grossProfit": 1702700000, "researchDevelopment": {}, "sellingGeneralAdministrative": 760400000, "nonRecurring": {}, "otherOperatingExpenses": 368600000, "totalOperatingExpenses": 3940400000, "operatingIncome": 449600000, "totalOtherIncomeExpenseNet": -240300000, "ebit": 449600000, "interestExpense": -223600000, "incomeBeforeTax": 209300000, "incomeTaxExpense": -22300000, "minorityInterest": {}, "netIncomeFromContinuingOps": 231600000, "discontinuedOperations": {}, "extraordinaryItems": {}, "effectOfAccountingCharges": {}, "otherItems": {}, "netIncome": 231600000, "netIncomeApplicableToCommonShares": 231600000}, {"maxAge": 1, "endDate": "2018-03-31", "totalRevenue": 3431700000, "costOfRevenue": 2020500000, "grossProfit": 1411200000, "researchDevelopment": {}, "sellingGeneralAdministrative": 620100000, "nonRecurring": {}, "otherOperatingExpenses": 425100000, "totalOperatingExpenses": 3182100000, "operatingIncome": 249600000, "totalOtherIncomeExpenseNet": -136400000, "ebit": 249600000, "interestExpense": -165600000, "incomeBeforeTax": 113200000, "incomeTaxExpense": 37400000, "minorityInterest": {}, "netIncomeFromContinuingOps": 75800000, "discontinuedOperations": {}, "extraordinaryItems": {}, "effectOfAccountingCharges": {}, "otherItems": {}, "netIncome": 75800000, "netIncomeApplicableToCommonShares": 75800000}, {"maxAge": 1, "endDate": "2017-03-31", "totalRevenue": 3081700000, "costOfRevenue": 1925300000, "grossProfit": 1156400000, "researchDevelopment": {}, "sellingGeneralAdministrative": 521200000, "nonRecurring": {}, "otherOperatingExpenses": 375500000, "totalOperatingExpenses": 2930000000, "operatingIncome": 151700000, "totalOtherIncomeExpenseNet": -1302900000, "ebit": 151700000, "interestExpense": -195600000, "incomeBeforeTax": -1151200000, "incomeTaxExpense": 15500000, "minorityInterest": {}, "netIncomeFromContinuingOps": -1166700000, "discontinuedOperations": 1414100000, "extraordinaryItems": {}, "effectOfAccountingCharges": {}, "otherItems": {}, "netIncome": 247400000, "netIncomeApplicableToCommonShares": 247400000}], "maxAge": 86400}, "fundOwnership": {"maxAge": 1, "ownershipList": []}, "summaryDetail": {"maxAge": 1, "priceHint": 2, "previousClose": 162.55, "open": 155.3, "dayLow": 155.3, "dayHigh": 168.0, "regularMarketPreviousClose": 162.55, "regularMarketOpen": 155.3, "regularMarketDayLow": 155.3, "regularMarketDayHigh": 168.0, "volume": 2625, "regularMarketVolume": 2625, "averageVolume": 2302, "averageVolume10days": 1139, "averageDailyVolume10Day": 1139, "bid": 162.05, "ask": 165.45, "bidSize": 0, "askSize": 0, "marketCap": 1657507072, "fiftyTwoWeekLow": 92.3, "fiftyTwoWeekHigh": 204.4, "fiftyDayAverage": 176.85442, "twoHundredDayAverage": 154.93896, "trailingAnnualDividendRate": 1.75, "trailingAnnualDividendYield": 0.010765918, "currency": "INR", "fromCurrency": null, "toCurrency": null, "lastMarket": null, "algorithm": null, "tradeable": false}, "sectorTrend": {"maxAge": 1, "symbol": null, "estimates": []}, "incomeStatementHistoryQuarterly": {"incomeStatementHistory": [{"maxAge": 1, "endDate": "2020-06-30", "totalRevenue": 450900000, "costOfRevenue": 351500000, "grossProfit": 99400000, "researchDevelopment": {}, "sellingGeneralAdministrative": 125000000, "nonRecurring": {}, "otherOperatingExpenses": 26600000, "totalOperatingExpenses": 532300000, "operatingIncome": -81400000, "totalOtherIncomeExpenseNet": -92400000, "ebit": -81400000, "interestExpense": -92400000, "incomeBeforeTax": -173800000, "incomeTaxExpense": -3200000, "minorityInterest": {}, "netIncomeFromContinuingOps": -170600000, "discontinuedOperations": {}, "extraordinaryItems": {}, "effectOfAccountingCharges": {}, "otherItems": {}, "netIncome": -170600000, "netIncomeApplicableToCommonShares": -170600000}, {"maxAge": 1, "endDate": "2020-03-31", "totalRevenue": 793500000, "costOfRevenue": 538600000, "grossProfit": 254900000, "researchDevelopment": {}, "sellingGeneralAdministrative": 195700000, "nonRecurring": {}, "otherOperatingExpenses": 288600000, "totalOperatingExpenses": 1055500000, "operatingIncome": -262000000, "totalOtherIncomeExpenseNet": -120500000, "ebit": -262000000, "interestExpense": -58900000, "incomeBeforeTax": -382500000, "incomeTaxExpense": -147000000, "minorityInterest": {}, "netIncomeFromContinuingOps": -235500000, "discontinuedOperations": {}, "extraordinaryItems": {}, "effectOfAccountingCharges": {}, "otherItems": {}, "netIncome": -235500000, "netIncomeApplicableToCommonShares": -235500000}, {"maxAge": 1, "endDate": "2019-12-31", "totalRevenue": 818900000, "costOfRevenue": 436800000, "grossProfit": 382100000, "researchDevelopment": {}, "sellingGeneralAdministrative": 185900000, "nonRecurring": {}, "otherOperatingExpenses": 81600000, "totalOperatingExpenses": 737600000, "operatingIncome": 81300000, "totalOtherIncomeExpenseNet": -77700000, "ebit": 81300000, "interestExpense": -77700000, "incomeBeforeTax": 3600000, "incomeTaxExpense": -2400000, "minorityInterest": {}, "netIncomeFromContinuingOps": 6000000, "discontinuedOperations": {}, "extraordinaryItems": {}, "effectOfAccountingCharges": {}, "otherItems": {}, "netIncome": 6000000, "netIncomeApplicableToCommonShares": 6000000}, {"maxAge": 1, "endDate": "2019-09-30", "totalRevenue": 1085200000, "costOfRevenue": 1294500000, "grossProfit": -209300000, "researchDevelopment": {}, "sellingGeneralAdministrative": 187100000, "nonRecurring": {}, "otherOperatingExpenses": -522300000, "totalOperatingExpenses": 994900000, "operatingIncome": 90300000, "totalOtherIncomeExpenseNet": -76700000, "ebit": 90300000, "interestExpense": -76700000, "incomeBeforeTax": 13600000, "incomeTaxExpense": 100000, "minorityInterest": {}, "netIncomeFromContinuingOps": 13500000, "discontinuedOperations": {}, "extraordinaryItems": {}, "effectOfAccountingCharges": {}, "otherItems": {}, "netIncome": 13500000, "netIncomeApplicableToCommonShares": 13500000}], "maxAge": 86400}, "cashflowStatementHistoryQuarterly": {"cashflowStatements": [{"maxAge": 1, "endDate": "2020-06-30", "netIncome": -170600000, "changeToLiabilities": 0}, {"maxAge": 1, "endDate": "2020-03-31", "netIncome": -235500000, "changeToLiabilities": 0}, {"maxAge": 1, "endDate": "2019-12-31", "netIncome": 6000000, "changeToLiabilities": 0}, {"maxAge": 1, "endDate": "2019-09-30", "netIncome": 13500000, "changeToLiabilities": 0}], "maxAge": 86400}, "insiderHolders": {"holders": [{"maxAge": 1, "name": "Ansuya Agencies Pvt Ltd", "relation": "Promoter", "url": "", "transactionDescription": "Acquisition", "latestTransDate": "2012-11-12", "positionDirect": 105500, "positionDirectDate": "2012-11-12"}, {"maxAge": 1, "name": "BP Commodities Pvt. Ltd.", "relation": "Promoter", "url": "", "transactionDescription": "Acquisition", "latestTransDate": "2012-11-12", "positionDirect": 282500, "positionDirectDate": "2012-11-12"}, {"maxAge": 1, "name": "Gokul Leasing & Finance Pvt Ltd", "relation": "Institution- Corporation", "url": "", "transactionDescription": "Acquisition", "latestTransDate": "2012-05-23", "positionDirect": 249000, "positionDirectDate": "2012-05-23"}, {"maxAge": 1, "name": "Life Insurance Corpoation of India", "relation": "UNREPORTED", "url": "", "transactionDescription": "Sale", "latestTransDate": "2010-02-08", "positionDirect": 1226082, "positionDirectDate": "2010-02-08"}, {"maxAge": 1, "name": "Marbellous Trading Pvt Ltd", "relation": "Promoter", "url": "", "transactionDescription": "Acquisition", "latestTransDate": "2012-11-12", "positionDirect": 502230, "positionDirectDate": "2012-11-12"}, {"maxAge": 1, "name": "Mazumder (Sumit)", "relation": "Executive Vice Chairman", "url": "", "transactionDescription": "Acquisition", "latestTransDate": "2012-11-12", "positionDirect": 66360, "positionDirectDate": "2012-11-12"}, {"maxAge": 1, "name": "SBIMF Magnum Sector Fund Umbrella Contra", "relation": "Management Subsidary of bank", "url": "", "transactionDescription": "Acquisition", "latestTransDate": "2011-07-14", "positionDirect": 501946, "positionDirectDate": "2011-07-14"}, {"maxAge": 1, "name": "Subhmangal Tracom Pvt Ltd", "relation": "Institution- Corporation", "url": "", "transactionDescription": "Acquisition", "latestTransDate": "2012-11-12", "positionDirect": 7000, "positionDirectDate": "2012-11-12"}], "maxAge": 1}, "earnings": {"maxAge": 86400, "earningsChart": {"quarterly": [], "earningsDate": ["2020-09-11 05:30:S"]}, "financialsChart": {"yearly": [{"date": 2017, "revenue": 3081700000, "earnings": 247400000}, {"date": 2018, "revenue": 3431700000, "earnings": 75800000}, {"date": 2019, "revenue": 4390000000, "earnings": 231600000}, {"date": 2020, "revenue": 3770300000, "earnings": -185000000}], "quarterly": [{"date": "3Q2019", "revenue": 1085200000, "earnings": 13500000}, {"date": "4Q2019", "revenue": 818900000, "earnings": 6000000}, {"date": "1Q2020", "revenue": 793500000, "earnings": -235500000}, {"date": "2Q2020", "revenue": 450900000, "earnings": -170600000}]}, "financialCurrency": "INR"}, "calendarEvents": {"maxAge": 1, "earnings": {"earningsDate": ["2020-09-11 05:30:S"]}}, "price": {"maxAge": 1, "regularMarketChangePercent": 0.016610255, "regularMarketChange": 2.699997, "regularMarketTime": "2021-04-30 15:29:48", "priceHint": 2, "regularMarketPrice": 165.25, "regularMarketDayHigh": 168.0, "regularMarketDayLow": 155.3, "regularMarketVolume": 2625, "averageDailyVolume10Day": 1139, "averageDailyVolume3Month": 2302, "regularMarketPreviousClose": 162.55, "regularMarketSource": "FREE_REALTIME", "regularMarketOpen": 155.3, "exchange": "BSE", "exchangeName": "BSE", "exchangeDataDelayedBy": 0, "marketState": "CLOSED", "quoteType": "EQUITY", "symbol": "TIL.BO", "underlyingSymbol": null, "shortName": "TIL LTD.", "longName": "TIL Limited", "currency": "INR", "quoteSourceName": "Delayed Quote", "currencySymbol": "\u20b9", "fromCurrency": null, "toCurrency": null, "lastMarket": null, "marketCap": 1657507072}, "balanceSheetHistory": {"balanceSheetStatements": [{"maxAge": 1, "endDate": "2020-03-31", "cash": 97700000, "netReceivables": 2140900000, "inventory": 2349300000, "otherCurrentAssets": 152000000, "totalCurrentAssets": 4762400000, "longTermInvestments": 281700000, "propertyPlantEquipment": 1719200000, "intangibleAssets": 22400000, "otherAssets": 580000000, "deferredLongTermAssetCharges": 425700000, "totalAssets": 7365700000, "accountsPayable": 1179100000, "shortLongTermDebt": 81400000, "otherCurrentLiab": 132700000, "longTermDebt": 301600000, "otherLiab": 53500000, "totalCurrentLiabilities": 4001300000, "totalLiab": 4374300000, "commonStock": 100300000, "retainedEarnings": 2283900000, "treasuryStock": 413800000, "capitalSurplus": 193400000, "otherStockholderEquity": 413800000, "totalStockholderEquity": 2991400000, "netTangibleAssets": 2969000000}, {"maxAge": 1, "endDate": "2019-03-31", "cash": 83500000, "netReceivables": 1893100000, "inventory": 2533200000, "otherCurrentAssets": 278600000, "totalCurrentAssets": 4806000000, "longTermInvestments": 134000000, "propertyPlantEquipment": 1347700000, "intangibleAssets": 48700000, "otherAssets": 805600000, "deferredLongTermAssetCharges": 273500000, "totalAssets": 7142000000, "accountsPayable": 1100000000, "shortLongTermDebt": 4600000, "otherCurrentLiab": 843400000, "longTermDebt": 6100000, "otherLiab": 50000000, "totalCurrentLiabilities": 3906700000, "totalLiab": 3962800000, "commonStock": 100300000, "retainedEarnings": 2490700000, "treasuryStock": 394800000, "capitalSurplus": 193400000, "otherStockholderEquity": 394800000, "totalStockholderEquity": 3179200000, "netTangibleAssets": 3130500000}, {"maxAge": 1, "endDate": "2018-03-31", "cash": 182900000, "netReceivables": 1235800000, "inventory": 2455400000, "otherCurrentAssets": 361000000, "totalCurrentAssets": 4255700000, "longTermInvestments": 38700000, "propertyPlantEquipment": 1318900000, "intangibleAssets": 74000000, "otherAssets": 746400000, "deferredLongTermAssetCharges": 191900000, "totalAssets": 6433700000, "accountsPayable": 812600000, "shortLongTermDebt": 3900000, "otherCurrentLiab": 827500000, "longTermDebt": 9200000, "otherLiab": 47700000, "totalCurrentLiabilities": 3375800000, "totalLiab": 3432700000, "commonStock": 100300000, "retainedEarnings": 2329000000, "treasuryStock": 378300000, "capitalSurplus": 193400000, "otherStockholderEquity": 378300000, "totalStockholderEquity": 3001000000, "netTangibleAssets": 2927000000}, {"maxAge": 1, "endDate": "2017-03-31", "cash": 149200000, "netReceivables": 790900000, "inventory": 1851300000, "otherCurrentAssets": 354100000, "totalCurrentAssets": 3154100000, "longTermInvestments": 180800000, "propertyPlantEquipment": 1401200000, "intangibleAssets": 47600000, "otherAssets": 690900000, "deferredLongTermAssetCharges": 190500000, "totalAssets": 5474600000, "accountsPayable": 755500000, "shortLongTermDebt": 171600000, "otherCurrentLiab": 975200000, "longTermDebt": 149700000, "otherLiab": 31500000, "totalCurrentLiabilities": 2289400000, "totalLiab": 2470600000, "commonStock": 100300000, "retainedEarnings": 2297600000, "treasuryStock": 412700000, "capitalSurplus": 193400000, "otherStockholderEquity": 412700000, "totalStockholderEquity": 3004000000, "netTangibleAssets": 2956400000}], "maxAge": 86400}, "earningsTrend": {"trend": [{"maxAge": 1, "period": "0q", "endDate": null, "growth": {}, "earningsEstimate": {"avg": 0.0, "low": 0.0, "high": 0.0, "yearAgoEps": {}, "numberOfAnalysts": 0, "growth": {}}, "revenueEstimate": {"avg": 0, "low": 0, "high": 0, "numberOfAnalysts": 0, "yearAgoRevenue": {}, "growth": {}}, "epsTrend": {"current": 0.0, "7daysAgo": 0.0, "30daysAgo": 0.0, "60daysAgo": 0.0, "90daysAgo": 0.0}, "epsRevisions": {"upLast7days": 0, "upLast30days": 0, "downLast30days": 0, "downLast90days": {}}}, {"maxAge": 1, "period": "+1q", "endDate": null, "growth": {}, "earningsEstimate": {"avg": 0.0, "low": 0.0, "high": 0.0, "yearAgoEps": {}, "numberOfAnalysts": 0, "growth": {}}, "revenueEstimate": {"avg": 0, "low": 0, "high": 0, "numberOfAnalysts": 0, "yearAgoRevenue": {}, "growth": {}}, "epsTrend": {"current": 0.0, "7daysAgo": 0.0, "30daysAgo": 0.0, "60daysAgo": 0.0, "90daysAgo": 0.0}, "epsRevisions": {"upLast7days": 0, "upLast30days": 0, "downLast30days": 0, "downLast90days": {}}}, {"maxAge": 1, "period": "0y", "endDate": null, "growth": {}, "earningsEstimate": {"avg": 0.0, "low": 0.0, "high": 0.0, "yearAgoEps": {}, "numberOfAnalysts": 0, "growth": {}}, "revenueEstimate": {"avg": 0, "low": 0, "high": 0, "numberOfAnalysts": 0, "yearAgoRevenue": {}, "growth": {}}, "epsTrend": {"current": 0.0, "7daysAgo": 0.0, "30daysAgo": 0.0, "60daysAgo": 0.0, "90daysAgo": 0.0}, "epsRevisions": {"upLast7days": 0, "upLast30days": 0, "downLast30days": 0, "downLast90days": {}}}, {"maxAge": 1, "period": "+1y", "endDate": null, "growth": {}, "earningsEstimate": {"avg": 0.0, "low": 0.0, "high": 0.0, "yearAgoEps": {}, "numberOfAnalysts": 0, "growth": {}}, "revenueEstimate": {"avg": 0, "low": 0, "high": 0, "numberOfAnalysts": 0, "yearAgoRevenue": {}, "growth": {}}, "epsTrend": {"current": 0.0, "7daysAgo": 0.0, "30daysAgo": 0.0, "60daysAgo": 0.0, "90daysAgo": 0.0}, "epsRevisions": {"upLast7days": 0, "upLast30days": 0, "downLast30days": 0, "downLast90days": {}}}, {"maxAge": 1, "period": "+5y", "endDate": null, "growth": {}, "earningsEstimate": {"avg": {}, "low": {}, "high": {}, "yearAgoEps": {}, "numberOfAnalysts": {}, "growth": {}}, "revenueEstimate": {"avg": {}, "low": {}, "high": {}, "numberOfAnalysts": {}, "yearAgoRevenue": {}, "growth": {}}, "epsTrend": {"current": {}, "7daysAgo": {}, "30daysAgo": {}, "60daysAgo": {}, "90daysAgo": {}}, "epsRevisions": {"upLast7days": {}, "upLast30days": {}, "downLast30days": {}, "downLast90days": {}}}, {"maxAge": 1, "period": "-5y", "endDate": null, "growth": {}, "earningsEstimate": {"avg": {}, "low": {}, "high": {}, "yearAgoEps": {}, "numberOfAnalysts": {}, "growth": {}}, "revenueEstimate": {"avg": {}, "low": {}, "high": {}, "numberOfAnalysts": {}, "yearAgoRevenue": {}, "growth": {}}, "epsTrend": {"current": {}, "7daysAgo": {}, "30daysAgo": {}, "60daysAgo": {}, "90daysAgo": {}}, "epsRevisions": {"upLast7days": {}, "upLast30days": {}, "downLast30days": {}, "downLast90days": {}}}], "maxAge": 1}, "financialData": {"maxAge": 86400, "currentPrice": 165.25, "targetHighPrice": 450.0, "targetLowPrice": 450.0, "targetMeanPrice": 450.0, "targetMedianPrice": 450.0, "recommendationKey": "none", "numberOfAnalystOpinions": 1, "grossProfits": 841900000, "financialCurrency": "INR"}}}