{"TILAK.BO": {"cashflowStatementHistory": {"cashflowStatements": [{"maxAge": 1, "endDate": "2020-03-31", "netIncome": 2705612, "changeToNetincome": 6389970, "changeToAccountReceivables": 818, "changeToLiabilities": -1273, "changeToOperatingActivities": -4475125, "totalCashFromOperatingActivities": 4620002, "investments": 25787213, "otherCashflowsFromInvestingActivities": 4993377, "totalCashflowsFromInvestingActivities": 30780590, "netBorrowings": 1260000, "otherCashflowsFromFinancingActivities": -1400000, "totalCashFromFinancingActivities": -140000, "changeInCash": 35260592}, {"maxAge": 1, "endDate": "2019-03-31", "netIncome": -26858931, "depreciation": 5566, "changeToNetincome": 37323540, "changeToAccountReceivables": 1227177, "changeToLiabilities": -4920, "changeToOperatingActivities": 18454545, "totalCashFromOperatingActivities": 30146977, "investments": -16075307, "otherCashflowsFromInvestingActivities": 3277068, "totalCashflowsFromInvestingActivities": -12798239, "netBorrowings": 1620000, "otherCashflowsFromFinancingActivities": -1806164, "totalCashFromFinancingActivities": -186164, "changeInCash": 17162574}, {"maxAge": 1, "endDate": "2018-03-31", "netIncome": -25593170, "depreciation": 6612, "changeToNetincome": 8553034, "changeToAccountReceivables": 60104814, "changeToLiabilities": -34249846, "changeToOperatingActivities": -35545070, "totalCashFromOperatingActivities": -26723626, "investments": 18081880, "otherCashflowsFromInvestingActivities": 2490012, "totalCashflowsFromInvestingActivities": 20571892, "netBorrowings": 644794, "otherCashflowsFromFinancingActivities": -2272481, "totalCashFromFinancingActivities": -1627687, "changeInCash": -7779422}, {"maxAge": 1, "endDate": "2017-03-31", "netIncome": -19206774, "depreciation": 6612, "changeToNetincome": 18109736, "changeToAccountReceivables": 60104814, "changeToLiabilities": 34350346, "changeToOperatingActivities": -16051655, "totalCashFromOperatingActivities": 17208265, "investments": -31059295, "otherCashflowsFromInvestingActivities": 6127196, "totalCashflowsFromInvestingActivities": -18429735, "netBorrowings": 644794, "otherCashflowsFromFinancingActivities": -2272481, "totalCashFromFinancingActivities": -1627687, "changeInCash": 5591420}], "maxAge": 86400}, "institutionOwnership": {"maxAge": 1, "ownershipList": []}, "balanceSheetHistoryQuarterly": {"balanceSheetStatements": [{"maxAge": 1, "endDate": "2020-06-30", "totalStockholderEquity": 238492778, "netTangibleAssets": 238490224}, {"maxAge": 1, "endDate": "2020-03-31", "cash": 54527780, "netReceivables": 118828709, "otherCurrentAssets": 7571376, "totalCurrentAssets": 262519290, "propertyPlantEquipment": 3115, "intangibleAssets": 2554, "otherAssets": 1, "totalAssets": 262524960, "accountsPayable": 94307, "totalCurrentLiabilities": 24032182, "totalLiab": 24032182, "commonStock": 128480000, "retainedEarnings": -77480881, "treasuryStock": -5641341, "capitalSurplus": 193135000, "otherStockholderEquity": -5641341, "totalStockholderEquity": 238492778, "netTangibleAssets": 238490224}, {"maxAge": 1, "endDate": "2019-12-31", "totalStockholderEquity": 250807500, "netTangibleAssets": 250807500}, {"maxAge": 1, "endDate": "2019-09-30", "cash": 996800, "netReceivables": 193625500, "otherCurrentAssets": 4176800, "totalCurrentAssets": 198799100, "longTermInvestments": 89841900, "propertyPlantEquipment": 5700, "otherAssets": 2932300, "deferredLongTermAssetCharges": 2932300, "totalAssets": 291579000, "accountsPayable": 192100, "otherCurrentLiab": 18059400, "totalCurrentLiabilities": 40771500, "totalLiab": 40771500, "commonStock": 128480000, "treasuryStock": 122327500, "otherStockholderEquity": 122327500, "totalStockholderEquity": 250807500, "netTangibleAssets": 250807500}], "maxAge": 86400}, "indexTrend": {"maxAge": 1, "symbol": "SP5", "peRatio": 19.7411, "pegRatio": 1.34172, "estimates": [{"period": "0q", "growth": 0.549}, {"period": "+1q", "growth": 0.431}, {"period": "0y", "growth": 0.305}, {"period": "+1y", "growth": 0.109}, {"period": "+5y", "growth": 0.120859005}, {"period": "-5y"}]}, "insiderTransactions": {"transactions": [{"maxAge": 1, "shares": 639424, "filerUrl": "", "transactionText": "", "filerName": "Handful Investrade Pvt Ltd", "filerRelation": "Promoter", "moneyText": "", "startDate": "2020-06-10", "ownership": "D"}], "maxAge": 1}, "quoteType": {"exchange": "BSE", "quoteType": "EQUITY", "symbol": "TILAK.BO", "underlyingSymbol": "TILAK.BO", "shortName": "Tilak Ventures Limited", "longName": "Tilak Ventures Limited", "firstTradeDateEpochUtc": "2010-07-29 09:15:00", "timeZoneFullName": "Asia/Kolkata", "timeZoneShortName": "IST", "uuid": "56bf26f2-966e-3e9d-88e5-5dbc702b9bf6", "messageBoardId": null, "gmtOffSetMilliseconds": 19800000, "maxAge": 1}, "incomeStatementHistory": {"incomeStatementHistory": [{"maxAge": 1, "endDate": "2020-03-31", "totalRevenue": 180120446, "costOfRevenue": 162420179, "grossProfit": 17700267, "researchDevelopment": {}, "sellingGeneralAdministrative": 1210813, "nonRecurring": {}, "otherOperatingExpenses": 11929005, "totalOperatingExpenses": 175559997, "operatingIncome": 4560449, "totalOtherIncomeExpenseNet": -1332066, "ebit": 4560449, "interestExpense": -1400000, "incomeBeforeTax": 3228383, "incomeTaxExpense": 522771, "minorityInterest": {}, "netIncomeFromContinuingOps": 2705612, "discontinuedOperations": {}, "extraordinaryItems": {}, "effectOfAccountingCharges": {}, "otherItems": {}, "netIncome": 2705612, "netIncomeApplicableToCommonShares": 2705612}, {"maxAge": 1, "endDate": "2019-03-31", "totalRevenue": 214688545, "costOfRevenue": 197829397, "grossProfit": 16859148, "researchDevelopment": {}, "sellingGeneralAdministrative": 1740799, "nonRecurring": {}, "otherOperatingExpenses": 38990761, "totalOperatingExpenses": 238566523, "operatingIncome": -23877978, "totalOtherIncomeExpenseNet": -1746882, "ebit": -23877978, "interestExpense": -1806164, "incomeBeforeTax": -25624860, "incomeTaxExpense": 1234071, "minorityInterest": {}, "netIncomeFromContinuingOps": -26858931, "discontinuedOperations": {}, "extraordinaryItems": {}, "effectOfAccountingCharges": {}, "otherItems": {}, "netIncome": -26858931, "netIncomeApplicableToCommonShares": -26858931}, {"maxAge": 1, "endDate": "2018-03-31", "totalRevenue": 127951191, "costOfRevenue": 130778200, "grossProfit": -2827009, "researchDevelopment": {}, "sellingGeneralAdministrative": 836598, "nonRecurring": {}, "otherOperatingExpenses": 19221340, "totalOperatingExpenses": 150842750, "operatingIncome": -22891559, "totalOtherIncomeExpenseNet": -2266181, "ebit": -22891559, "interestExpense": -2272481, "incomeBeforeTax": -25157740, "incomeTaxExpense": 435430, "minorityInterest": {}, "netIncomeFromContinuingOps": -25593170, "discontinuedOperations": {}, "extraordinaryItems": {}, "effectOfAccountingCharges": {}, "otherItems": {}, "netIncome": -25593170, "netIncomeApplicableToCommonShares": -25593170}, {"maxAge": 1, "endDate": "2017-03-31", "totalRevenue": 62580824, "costOfRevenue": 78176580, "grossProfit": -15595756, "researchDevelopment": {}, "sellingGeneralAdministrative": 1378606, "nonRecurring": {}, "otherOperatingExpenses": 1968817, "totalOperatingExpenses": 81530615, "operatingIncome": -18949791, "totalOtherIncomeExpenseNet": -249140, "ebit": -18949791, "interestExpense": -285612, "incomeBeforeTax": -19198931, "incomeTaxExpense": 7843, "minorityInterest": {}, "netIncomeFromContinuingOps": -19206774, "discontinuedOperations": {}, "extraordinaryItems": {}, "effectOfAccountingCharges": {}, "otherItems": {}, "netIncome": -19206774, "netIncomeApplicableToCommonShares": -19206774}], "maxAge": 86400}, "fundOwnership": {"maxAge": 1, "ownershipList": []}, "summaryDetail": {"maxAge": 1, "priceHint": 4, "previousClose": 2.85, "open": 2.97, "dayLow": 2.71, "dayHigh": 2.97, "regularMarketPreviousClose": 2.85, "regularMarketOpen": 2.97, "regularMarketDayLow": 2.71, "regularMarketDayHigh": 2.97, "volume": 12690, "regularMarketVolume": 12690, "averageVolume": 12808, "averageVolume10days": 16302, "averageDailyVolume10Day": 16302, "bid": 0.0, "ask": 2.71, "bidSize": 0, "askSize": 0, "marketCap": 370022400, "fiftyTwoWeekLow": 1.13, "fiftyTwoWeekHigh": 4.95, "fiftyDayAverage": 2.3125715, "twoHundredDayAverage": 2.5837226, "currency": "INR", "fromCurrency": null, "toCurrency": null, "lastMarket": null, "algorithm": null, "tradeable": false}, "incomeStatementHistoryQuarterly": {"incomeStatementHistory": [{"maxAge": 1, "endDate": "2020-06-30", "totalRevenue": 2681900, "costOfRevenue": 0, "grossProfit": 2681900, "researchDevelopment": {}, "sellingGeneralAdministrative": 42900, "nonRecurring": {}, "otherOperatingExpenses": 354200, "totalOperatingExpenses": 168600, "operatingIncome": 2513300, "totalOtherIncomeExpenseNet": -300, "ebit": 2513300, "interestExpense": {}, "incomeBeforeTax": 2513000, "incomeTaxExpense": 0, "minorityInterest": {}, "netIncomeFromContinuingOps": 2513000, "discontinuedOperations": {}, "extraordinaryItems": {}, "effectOfAccountingCharges": {}, "otherItems": {}, "netIncome": 2513000, "netIncomeApplicableToCommonShares": 2513000}, {"maxAge": 1, "endDate": "2020-03-31", "totalRevenue": 167809446, "costOfRevenue": 162420179, "grossProfit": 5389267, "researchDevelopment": {}, "sellingGeneralAdministrative": 304513, "nonRecurring": {}, "otherOperatingExpenses": 10031605, "totalOperatingExpenses": 172620197, "operatingIncome": -4810751, "totalOtherIncomeExpenseNet": -1332066, "ebit": -4810751, "interestExpense": -1400000, "incomeBeforeTax": -6142817, "incomeTaxExpense": 522771, "minorityInterest": {}, "netIncomeFromContinuingOps": -6665588, "discontinuedOperations": {}, "extraordinaryItems": {}, "effectOfAccountingCharges": {}, "otherItems": {}, "netIncome": -6665588, "netIncomeApplicableToCommonShares": -6665588}, {"maxAge": 1, "endDate": "2019-12-31", "totalRevenue": 5411600, "costOfRevenue": 0, "grossProfit": 5411600, "researchDevelopment": {}, "sellingGeneralAdministrative": 218400, "nonRecurring": {}, "otherOperatingExpenses": 161000, "totalOperatingExpenses": 6548900, "operatingIncome": -1137300, "totalOtherIncomeExpenseNet": 0, "ebit": -1137300, "interestExpense": -1400000, "incomeBeforeTax": -1137300, "incomeTaxExpense": 0, "minorityInterest": {}, "netIncomeFromContinuingOps": -1137300, "discontinuedOperations": {}, "extraordinaryItems": {}, "effectOfAccountingCharges": {}, "otherItems": {}, "netIncome": -1137300, "netIncomeApplicableToCommonShares": -1137300}, {"maxAge": 1, "endDate": "2019-09-30", "totalRevenue": 1768500, "costOfRevenue": 0, "grossProfit": 1768500, "researchDevelopment": {}, "sellingGeneralAdministrative": 316100, "nonRecurring": {}, "otherOperatingExpenses": 140600, "totalOperatingExpenses": 566000, "operatingIncome": 1202500, "totalOtherIncomeExpenseNet": -100, "ebit": 1202500, "interestExpense": -1400000, "incomeBeforeTax": 1202400, "incomeTaxExpense": 0, "minorityInterest": {}, "netIncomeFromContinuingOps": 1202400, "discontinuedOperations": {}, "extraordinaryItems": {}, "effectOfAccountingCharges": {}, "otherItems": {}, "netIncome": 1202400, "netIncomeApplicableToCommonShares": 1202400}], "maxAge": 86400}, "cashflowStatementHistoryQuarterly": {"cashflowStatements": [{"maxAge": 1, "endDate": "2020-06-30", "netIncome": 2513000, "changeToLiabilities": 0}, {"maxAge": 1, "endDate": "2020-03-31", "netIncome": -6665588, "changeToLiabilities": 0}, {"maxAge": 1, "endDate": "2019-12-31", "netIncome": -1137300, "changeToLiabilities": 0}, {"maxAge": 1, "endDate": "2019-09-30", "netIncome": 1202400, "changeToLiabilities": 0}], "maxAge": 86400}, "insiderHolders": {"holders": [{"maxAge": 1, "name": "Handful Investrade Pvt Ltd", "relation": "Promoter", "url": "", "transactionDescription": "Acquisition", "latestTransDate": "2020-06-10", "positionDirect": 9484562, "positionDirectDate": "2020-06-10"}], "maxAge": 1}, "calendarEvents": {"maxAge": 1, "earnings": {"earningsDate": ["2020-09-14 05:30:S"]}}, "price": {"maxAge": 1, "regularMarketChangePercent": 0.01052639, "regularMarketChange": 0.03000021, "regularMarketTime": "2021-04-30 14:00:26", "priceHint": 4, "regularMarketPrice": 2.88, "regularMarketDayHigh": 2.97, "regularMarketDayLow": 2.71, "regularMarketVolume": 12690, "averageDailyVolume10Day": 16302, "averageDailyVolume3Month": 12808, "regularMarketPreviousClose": 2.85, "regularMarketSource": "FREE_REALTIME", "regularMarketOpen": 2.97, "exchange": "BSE", "exchangeName": "BSE", "exchangeDataDelayedBy": 0, "marketState": "CLOSED", "quoteType": "EQUITY", "symbol": "TILAK.BO", "underlyingSymbol": null, "shortName": "Tilak Ventures Limited", "longName": "Tilak Ventures Limited", "currency": "INR", "quoteSourceName": "Delayed Quote", "currencySymbol": "\u20b9", "fromCurrency": null, "toCurrency": null, "lastMarket": null, "marketCap": 370022400}, "balanceSheetHistory": {"balanceSheetStatements": [{"maxAge": 1, "endDate": "2020-03-31", "cash": 54527780, "netReceivables": 118828709, "otherCurrentAssets": 7571376, "totalCurrentAssets": 262519290, "propertyPlantEquipment": 3115, "intangibleAssets": 2554, "otherAssets": 1, "totalAssets": 262524960, "accountsPayable": 94307, "totalCurrentLiabilities": 24032182, "totalLiab": 24032182, "commonStock": 128480000, "retainedEarnings": -77480881, "treasuryStock": -5641341, "capitalSurplus": 193135000, "otherStockholderEquity": -5641341, "totalStockholderEquity": 238492778, "netTangibleAssets": 238490224}, {"maxAge": 1, "endDate": "2019-03-31", "cash": 19267188, "netReceivables": 124553805, "otherCurrentAssets": 6773976, "totalCurrentAssets": 264187999, "propertyPlantEquipment": 3115, "intangibleAssets": 2554, "totalAssets": 264193668, "accountsPayable": 95580, "totalCurrentLiabilities": 22806855, "totalLiab": 22806855, "commonStock": 128480000, "retainedEarnings": -76285350, "treasuryStock": -3942837, "capitalSurplus": 193135000, "otherStockholderEquity": -3942837, "totalStockholderEquity": 241386813, "netTangibleAssets": 241384259}, {"maxAge": 1, "endDate": "2018-03-31", "cash": 2104614, "netReceivables": 182535949, "otherCurrentAssets": 6697484, "totalCurrentAssets": 294100938, "propertyPlantEquipment": 8681, "intangibleAssets": 2554, "otherAssets": 1, "totalAssets": 294112174, "accountsPayable": 100500, "totalCurrentLiabilities": 21342739, "totalLiab": 21342739, "commonStock": 128480000, "retainedEarnings": -48518285, "treasuryStock": -327280, "capitalSurplus": 193135000, "otherStockholderEquity": -327280, "totalStockholderEquity": 272769435, "netTangibleAssets": 272766881}, {"maxAge": 1, "endDate": "2017-03-31", "cash": 9884035, "netReceivables": 216651186, "otherCurrentAssets": 2603887, "totalCurrentAssets": 348076503, "propertyPlantEquipment": 15293, "intangibleAssets": 2553, "totalAssets": 348094349, "accountsPayable": 34350346, "otherCurrentLiab": 4737367, "otherLiab": 1, "totalCurrentLiabilities": 59342919, "totalLiab": 59342920, "commonStock": 128480000, "retainedEarnings": -49855430, "treasuryStock": 16991859, "capitalSurplus": 193135000, "otherStockholderEquity": 16991859, "totalStockholderEquity": 288751429, "netTangibleAssets": 288748876}], "maxAge": 86400}, "financialData": {"maxAge": 86400, "currentPrice": 2.88, "recommendationKey": "none", "grossProfits": 17700267, "financialCurrency": "INR"}}}