{"TIMETECHNO.BO": {"recommendationTrend": {"trend": [{"period": "0m", "strongBuy": 0, "buy": 0, "hold": 0, "sell": 0, "strongSell": 0}, {"period": "-1m", "strongBuy": 0, "buy": 0, "hold": 0, "sell": 0, "strongSell": 0}, {"period": "-2m", "strongBuy": 0, "buy": 0, "hold": 0, "sell": 0, "strongSell": 0}, {"period": "-3m", "strongBuy": 0, "buy": 0, "hold": 0, "sell": 0, "strongSell": 0}], "maxAge": 86400}, "cashflowStatementHistory": {"cashflowStatements": [{"maxAge": 1, "endDate": "2020-03-31", "netIncome": 1691236000, "depreciation": 1559281000, "changeToNetincome": 1224864000, "changeToAccountReceivables": -861419000, "changeToLiabilities": -401154000, "changeToInventory": -203875000, "totalCashFromOperatingActivities": 3011788000, "capitalExpenditures": -1376116000, "otherCashflowsFromInvestingActivities": 1000, "totalCashflowsFromInvestingActivities": -1376002000, "dividendsPaid": -210357000, "netBorrowings": -141664000, "otherCashflowsFromFinancingActivities": -1125215000, "totalCashFromFinancingActivities": -1477236000, "changeInCash": 158549000}, {"maxAge": 1, "endDate": "2019-03-31", "netIncome": 2027372000, "depreciation": 1459555000, "changeToNetincome": 1294492000, "changeToAccountReceivables": -1246452000, "changeToLiabilities": 241610000, "changeToInventory": -963859000, "totalCashFromOperatingActivities": 2814626000, "capitalExpenditures": -2327749000, "otherCashflowsFromInvestingActivities": 1000, "totalCashflowsFromInvestingActivities": -2305410000, "dividendsPaid": -187743000, "netBorrowings": 629543000, "otherCashflowsFromFinancingActivities": -1024697000, "totalCashFromFinancingActivities": -582897000, "changeInCash": -73682000}, {"maxAge": 1, "endDate": "2018-03-31", "netIncome": 1803632000, "depreciation": 1369568000, "changeToNetincome": 1047651000, "changeToAccountReceivables": -1102580000, "changeToLiabilities": 847580000, "changeToInventory": -935820000, "totalCashFromOperatingActivities": 3032943000, "capitalExpenditures": -2466336000, "otherCashflowsFromInvestingActivities": 1000, "totalCashflowsFromInvestingActivities": -2441505000, "dividendsPaid": -152845000, "netBorrowings": 548266000, "otherCashflowsFromFinancingActivities": -902926000, "totalCashFromFinancingActivities": -507505000, "changeInCash": 83932000}, {"maxAge": 1, "endDate": "2017-03-31", "netIncome": 1470984000, "depreciation": 1154984000, "changeToNetincome": 681528000, "changeToAccountReceivables": -1017511000, "changeToLiabilities": 203083000, "changeToInventory": -638341000, "totalCashFromOperatingActivities": 1879782000, "capitalExpenditures": -2123552000, "otherCashflowsFromInvestingActivities": 1000, "totalCashflowsFromInvestingActivities": -2118988000, "dividendsPaid": -120440000, "netBorrowings": -240313000, "otherCashflowsFromFinancingActivities": -922649000, "totalCashFromFinancingActivities": 193087000, "changeInCash": -46119000, "issuanceOfStock": 1476489000}], "maxAge": 86400}, "institutionOwnership": {"maxAge": 1, "ownershipList": []}, "balanceSheetHistoryQuarterly": {"balanceSheetStatements": [{"maxAge": 1, "endDate": "2020-06-30", "totalStockholderEquity": 18150795000, "netTangibleAssets": 18146866000}, {"maxAge": 1, "endDate": "2020-03-31", "cash": 595827000, "shortTermInvestments": 222837000, "netReceivables": 9046285000, "inventory": 7576563000, "otherCurrentAssets": 1480376000, "totalCurrentAssets": 19049796000, "propertyPlantEquipment": 14295707000, "intangibleAssets": 3929000, "otherAssets": 293916000, "totalAssets": 33643348000, "accountsPayable": 4435456000, "shortLongTermDebt": 696529000, "otherCurrentLiab": 662583000, "longTermDebt": 3314573000, "otherLiab": 792136000, "minorityInterest": 521611000, "totalCurrentLiabilities": 10283375000, "totalLiab": 14970942000, "commonStock": 226147000, "retainedEarnings": 14694090000, "treasuryStock": 286534000, "capitalSurplus": 2944024000, "otherStockholderEquity": 286534000, "totalStockholderEquity": 18150795000, "netTangibleAssets": 18146866000}, {"maxAge": 1, "endDate": "2019-12-31", "totalStockholderEquity": 17272398000, "netTangibleAssets": 17267914000}, {"maxAge": 1, "endDate": "2019-09-30", "cash": 774132000, "netReceivables": 7742761000, "inventory": 7275620000, "otherCurrentAssets": 2237348000, "totalCurrentAssets": 18029861000, "propertyPlantEquipment": 14002958000, "intangibleAssets": 4484000, "otherAssets": 287087000, "totalAssets": 32324390000, "accountsPayable": 3990586000, "shortLongTermDebt": 1021711000, "otherCurrentLiab": 811032000, "longTermDebt": 3375627000, "otherLiab": 781508000, "minorityInterest": 485279000, "totalCurrentLiabilities": 10026928000, "totalLiab": 14566713000, "commonStock": 226147000, "treasuryStock": 17046251000, "otherStockholderEquity": 17046251000, "totalStockholderEquity": 17272398000, "netTangibleAssets": 17267914000}], "maxAge": 86400}, "earningsHistory": {"history": [{"maxAge": 1, "epsActual": 2.07, "epsEstimate": 1.94, "epsDifference": 0.13, "surprisePercent": 0.067, "quarter": "2017-12-31", "period": "-4q"}, {"maxAge": 1, "epsActual": 2.45, "epsEstimate": 2.38, "epsDifference": 0.07, "surprisePercent": 0.029000001, "quarter": "2018-03-31", "period": "-3q"}, {"maxAge": 1, "epsActual": 1.91, "epsEstimate": 1.91, "epsDifference": 0.0, "surprisePercent": 0.0, "quarter": "2018-06-30", "period": "-2q"}, {"maxAge": 1, "epsActual": 1.4, "epsEstimate": 1.95, "epsDifference": -0.55, "surprisePercent": -0.282, "quarter": "2018-09-30", "period": "-1q"}], "maxAge": 86400}, "indexTrend": {"maxAge": 1, "symbol": "SP5", "peRatio": 19.7411, "pegRatio": 1.34172, "estimates": [{"period": "0q", "growth": 0.549}, {"period": "+1q", "growth": 0.431}, {"period": "0y", "growth": 0.305}, {"period": "+1y", "growth": 0.109}, {"period": "+5y", "growth": 0.120865}, {"period": "-5y"}]}, "industryTrend": {"maxAge": 1, "symbol": null, "estimates": []}, "insiderTransactions": {"transactions": [{"maxAge": 1, "shares": 29067, "filerUrl": "", "transactionText": "", "filerName": "Vageria (Aruna)", "filerRelation": "UNREPORTED", "moneyText": "", "startDate": "2020-03-31", "ownership": "D"}, {"maxAge": 1, "shares": 18197, "filerUrl": "", "transactionText": "", "filerName": "Vageria (Aruna)", "filerRelation": "UNREPORTED", "moneyText": "", "startDate": "2020-03-19", "ownership": "D"}, {"maxAge": 1, "shares": 52736, "filerUrl": "", "transactionText": "", "filerName": "Vageria (Aruna)", "filerRelation": "UNREPORTED", "moneyText": "", "startDate": "2020-03-18", "ownership": "D"}, {"maxAge": 1, "shares": 38238, "filerUrl": "", "transactionText": "", "filerName": "Time Exports Pvt. Ltd.", "filerRelation": "Promoter", "moneyText": "", "startDate": "2020-03-09", "ownership": "D"}, {"maxAge": 1, "shares": 18533, "filerUrl": "", "transactionText": "", "filerName": "Time Exports Pvt. Ltd.", "filerRelation": "Promoter", "moneyText": "", "startDate": "2020-03-06", "ownership": "D"}, {"maxAge": 1, "shares": 8575, "filerUrl": "", "transactionText": "", "filerName": "Time Exports Pvt. Ltd.", "filerRelation": "Promoter", "moneyText": "", "startDate": "2020-03-04", "ownership": "D"}, {"maxAge": 1, "shares": 14822, "filerUrl": "", "transactionText": "", "filerName": "Time Exports Pvt. Ltd.", "filerRelation": "Promoter", "moneyText": "", "startDate": "2020-03-03", "ownership": "D"}, {"maxAge": 1, "shares": 35855, "filerUrl": "", "transactionText": "", "filerName": "Time Exports Pvt. Ltd.", "filerRelation": "Promoter", "moneyText": "", "startDate": "2020-03-02", "ownership": "D"}, {"maxAge": 1, "shares": 102590, "filerUrl": "", "transactionText": "", "filerName": "Time Exports Pvt. Ltd.", "filerRelation": "Promoter", "moneyText": "", "startDate": "2020-02-28", "ownership": "D"}, {"maxAge": 1, "shares": 26000, "filerUrl": "", "transactionText": "", "filerName": "Vageria (Bharat)", "filerRelation": "Wholetime Director", "moneyText": "", "startDate": "2019-11-21", "ownership": "D"}, {"maxAge": 1, "shares": 10000, "filerUrl": "", "transactionText": "", "filerName": "Kulkarni (Sanjaya Shrikrishna)", "filerRelation": "Director (Non-Executive)", "moneyText": "", "startDate": "2019-01-18", "ownership": "D"}, {"maxAge": 1, "shares": 5000, "filerUrl": "", "transactionText": "", "filerName": "Sanjaya (Shaila Kulkarni)", "filerRelation": "Director (Non-Executive)", "moneyText": "", "startDate": "2019-01-18", "ownership": "D"}, {"maxAge": 1, "shares": 7500, "filerUrl": "", "transactionText": "", "filerName": "Indian Direct Equity Advisors Pvt. Ltd.", "filerRelation": "Promoter", "moneyText": "", "startDate": "2019-01-16", "ownership": "D"}, {"maxAge": 1, "shares": 5000, "filerUrl": "", "transactionText": "", "filerName": "Kulkarni (Sanjaya Shrikrishna)", "filerRelation": "Director (Non-Executive)", "moneyText": "", "startDate": "2019-01-16", "ownership": "D"}], "maxAge": 1}, "quoteType": {"exchange": "BSE", "quoteType": "EQUITY", "symbol": "TIMETECHNO.BO", "underlyingSymbol": "TIMETECHNO.BO", "shortName": "TIME TECHNOPLAST LTD.", "longName": "Time Technoplast Limited", "firstTradeDateEpochUtc": "2007-06-13 09:15:00", "timeZoneFullName": "Asia/Kolkata", "timeZoneShortName": "IST", "uuid": "7fc8dd0c-e0b6-300a-a61f-04d259f5d7b5", "messageBoardId": null, "gmtOffSetMilliseconds": 19800000, "maxAge": 1}, "incomeStatementHistory": {"incomeStatementHistory": [{"maxAge": 1, "endDate": "2020-03-31", "totalRevenue": 35803038000, "costOfRevenue": 26861930000, "grossProfit": 8941108000, "researchDevelopment": {}, "sellingGeneralAdministrative": 1895875000, "nonRecurring": {}, "otherOperatingExpenses": 2033626000, "totalOperatingExpenses": 32353567000, "operatingIncome": 3449471000, "totalOtherIncomeExpenseNet": -1081975000, "ebit": 3449471000, "interestExpense": -983837000, "incomeBeforeTax": 2367496000, "incomeTaxExpense": 617362000, "minorityInterest": 521611000, "netIncomeFromContinuingOps": 1750134000, "discontinuedOperations": {}, "extraordinaryItems": {}, "effectOfAccountingCharges": {}, "otherItems": {}, "netIncome": 1691236000, "netIncomeApplicableToCommonShares": 1691236000}, {"maxAge": 1, "endDate": "2019-03-31", "totalRevenue": 35666727000, "costOfRevenue": 26826619000, "grossProfit": 8840108000, "researchDevelopment": {}, "sellingGeneralAdministrative": 1891112000, "nonRecurring": {}, "otherOperatingExpenses": 1684622000, "totalOperatingExpenses": 31863816000, "operatingIncome": 3802911000, "totalOtherIncomeExpenseNet": -983597000, "ebit": 3802911000, "interestExpense": -889250000, "incomeBeforeTax": 2819314000, "incomeTaxExpense": 734182000, "minorityInterest": 462751000, "netIncomeFromContinuingOps": 2085132000, "discontinuedOperations": {}, "extraordinaryItems": {}, "effectOfAccountingCharges": {}, "otherItems": {}, "netIncome": 2027372000, "netIncomeApplicableToCommonShares": 2027372000}, {"maxAge": 1, "endDate": "2018-03-31", "totalRevenue": 31043651000, "costOfRevenue": 23088478000, "grossProfit": 7955173000, "researchDevelopment": {}, "sellingGeneralAdministrative": 1633841000, "nonRecurring": {}, "otherOperatingExpenses": 1574386000, "totalOperatingExpenses": 27669185000, "operatingIncome": 3374466000, "totalOtherIncomeExpenseNet": -870116000, "ebit": 3374466000, "interestExpense": -783574000, "incomeBeforeTax": 2504350000, "incomeTaxExpense": 651589000, "minorityInterest": 404871000, "netIncomeFromContinuingOps": 1852761000, "discontinuedOperations": {}, "extraordinaryItems": {}, "effectOfAccountingCharges": {}, "otherItems": {}, "netIncome": 1803632000, "netIncomeApplicableToCommonShares": 1803632000}, {"maxAge": 1, "endDate": "2017-03-31", "totalRevenue": 27566337000, "costOfRevenue": 20512796000, "grossProfit": 7053541000, "researchDevelopment": {}, "sellingGeneralAdministrative": 1484887000, "nonRecurring": {}, "otherOperatingExpenses": 1506115000, "totalOperatingExpenses": 24658782000, "operatingIncome": 2907555000, "totalOtherIncomeExpenseNet": -899022000, "ebit": 2907555000, "interestExpense": -814005000, "incomeBeforeTax": 2008533000, "incomeTaxExpense": 494096000, "minorityInterest": 384271000, "netIncomeFromContinuingOps": 1514437000, "discontinuedOperations": {}, "extraordinaryItems": {}, "effectOfAccountingCharges": {}, "otherItems": {}, "netIncome": 1470984000, "netIncomeApplicableToCommonShares": 1470984000}], "maxAge": 86400}, "fundOwnership": {"maxAge": 1, "ownershipList": [{"maxAge": 1, "reportDate": "2020-07-31", "organization": "Financial Investors Tr-Grandeur Peak International Opportunities Fund", "pctHeld": 0.014099999, "position": 3187734, "value": 116830451}, {"maxAge": 1, "reportDate": "2020-07-31", "organization": "Financial Investors Tr-Grandeur Peak Emerging Mkts Opportunities Fund", "pctHeld": 0.0106, "position": 2390721, "value": 87619924}, {"maxAge": 1, "reportDate": "2020-07-31", "organization": "Financial Investors Tr-Grandeur Peak Global Opportunities Fund", "pctHeld": 0.0055, "position": 1240759, "value": 45473817}, {"maxAge": 1, "reportDate": "2020-07-31", "organization": "DFA Emerging Markets Core Equity Portfolio", "pctHeld": 0.0041, "position": 925401, "value": 33915946}, {"maxAge": 1, "reportDate": "2020-07-31", "organization": "Financial Investors Tr-Grandeur Peak Global Reach Fund", "pctHeld": 0.0032, "position": 712756, "value": 26122507}, {"maxAge": 1, "reportDate": "2020-07-31", "organization": "DFA Investment Dimensions-DFA Emerging Mkts Value", "pctHeld": 0.0031, "position": 711471, "value": 26075412}, {"maxAge": 1, "reportDate": "2020-07-31", "organization": "DFA Emerging Markets Small Cap Series", "pctHeld": 0.0022, "position": 503210, "value": 18442646}, {"maxAge": 1, "reportDate": "2020-08-31", "organization": "SPDR (R) Idx Shares-SPDR (R) Emerging Markets Small Cap ETF", "pctHeld": 0.0005, "position": 112302, "value": 4722299}, {"maxAge": 1, "reportDate": "2020-07-31", "organization": "Financial Investors Tr-Grandeur Peak Global Contrarian Fund", "pctHeld": 0.0005, "position": 106811, "value": 3914623}, {"maxAge": 1, "reportDate": "2020-07-31", "organization": "DFA Investment Dimensions-World Ex U.S. Core Equity Port", "pctHeld": 0.00029999999, "position": 58614, "value": 2148203}]}, "summaryDetail": {"maxAge": 1, "priceHint": 2, "previousClose": 77.1, "open": 75.1, "dayLow": 75.1, "dayHigh": 77.85, "regularMarketPreviousClose": 77.1, "regularMarketOpen": 75.1, "regularMarketDayLow": 75.1, "regularMarketDayHigh": 77.85, "trailingPE": 15.011937, "forwardPE": 6.5324674, "volume": 117055, "regularMarketVolume": 117055, "averageVolume": 93519, "averageVolume10days": 131832, "averageDailyVolume10Day": 131832, "bid": 75.2, "ask": 75.55, "bidSize": 0, "askSize": 0, "marketCap": 17062791168, "fiftyTwoWeekLow": 22.75, "fiftyTwoWeekHigh": 77.85, "fiftyDayAverage": 52.62206, "twoHundredDayAverage": 44.326103, "trailingAnnualDividendRate": 0.95, "trailingAnnualDividendYield": 0.01232166, "currency": "INR", "fromCurrency": null, "toCurrency": null, "lastMarket": null, "algorithm": null, "tradeable": false}, "sectorTrend": {"maxAge": 1, "symbol": null, "estimates": []}, "incomeStatementHistoryQuarterly": {"incomeStatementHistory": [{"maxAge": 1, "endDate": "2020-06-30", "totalRevenue": 4754551000, "costOfRevenue": 3285499000, "grossProfit": 1469052000, "researchDevelopment": {}, "sellingGeneralAdministrative": 346701000, "nonRecurring": {}, "otherOperatingExpenses": 580376000, "totalOperatingExpenses": 4587528000, "operatingIncome": 167023000, "totalOtherIncomeExpenseNet": -252807000, "ebit": 167023000, "interestExpense": -252807000, "incomeBeforeTax": -85784000, "incomeTaxExpense": 30150000, "minorityInterest": {}, "netIncomeFromContinuingOps": -115934000, "discontinuedOperations": {}, "extraordinaryItems": {}, "effectOfAccountingCharges": {}, "otherItems": {}, "netIncome": -116790000, "netIncomeApplicableToCommonShares": -116790000}, {"maxAge": 1, "endDate": "2020-03-31", "totalRevenue": 9171150000, "costOfRevenue": 8305176000, "grossProfit": 865974000, "researchDevelopment": {}, "sellingGeneralAdministrative": 700599000, "nonRecurring": {}, "otherOperatingExpenses": -1024663000, "totalOperatingExpenses": 8350716000, "operatingIncome": 820434000, "totalOtherIncomeExpenseNet": -259526000, "ebit": 820434000, "interestExpense": -161388000, "incomeBeforeTax": 560908000, "incomeTaxExpense": 158000000, "minorityInterest": 521611000, "netIncomeFromContinuingOps": 402908000, "discontinuedOperations": {}, "extraordinaryItems": {}, "effectOfAccountingCharges": {}, "otherItems": {}, "netIncome": 382971000, "netIncomeApplicableToCommonShares": 382971000}, {"maxAge": 1, "endDate": "2019-12-31", "totalRevenue": 9237128000, "costOfRevenue": 6442972000, "grossProfit": 2794156000, "researchDevelopment": {}, "sellingGeneralAdministrative": 402973000, "nonRecurring": {}, "otherOperatingExpenses": 1050442000, "totalOperatingExpenses": 8296648000, "operatingIncome": 940480000, "totalOtherIncomeExpenseNet": -267518000, "ebit": 940480000, "interestExpense": -267518000, "incomeBeforeTax": 672962000, "incomeTaxExpense": 171950000, "minorityInterest": 521611000, "netIncomeFromContinuingOps": 501012000, "discontinuedOperations": {}, "extraordinaryItems": {}, "effectOfAccountingCharges": {}, "otherItems": {}, "netIncome": 484823000, "netIncomeApplicableToCommonShares": 484823000}, {"maxAge": 1, "endDate": "2019-09-30", "totalRevenue": 8710417000, "costOfRevenue": 6064500000, "grossProfit": 2645917000, "researchDevelopment": {}, "sellingGeneralAdministrative": 395711000, "nonRecurring": {}, "otherOperatingExpenses": 1035935000, "totalOperatingExpenses": 7894528000, "operatingIncome": 815889000, "totalOtherIncomeExpenseNet": -279891000, "ebit": 815889000, "interestExpense": -279901000, "incomeBeforeTax": 535988000, "incomeTaxExpense": 136332000, "minorityInterest": 485279000, "netIncomeFromContinuingOps": 399656000, "discontinuedOperations": {}, "extraordinaryItems": {}, "effectOfAccountingCharges": {}, "otherItems": {}, "netIncome": 385534000, "netIncomeApplicableToCommonShares": 385534000}], "maxAge": 86400}, "cashflowStatementHistoryQuarterly": {"cashflowStatements": [{"maxAge": 1, "endDate": "2020-06-30", "netIncome": -116790000, "changeToLiabilities": 0}, {"maxAge": 1, "endDate": "2020-03-31", "netIncome": 382971000, "changeToLiabilities": 0}, {"maxAge": 1, "endDate": "2019-12-31", "netIncome": 484823000, "changeToLiabilities": 0}, {"maxAge": 1, "endDate": "2019-09-30", "netIncome": 385534000, "changeToLiabilities": 0}], "maxAge": 86400}, "insiderHolders": {"holders": [{"maxAge": 1, "name": "Indian Direct Equity Advisors Pvt. Ltd.", "relation": "Promoter", "url": "", "transactionDescription": "Sale", "latestTransDate": "2019-01-16", "positionDirect": 30000, "positionDirectDate": "2019-01-16"}, {"maxAge": 1, "name": "Kulkarni (Sanjaya Shrikrishna)", "relation": "Director (Non-Executive)", "url": "", "transactionDescription": "Sale", "latestTransDate": "2019-01-18", "positionDirect": 70000, "positionDirectDate": "2019-01-18"}, {"maxAge": 1, "name": "Sanjaya (Shaila Kulkarni)", "relation": "Director (Non-Executive)", "url": "", "transactionDescription": "Sale", "latestTransDate": "2019-01-18", "positionDirect": 5100, "positionDirectDate": "2019-01-18"}, {"maxAge": 1, "name": "Time Exports Pvt. Ltd.", "relation": "Promoter", "url": "", "transactionDescription": "Acquisition", "latestTransDate": "2020-03-09", "positionDirect": 22128719, "positionDirectDate": "2020-03-09"}, {"maxAge": 1, "name": "Vageria (Aruna)", "relation": "UNREPORTED", "url": "", "transactionDescription": "Acquisition", "latestTransDate": "2020-03-31", "positionDirect": 100000, "positionDirectDate": "2020-03-31"}, {"maxAge": 1, "name": "Vageria (Bharat)", "relation": "Wholetime Director", "url": "", "transactionDescription": "Acquisition", "latestTransDate": "2019-11-21", "positionDirect": 4589750, "positionDirectDate": "2019-11-21"}], "maxAge": 1}, "earnings": {"maxAge": 86400, "earningsChart": {"quarterly": [{"date": "4Q2017", "actual": 2.07, "estimate": 1.94}, {"date": "1Q2018", "actual": 2.45, "estimate": 2.38}, {"date": "2Q2018", "actual": 1.91, "estimate": 1.91}, {"date": "3Q2018", "actual": 1.4, "estimate": 1.95}], "currentQuarterEstimateDate": "4Q", "currentQuarterEstimateYear": 2018, "earningsDate": []}, "financialsChart": {"yearly": [{"date": 2017, "revenue": 27566337000, "earnings": 1470984000}, {"date": 2018, "revenue": 31043651000, "earnings": 1803632000}, {"date": 2019, "revenue": 35666727000, "earnings": 2027372000}, {"date": 2020, "revenue": 35803038000, "earnings": 1691236000}], "quarterly": [{"date": "3Q2019", "revenue": 8710417000, "earnings": 385534000}, {"date": "4Q2019", "revenue": 9237128000, "earnings": 484823000}, {"date": "1Q2020", "revenue": 9171150000, "earnings": 382971000}, {"date": "2Q2020", "revenue": 4754551000, "earnings": -116790000}]}, "financialCurrency": "INR"}, "calendarEvents": {"maxAge": 1, "earnings": {"earningsDate": []}}, "price": {"maxAge": 1, "regularMarketChangePercent": -0.021400798, "regularMarketChange": -1.6500015, "regularMarketTime": "2021-04-30 15:56:07", "priceHint": 2, "regularMarketPrice": 75.45, "regularMarketDayHigh": 77.85, "regularMarketDayLow": 75.1, "regularMarketVolume": 117055, "averageDailyVolume10Day": 131832, "averageDailyVolume3Month": 93519, "regularMarketPreviousClose": 77.1, "regularMarketSource": "FREE_REALTIME", "regularMarketOpen": 75.1, "exchange": "BSE", "exchangeName": "BSE", "exchangeDataDelayedBy": 0, "marketState": "CLOSED", "quoteType": "EQUITY", "symbol": "TIMETECHNO.BO", "underlyingSymbol": null, "shortName": "TIME TECHNOPLAST LTD.", "longName": "Time Technoplast Limited", "currency": "INR", "quoteSourceName": "Delayed Quote", "currencySymbol": "\u20b9", "fromCurrency": null, "toCurrency": null, "lastMarket": null, "marketCap": 17062791168}, "balanceSheetHistory": {"balanceSheetStatements": [{"maxAge": 1, "endDate": "2020-03-31", "cash": 595827000, "shortTermInvestments": 222837000, "netReceivables": 9046285000, "inventory": 7576563000, "otherCurrentAssets": 1480376000, "totalCurrentAssets": 19049796000, "propertyPlantEquipment": 14295707000, "intangibleAssets": 3929000, "otherAssets": 293916000, "totalAssets": 33643348000, "accountsPayable": 4435456000, "shortLongTermDebt": 696529000, "otherCurrentLiab": 662583000, "longTermDebt": 3314573000, "otherLiab": 792136000, "minorityInterest": 521611000, "totalCurrentLiabilities": 10283375000, "totalLiab": 14970942000, "commonStock": 226147000, "retainedEarnings": 14694090000, "treasuryStock": 286534000, "capitalSurplus": 2944024000, "otherStockholderEquity": 286534000, "totalStockholderEquity": 18150795000, "netTangibleAssets": 18146866000}, {"maxAge": 1, "endDate": "2019-03-31", "cash": 491018000, "shortTermInvestments": 169250000, "netReceivables": 8515063000, "inventory": 7372688000, "otherCurrentAssets": 1301217000, "totalCurrentAssets": 17950059000, "propertyPlantEquipment": 13768256000, "intangibleAssets": 5509000, "otherAssets": 273784000, "totalAssets": 31997608000, "accountsPayable": 4749643000, "shortLongTermDebt": 984490000, "otherCurrentLiab": 872911000, "longTermDebt": 3183335000, "otherLiab": 729811000, "minorityInterest": 462751000, "totalCurrentLiabilities": 10929961000, "totalLiab": 14843107000, "commonStock": 226147000, "retainedEarnings": 13258595000, "treasuryStock": 262984000, "capitalSurplus": 2944024000, "otherStockholderEquity": 262984000, "totalStockholderEquity": 16691750000, "netTangibleAssets": 16686241000}, {"maxAge": 1, "endDate": "2018-03-31", "cash": 594768000, "shortTermInvestments": 139577000, "netReceivables": 7383000000, "inventory": 6408829000, "otherCurrentAssets": 1138309000, "totalCurrentAssets": 15761836000, "propertyPlantEquipment": 12932004000, "intangibleAssets": 5724000, "otherAssets": 219857000, "totalAssets": 28919421000, "accountsPayable": 4370193000, "shortLongTermDebt": 918993000, "otherCurrentLiab": 878692000, "longTermDebt": 3301655000, "otherLiab": 581419000, "minorityInterest": 404871000, "totalCurrentLiabilities": 9800081000, "totalLiab": 13683155000, "commonStock": 226147000, "retainedEarnings": 11458694000, "treasuryStock": 202530000, "capitalSurplus": 2944024000, "otherStockholderEquity": 202530000, "totalStockholderEquity": 14831395000, "netTangibleAssets": 14825671000}, {"maxAge": 1, "endDate": "2017-03-31", "cash": 562261000, "shortTermInvestments": 88583000, "netReceivables": 6332203000, "inventory": 5473009000, "otherCurrentAssets": 1137163000, "totalCurrentAssets": 13671891000, "propertyPlantEquipment": 11867997000, "intangibleAssets": 5521000, "otherAssets": 167948000, "totalAssets": 25713357000, "accountsPayable": 3456837000, "shortLongTermDebt": 911284000, "otherCurrentLiab": 745098000, "longTermDebt": 2581887000, "otherLiab": 470668000, "minorityInterest": 384271000, "totalCurrentLiabilities": 9011699000, "totalLiab": 12064254000, "commonStock": 226147000, "retainedEarnings": 9841104000, "treasuryStock": 253557000, "capitalSurplus": 2944024000, "otherStockholderEquity": 253557000, "totalStockholderEquity": 13264832000, "netTangibleAssets": 13259311000}], "maxAge": 86400}, "earningsTrend": {"trend": [{"maxAge": 1, "period": "0q", "endDate": "2018-12-31", "growth": {}, "earningsEstimate": {"avg": 0.0, "low": 0.0, "high": 0.0, "yearAgoEps": 2.07, "numberOfAnalysts": 0, "growth": {}}, "revenueEstimate": {"avg": 0, "low": 0, "high": 0, "numberOfAnalysts": 0, "yearAgoRevenue": {}, "growth": {}}, "epsTrend": {"current": 0.0, "7daysAgo": 0.0, "30daysAgo": 0.0, "60daysAgo": 0.0, "90daysAgo": 0.0}, "epsRevisions": {"upLast7days": 0, "upLast30days": 0, "downLast30days": 0, "downLast90days": {}}}, {"maxAge": 1, "period": "+1q", "endDate": "2019-03-31", "growth": {}, "earningsEstimate": {"avg": 0.0, "low": 0.0, "high": 0.0, "yearAgoEps": 2.45, "numberOfAnalysts": 0, "growth": {}}, "revenueEstimate": {"avg": 0, "low": 0, "high": 0, "numberOfAnalysts": 0, "yearAgoRevenue": {}, "growth": {}}, "epsTrend": {"current": 0.0, "7daysAgo": 0.0, "30daysAgo": 0.0, "60daysAgo": 0.0, "90daysAgo": 0.0}, "epsRevisions": {"upLast7days": 0, "upLast30days": 0, "downLast30days": 0, "downLast90days": {}}}, {"maxAge": 1, "period": "0y", "endDate": "2019-03-31", "growth": {}, "earningsEstimate": {"avg": 0.0, "low": 0.0, "high": 0.0, "yearAgoEps": {}, "numberOfAnalysts": 0, "growth": {}}, "revenueEstimate": {"avg": 35041700000, "low": 33568000000, "high": 35932000000, "numberOfAnalysts": 5, "yearAgoRevenue": 31027400000, "growth": 0.129}, "epsTrend": {"current": 0.0, "7daysAgo": 8.97, "30daysAgo": 8.97, "60daysAgo": 8.97, "90daysAgo": 8.97}, "epsRevisions": {"upLast7days": 0, "upLast30days": 0, "downLast30days": 0, "downLast90days": {}}}, {"maxAge": 1, "period": "+1y", "endDate": "2020-03-31", "growth": {}, "earningsEstimate": {"avg": 0.0, "low": 0.0, "high": 0.0, "yearAgoEps": {}, "numberOfAnalysts": 0, "growth": {}}, "revenueEstimate": {"avg": 40038900000, "low": 38056700000, "high": 42123000000, "numberOfAnalysts": 5, "yearAgoRevenue": 35041700000, "growth": 0.143}, "epsTrend": {"current": 0.0, "7daysAgo": 11.55, "30daysAgo": 11.55, "60daysAgo": 11.55, "90daysAgo": 11.55}, "epsRevisions": {"upLast7days": 0, "upLast30days": 0, "downLast30days": 0, "downLast90days": {}}}, {"maxAge": 1, "period": "+5y", "endDate": null, "growth": 0.24, "earningsEstimate": {"avg": {}, "low": {}, "high": {}, "yearAgoEps": {}, "numberOfAnalysts": {}, "growth": {}}, "revenueEstimate": {"avg": {}, "low": {}, "high": {}, "numberOfAnalysts": {}, "yearAgoRevenue": {}, "growth": {}}, "epsTrend": {"current": {}, "7daysAgo": {}, "30daysAgo": {}, "60daysAgo": {}, "90daysAgo": {}}, "epsRevisions": {"upLast7days": {}, "upLast30days": {}, "downLast30days": {}, "downLast90days": {}}}, {"maxAge": 1, "period": "-5y", "endDate": null, "growth": {}, "earningsEstimate": {"avg": {}, "low": {}, "high": {}, "yearAgoEps": {}, "numberOfAnalysts": {}, "growth": {}}, "revenueEstimate": {"avg": {}, "low": {}, "high": {}, "numberOfAnalysts": {}, "yearAgoRevenue": {}, "growth": {}}, "epsTrend": {"current": {}, "7daysAgo": {}, "30daysAgo": {}, "60daysAgo": {}, "90daysAgo": {}}, "epsRevisions": {"upLast7days": {}, "upLast30days": {}, "downLast30days": {}, "downLast90days": {}}}], "maxAge": 1}, "financialData": {"maxAge": 86400, "currentPrice": 75.45, "targetHighPrice": 272.0, "targetLowPrice": 125.0, "targetMeanPrice": 189.25, "targetMedianPrice": 180.0, "recommendationKey": "none", "numberOfAnalystOpinions": 4, "grossProfits": 8941108000, "financialCurrency": "INR"}}}