{"TIMEX.BO": {"recommendationTrend": {"trend": [{"period": "0m", "strongBuy": 0, "buy": 0, "hold": 0, "sell": 0, "strongSell": 0}, {"period": "-1m", "strongBuy": 0, "buy": 0, "hold": 0, "sell": 0, "strongSell": 0}, {"period": "-2m", "strongBuy": 0, "buy": 0, "hold": 0, "sell": 0, "strongSell": 0}, {"period": "-3m", "strongBuy": 0, "buy": 0, "hold": 0, "sell": 0, "strongSell": 0}], "maxAge": 86400}, "cashflowStatementHistory": {"cashflowStatements": [{"maxAge": 1, "endDate": "2020-03-31", "netIncome": -18000000, "depreciation": 25800000, "changeToNetincome": 57000000, "changeToAccountReceivables": -99200000, "changeToLiabilities": 100900000, "changeToInventory": 29200000, "changeToOperatingActivities": -4600000, "totalCashFromOperatingActivities": 95000000, "capitalExpenditures": -17600000, "otherCashflowsFromInvestingActivities": 2800000, "totalCashflowsFromInvestingActivities": -14800000, "netBorrowings": -79800000, "otherCashflowsFromFinancingActivities": -20300000, "totalCashFromFinancingActivities": -100100000, "changeInCash": -19900000}, {"maxAge": 1, "endDate": "2019-03-31", "netIncome": 74600000, "depreciation": 11700000, "changeToNetincome": 37600000, "changeToAccountReceivables": 126700000, "changeToLiabilities": -140700000, "changeToInventory": -49000000, "changeToOperatingActivities": -1100000, "totalCashFromOperatingActivities": 64100000, "capitalExpenditures": -45300000, "otherCashflowsFromInvestingActivities": 400000, "totalCashflowsFromInvestingActivities": -44500000, "netBorrowings": -14200000, "otherCashflowsFromFinancingActivities": -16000000, "totalCashFromFinancingActivities": -30200000, "changeInCash": -10600000}, {"maxAge": 1, "endDate": "2018-03-31", "netIncome": 75200000, "depreciation": 12500000, "changeToNetincome": 17300000, "changeToAccountReceivables": -175500000, "changeToLiabilities": 155700000, "changeToInventory": -83000000, "changeToOperatingActivities": -13900000, "totalCashFromOperatingActivities": -7500000, "capitalExpenditures": -6400000, "otherCashflowsFromInvestingActivities": 3000000, "totalCashflowsFromInvestingActivities": -3400000, "netBorrowings": 31500000, "otherCashflowsFromFinancingActivities": -29100000, "totalCashFromFinancingActivities": 2400000, "changeInCash": -8500000}, {"maxAge": 1, "endDate": "2017-03-31", "netIncome": -32700000, "depreciation": 16400000, "changeToNetincome": 24600000, "changeToAccountReceivables": 24100000, "changeToLiabilities": -332300000, "changeToInventory": 32800000, "changeToOperatingActivities": 32600000, "totalCashFromOperatingActivities": -230200000, "capitalExpenditures": -8300000, "investments": -100000, "otherCashflowsFromInvestingActivities": 400000, "totalCashflowsFromInvestingActivities": -8000000, "netBorrowings": -93000000, "otherCashflowsFromFinancingActivities": -19900000, "totalCashFromFinancingActivities": 237100000, "changeInCash": -1100000}], "maxAge": 86400}, "institutionOwnership": {"maxAge": 1, "ownershipList": []}, "balanceSheetHistoryQuarterly": {"balanceSheetStatements": [{"maxAge": 1, "endDate": "2020-06-30", "totalStockholderEquity": 206800000, "netTangibleAssets": 194600000}, {"maxAge": 1, "endDate": "2020-03-31", "cash": 1700000, "netReceivables": 685500000, "inventory": 425600000, "otherCurrentAssets": 68800000, "totalCurrentAssets": 1186400000, "propertyPlantEquipment": 213500000, "intangibleAssets": 12200000, "otherAssets": 15400000, "totalAssets": 1427500000, "accountsPayable": 658300000, "otherCurrentLiab": 106600000, "otherLiab": 72400000, "totalCurrentLiabilities": 1029200000, "totalLiab": 1220700000, "commonStock": 101000000, "retainedEarnings": -690300000, "capitalSurplus": 35100000, "totalStockholderEquity": -554200000, "netTangibleAssets": -566400000}, {"maxAge": 1, "endDate": "2019-12-31", "totalStockholderEquity": 232400000, "netTangibleAssets": 218300000}, {"maxAge": 1, "endDate": "2019-09-30", "cash": 37100000, "netReceivables": 573400000, "inventory": 488300000, "otherCurrentAssets": 66100000, "totalCurrentAssets": 1164900000, "propertyPlantEquipment": 159300000, "intangibleAssets": 14100000, "otherAssets": 19400000, "totalAssets": 1357700000, "accountsPayable": 618400000, "otherCurrentLiab": 55400000, "otherLiab": 69900000, "totalCurrentLiabilities": 990100000, "totalLiab": 1125300000, "commonStock": 101000000, "treasuryStock": 131400000, "otherStockholderEquity": 131400000, "totalStockholderEquity": 232400000, "netTangibleAssets": 218300000}], "maxAge": 86400}, "earningsHistory": {"history": [{"maxAge": 1, "epsActual": {}, "epsEstimate": {}, "epsDifference": {}, "surprisePercent": {}, "quarter": {}, "period": "-4q"}, {"maxAge": 1, "epsActual": {}, "epsEstimate": {}, "epsDifference": {}, "surprisePercent": {}, "quarter": {}, "period": "-3q"}, {"maxAge": 1, "epsActual": {}, "epsEstimate": {}, "epsDifference": {}, "surprisePercent": {}, "quarter": {}, "period": "-2q"}, {"maxAge": 1, "epsActual": {}, "epsEstimate": {}, "epsDifference": {}, "surprisePercent": {}, "quarter": {}, "period": "-1q"}], "maxAge": 86400}, "indexTrend": {"maxAge": 1, "symbol": "SP5", "peRatio": 19.7411, "pegRatio": 1.34172, "estimates": [{"period": "0q", "growth": 0.549}, {"period": "+1q", "growth": 0.431}, {"period": "0y", "growth": 0.305}, {"period": "+1y", "growth": 0.109}, {"period": "+5y", "growth": 0.120859005}, {"period": "-5y"}]}, "industryTrend": {"maxAge": 1, "symbol": null, "estimates": []}, "quoteType": {"exchange": "BSE", "quoteType": "EQUITY", "symbol": "TIMEX.BO", "underlyingSymbol": "TIMEX.BO", "shortName": "TIMEX GROUP INDIA LTD.", "longName": "Timex Group India Limited", "firstTradeDateEpochUtc": "2002-07-01 09:15:00", "timeZoneFullName": "Asia/Kolkata", "timeZoneShortName": "IST", "uuid": "d0fdda7e-ad88-390c-9580-de4b50268e5a", "messageBoardId": null, "gmtOffSetMilliseconds": 19800000, "maxAge": 1}, "incomeStatementHistory": {"incomeStatementHistory": [{"maxAge": 1, "endDate": "2020-03-31", "totalRevenue": 2519000000, "costOfRevenue": 1411500000, "grossProfit": 1107500000, "researchDevelopment": {}, "sellingGeneralAdministrative": 637000000, "nonRecurring": {}, "otherOperatingExpenses": 428800000, "totalOperatingExpenses": 2507000000, "operatingIncome": 12000000, "totalOtherIncomeExpenseNet": -30000000, "ebit": 12000000, "interestExpense": -28000000, "incomeBeforeTax": -18000000, "incomeTaxExpense": 0, "minorityInterest": {}, "netIncomeFromContinuingOps": -18000000, "discontinuedOperations": {}, "extraordinaryItems": {}, "effectOfAccountingCharges": {}, "otherItems": {}, "netIncome": -18000000, "netIncomeApplicableToCommonShares": -103700000}, {"maxAge": 1, "endDate": "2019-03-31", "totalRevenue": 2416300000, "costOfRevenue": 1271300000, "grossProfit": 1145000000, "researchDevelopment": {}, "sellingGeneralAdministrative": 628400000, "nonRecurring": {}, "otherOperatingExpenses": 389200000, "totalOperatingExpenses": 2309700000, "operatingIncome": 106600000, "totalOtherIncomeExpenseNet": -23100000, "ebit": 106600000, "interestExpense": -15800000, "incomeBeforeTax": 83500000, "incomeTaxExpense": 8900000, "minorityInterest": {}, "netIncomeFromContinuingOps": 74600000, "discontinuedOperations": {}, "extraordinaryItems": {}, "effectOfAccountingCharges": {}, "otherItems": {}, "netIncome": 74600000, "netIncomeApplicableToCommonShares": -11100000}, {"maxAge": 1, "endDate": "2018-03-31", "totalRevenue": 2073900000, "costOfRevenue": 1114200000, "grossProfit": 959700000, "researchDevelopment": {}, "sellingGeneralAdministrative": 497300000, "nonRecurring": {}, "otherOperatingExpenses": 355600000, "totalOperatingExpenses": 1983800000, "operatingIncome": 90100000, "totalOtherIncomeExpenseNet": -14900000, "ebit": 90100000, "interestExpense": -21000000, "incomeBeforeTax": 75200000, "incomeTaxExpense": 0, "minorityInterest": {}, "netIncomeFromContinuingOps": 75200000, "discontinuedOperations": {}, "extraordinaryItems": {}, "effectOfAccountingCharges": {}, "otherItems": {}, "netIncome": 75200000, "netIncomeApplicableToCommonShares": 75200000}, {"maxAge": 1, "endDate": "2017-03-31", "totalRevenue": 2001100000, "costOfRevenue": 1131000000, "grossProfit": 870100000, "researchDevelopment": {}, "sellingGeneralAdministrative": 491000000, "nonRecurring": {}, "otherOperatingExpenses": 358800000, "totalOperatingExpenses": 2002100000, "operatingIncome": -1000000, "totalOtherIncomeExpenseNet": -31700000, "ebit": -1000000, "interestExpense": -27700000, "incomeBeforeTax": -32700000, "incomeTaxExpense": 0, "minorityInterest": {}, "netIncomeFromContinuingOps": -32700000, "discontinuedOperations": {}, "extraordinaryItems": {}, "effectOfAccountingCharges": {}, "otherItems": {}, "netIncome": -32700000, "netIncomeApplicableToCommonShares": -99700000}], "maxAge": 86400}, "fundOwnership": {"maxAge": 1, "ownershipList": []}, "summaryDetail": {"maxAge": 1, "priceHint": 2, "previousClose": 35.05, "open": 35.65, "dayLow": 33.5, "dayHigh": 35.8, "regularMarketPreviousClose": 35.05, "regularMarketOpen": 35.65, "regularMarketDayLow": 33.5, "regularMarketDayHigh": 35.8, "volume": 44468, "regularMarketVolume": 44468, "averageVolume": 125571, "averageVolume10days": 26739, "averageDailyVolume10Day": 26739, "bid": 33.5, "ask": 34.0, "bidSize": 0, "askSize": 0, "marketCap": 3412109824, "fiftyTwoWeekLow": 14.25, "fiftyTwoWeekHigh": 36.95, "fiftyDayAverage": 28.524286, "twoHundredDayAverage": 25.80073, "currency": "INR", "fromCurrency": null, "toCurrency": null, "lastMarket": null, "algorithm": null, "tradeable": false}, "sectorTrend": {"maxAge": 1, "symbol": null, "estimates": []}, "incomeStatementHistoryQuarterly": {"incomeStatementHistory": [{"maxAge": 1, "endDate": "2020-06-30", "totalRevenue": 68200000, "costOfRevenue": 42600000, "grossProfit": 25600000, "researchDevelopment": {}, "sellingGeneralAdministrative": 60300000, "nonRecurring": {}, "otherOperatingExpenses": 74200000, "totalOperatingExpenses": 185900000, "operatingIncome": -117700000, "totalOtherIncomeExpenseNet": -6500000, "ebit": -117700000, "interestExpense": -6500000, "incomeBeforeTax": -124200000, "incomeTaxExpense": 0, "minorityInterest": {}, "netIncomeFromContinuingOps": -124200000, "discontinuedOperations": {}, "extraordinaryItems": {}, "effectOfAccountingCharges": {}, "otherItems": {}, "netIncome": -124200000, "netIncomeApplicableToCommonShares": -124200000}, {"maxAge": 1, "endDate": "2020-03-31", "totalRevenue": 507400000, "costOfRevenue": 282000000, "grossProfit": 225400000, "researchDevelopment": {}, "sellingGeneralAdministrative": 399600000, "nonRecurring": {}, "otherOperatingExpenses": -132700000, "totalOperatingExpenses": 556100000, "operatingIncome": -48700000, "totalOtherIncomeExpenseNet": -7200000, "ebit": -48700000, "interestExpense": -5200000, "incomeBeforeTax": -55900000, "incomeTaxExpense": 0, "minorityInterest": {}, "netIncomeFromContinuingOps": -55900000, "discontinuedOperations": {}, "extraordinaryItems": {}, "effectOfAccountingCharges": {}, "otherItems": {}, "netIncome": -55900000, "netIncomeApplicableToCommonShares": -141600000}, {"maxAge": 1, "endDate": "2019-12-31", "totalRevenue": 697200000, "costOfRevenue": 407400000, "grossProfit": 289800000, "researchDevelopment": {}, "sellingGeneralAdministrative": 79200000, "nonRecurring": {}, "otherOperatingExpenses": 165600000, "totalOperatingExpenses": 659800000, "operatingIncome": 37400000, "totalOtherIncomeExpenseNet": -6500000, "ebit": 37400000, "interestExpense": -6500000, "incomeBeforeTax": 30900000, "incomeTaxExpense": 0, "minorityInterest": {}, "netIncomeFromContinuingOps": 30900000, "discontinuedOperations": {}, "extraordinaryItems": {}, "effectOfAccountingCharges": {}, "otherItems": {}, "netIncome": 30900000, "netIncomeApplicableToCommonShares": 30900000}, {"maxAge": 1, "endDate": "2019-09-30", "totalRevenue": 693600000, "costOfRevenue": 393000000, "grossProfit": 300600000, "researchDevelopment": {}, "sellingGeneralAdministrative": 79400000, "nonRecurring": {}, "otherOperatingExpenses": 198000000, "totalOperatingExpenses": 677700000, "operatingIncome": 15900000, "totalOtherIncomeExpenseNet": -8200000, "ebit": 15900000, "interestExpense": -8200000, "incomeBeforeTax": 7700000, "incomeTaxExpense": 0, "minorityInterest": {}, "netIncomeFromContinuingOps": 7700000, "discontinuedOperations": {}, "extraordinaryItems": {}, "effectOfAccountingCharges": {}, "otherItems": {}, "netIncome": 7700000, "netIncomeApplicableToCommonShares": 7700000}], "maxAge": 86400}, "cashflowStatementHistoryQuarterly": {"cashflowStatements": [{"maxAge": 1, "endDate": "2020-06-30", "netIncome": -124200000, "changeToLiabilities": 0}, {"maxAge": 1, "endDate": "2020-03-31", "netIncome": -55900000, "changeToLiabilities": 0}, {"maxAge": 1, "endDate": "2019-12-31", "netIncome": 30900000, "changeToLiabilities": 0}, {"maxAge": 1, "endDate": "2019-09-30", "netIncome": 7700000, "changeToLiabilities": 0}], "maxAge": 86400}, "insiderHolders": {"holders": [], "maxAge": 1}, "earnings": {"maxAge": 86400, "earningsChart": {"quarterly": [], "earningsDate": ["2020-11-14 05:30:S", "2020-11-15 05:30:S"]}, "financialsChart": {"yearly": [{"date": 2017, "revenue": 2001100000, "earnings": -32700000}, {"date": 2018, "revenue": 2073900000, "earnings": 75200000}, {"date": 2019, "revenue": 2416300000, "earnings": 74600000}, {"date": 2020, "revenue": 2519000000, "earnings": -18000000}], "quarterly": [{"date": "3Q2019", "revenue": 693600000, "earnings": 7700000}, {"date": "4Q2019", "revenue": 697200000, "earnings": 30900000}, {"date": "1Q2020", "revenue": 507400000, "earnings": -55900000}, {"date": "2Q2020", "revenue": 68200000, "earnings": -124200000}]}, "financialCurrency": "INR"}, "calendarEvents": {"maxAge": 1, "earnings": {"earningsDate": ["2020-11-14 05:30:S", "2020-11-15 05:30:S"]}}, "price": {"maxAge": 1, "regularMarketChangePercent": -0.03566334, "regularMarketChange": -1.25, "regularMarketTime": "2021-04-30 15:43:12", "priceHint": 2, "regularMarketPrice": 33.8, "regularMarketDayHigh": 35.8, "regularMarketDayLow": 33.5, "regularMarketVolume": 44468, "averageDailyVolume10Day": 26739, "averageDailyVolume3Month": 125571, "regularMarketPreviousClose": 35.05, "regularMarketSource": "FREE_REALTIME", "regularMarketOpen": 35.65, "exchange": "BSE", "exchangeName": "BSE", "exchangeDataDelayedBy": 0, "marketState": "CLOSED", "quoteType": "EQUITY", "symbol": "TIMEX.BO", "underlyingSymbol": null, "shortName": "TIMEX GROUP INDIA LTD.", "longName": "Timex Group India Limited", "currency": "INR", "quoteSourceName": "Delayed Quote", "currencySymbol": "\u20b9", "fromCurrency": null, "toCurrency": null, "lastMarket": null, "marketCap": 3412109824}, "balanceSheetHistory": {"balanceSheetStatements": [{"maxAge": 1, "endDate": "2020-03-31", "cash": 1700000, "netReceivables": 685500000, "inventory": 425600000, "otherCurrentAssets": 68800000, "totalCurrentAssets": 1186400000, "propertyPlantEquipment": 213500000, "intangibleAssets": 12200000, "otherAssets": 15400000, "totalAssets": 1427500000, "accountsPayable": 658300000, "otherCurrentLiab": 106600000, "otherLiab": 72400000, "totalCurrentLiabilities": 1029200000, "totalLiab": 1220700000, "commonStock": 101000000, "retainedEarnings": -690300000, "capitalSurplus": 35100000, "totalStockholderEquity": -554200000, "netTangibleAssets": -566400000}, {"maxAge": 1, "endDate": "2019-03-31", "cash": 21600000, "shortTermInvestments": 1000000, "netReceivables": 545600000, "inventory": 454800000, "otherCurrentAssets": 66600000, "totalCurrentAssets": 1091900000, "propertyPlantEquipment": 73600000, "intangibleAssets": 10100000, "otherAssets": 43000000, "totalAssets": 1218600000, "accountsPayable": 531300000, "otherCurrentLiab": 101700000, "otherLiab": 65300000, "totalCurrentLiabilities": 928500000, "totalLiab": 993800000, "commonStock": 101000000, "retainedEarnings": -672300000, "treasuryStock": 123800000, "capitalSurplus": 35100000, "otherStockholderEquity": 123800000, "totalStockholderEquity": -536200000, "netTangibleAssets": -546300000}, {"maxAge": 1, "endDate": "2018-03-31", "cash": 32200000, "netReceivables": 606000000, "inventory": 450600000, "otherCurrentAssets": 9200000, "totalCurrentAssets": 1101000000, "propertyPlantEquipment": 59100000, "intangibleAssets": 14400000, "otherAssets": 37000000, "totalAssets": 1211500000, "accountsPayable": 665400000, "otherCurrentLiab": 34700000, "otherLiab": 56200000, "totalCurrentLiabilities": 1002500000, "totalLiab": 1058700000, "commonStock": 101000000, "retainedEarnings": -744300000, "capitalSurplus": 35100000, "totalStockholderEquity": -608200000, "netTangibleAssets": -622600000}, {"maxAge": 1, "endDate": "2017-03-31", "cash": 40700000, "netReceivables": 415100000, "inventory": 367600000, "otherCurrentAssets": 12300000, "totalCurrentAssets": 840200000, "propertyPlantEquipment": 65800000, "intangibleAssets": 18600000, "otherAssets": 43000000, "totalAssets": 967600000, "accountsPayable": 510300000, "otherCurrentLiab": 35400000, "otherLiab": 52500000, "totalCurrentLiabilities": 835300000, "totalLiab": 887800000, "commonStock": 101000000, "retainedEarnings": -817300000, "capitalSurplus": 35100000, "totalStockholderEquity": -681200000, "netTangibleAssets": -699800000}], "maxAge": 86400}, "earningsTrend": {"trend": [{"maxAge": 1, "period": "0q", "endDate": null, "growth": {}, "earningsEstimate": {"avg": 0.0, "low": 0.0, "high": 0.0, "yearAgoEps": {}, "numberOfAnalysts": 0, "growth": {}}, "revenueEstimate": {"avg": 0, "low": 0, "high": 0, "numberOfAnalysts": 0, "yearAgoRevenue": {}, "growth": {}}, "epsTrend": {"current": 0.0, "7daysAgo": 0.0, "30daysAgo": 0.0, "60daysAgo": 0.0, "90daysAgo": 0.0}, "epsRevisions": {"upLast7days": 0, "upLast30days": 0, "downLast30days": 0, "downLast90days": {}}}, {"maxAge": 1, "period": "+1q", "endDate": null, "growth": {}, "earningsEstimate": {"avg": 0.0, "low": 0.0, "high": 0.0, "yearAgoEps": {}, "numberOfAnalysts": 0, "growth": {}}, "revenueEstimate": {"avg": 0, "low": 0, "high": 0, "numberOfAnalysts": 0, "yearAgoRevenue": {}, "growth": {}}, "epsTrend": {"current": 0.0, "7daysAgo": 0.0, "30daysAgo": 0.0, "60daysAgo": 0.0, "90daysAgo": 0.0}, "epsRevisions": {"upLast7days": 0, "upLast30days": 0, "downLast30days": 0, "downLast90days": {}}}, {"maxAge": 1, "period": "0y", "endDate": null, "growth": {}, "earningsEstimate": {"avg": 0.0, "low": 0.0, "high": 0.0, "yearAgoEps": {}, "numberOfAnalysts": 0, "growth": {}}, "revenueEstimate": {"avg": 0, "low": 0, "high": 0, "numberOfAnalysts": 0, "yearAgoRevenue": {}, "growth": {}}, "epsTrend": {"current": 0.0, "7daysAgo": 0.0, "30daysAgo": 0.0, "60daysAgo": 0.0, "90daysAgo": 0.0}, "epsRevisions": {"upLast7days": 0, "upLast30days": 0, "downLast30days": 0, "downLast90days": {}}}, {"maxAge": 1, "period": "+1y", "endDate": null, "growth": {}, "earningsEstimate": {"avg": 0.0, "low": 0.0, "high": 0.0, "yearAgoEps": {}, "numberOfAnalysts": 0, "growth": {}}, "revenueEstimate": {"avg": 0, "low": 0, "high": 0, "numberOfAnalysts": 0, "yearAgoRevenue": {}, "growth": {}}, "epsTrend": {"current": 0.0, "7daysAgo": 0.0, "30daysAgo": 0.0, "60daysAgo": 0.0, "90daysAgo": 0.0}, "epsRevisions": {"upLast7days": 0, "upLast30days": 0, "downLast30days": 0, "downLast90days": {}}}, {"maxAge": 1, "period": "+5y", "endDate": null, "growth": {}, "earningsEstimate": {"avg": {}, "low": {}, "high": {}, "yearAgoEps": {}, "numberOfAnalysts": {}, "growth": {}}, "revenueEstimate": {"avg": {}, "low": {}, "high": {}, "numberOfAnalysts": {}, "yearAgoRevenue": {}, "growth": {}}, "epsTrend": {"current": {}, "7daysAgo": {}, "30daysAgo": {}, "60daysAgo": {}, "90daysAgo": {}}, "epsRevisions": {"upLast7days": {}, "upLast30days": {}, "downLast30days": {}, "downLast90days": {}}}, {"maxAge": 1, "period": "-5y", "endDate": null, "growth": 2.49016, "earningsEstimate": {"avg": {}, "low": {}, "high": {}, "yearAgoEps": {}, "numberOfAnalysts": {}, "growth": {}}, "revenueEstimate": {"avg": {}, "low": {}, "high": {}, "numberOfAnalysts": {}, "yearAgoRevenue": {}, "growth": {}}, "epsTrend": {"current": {}, "7daysAgo": {}, "30daysAgo": {}, "60daysAgo": {}, "90daysAgo": {}}, "epsRevisions": {"upLast7days": {}, "upLast30days": {}, "downLast30days": {}, "downLast90days": {}}}], "maxAge": 1}, "financialData": {"maxAge": 86400, "currentPrice": 33.8, "recommendationKey": "none", "grossProfits": 1107500000, "financialCurrency": "INR"}}}