{"TIMESGTY.NS": {"assetProfile": {"address1": "Times Tower", "address2": "5th Floor Kamala Mills Compound Senapati Bapat Marg, Lower Parel", "city": "Mumbai", "zip": "400013", "country": "India", "phone": "91 22 2273 1386", "fax": "91 22 2273 1587", "website": "http://www.timesguarantylimited.com", "industry": "Asset Management", "sector": "Financial Services", "longBusinessSummary": "Times Guaranty Limited, a non-deposit accepting non-banking financial company, provides investment and financial services in India. It also provides retail and corporate lending, merchant banking, and money market related services. The company was formerly known as Times Guaranty Finance Limited and changed its name to Times Guaranty Limited in December 1999. The company was incorporated in 1989 and is based in Mumbai, India. Times Guaranty Limited is a subsidiary of Bennett Coleman and Company Limited.", "fullTimeEmployees": 2, "companyOfficers": [{"maxAge": 1, "name": "Ms. Anita Rajendra Malusare", "age": 54, "title": "CEO & Exec. Director", "yearBorn": 1966, "fiscalYear": 2020, "totalPay": 1094773, "exercisedValue": 0, "unexercisedValue": 0}, {"maxAge": 1, "name": "Mr. Pramod  Karmarkar", "title": "Chief Financial Officer", "fiscalYear": 2020, "totalPay": 435585, "exercisedValue": 0, "unexercisedValue": 0}, {"maxAge": 1, "name": "Ms. Shweta  Chaturvedi", "age": 41, "title": "Compliance Officer & Company Sec.", "yearBorn": 1979, "fiscalYear": 2020, "totalPay": 0, "exercisedValue": 0, "unexercisedValue": 0}], "compensationAsOfEpochDate": "2020-12-31 05:30:00", "maxAge": 86400}, "cashflowStatementHistory": {"cashflowStatements": [{"maxAge": 1, "endDate": "2020-03-31", "netIncome": 13174000, "changeToNetincome": -19475000, "changeToLiabilities": 279000, "changeToOperatingActivities": -99603000, "totalCashFromOperatingActivities": -105625000, "investments": 108840000, "otherCashflowsFromInvestingActivities": 57000, "totalCashflowsFromInvestingActivities": 108903000, "changeInCash": 3278000}, {"maxAge": 1, "endDate": "2019-03-31", "netIncome": 16434000, "changeToNetincome": -12883000, "changeToLiabilities": 74000, "changeToOperatingActivities": -8918000, "totalCashFromOperatingActivities": -5293000, "investments": 10962000, "otherCashflowsFromInvestingActivities": -5627000, "totalCashflowsFromInvestingActivities": 5343000, "changeInCash": 50000}, {"maxAge": 1, "endDate": "2018-03-31", "netIncome": 4811000, "changeToNetincome": -14245000, "changeToLiabilities": 0, "changeToInventory": 6000, "changeToOperatingActivities": 157000, "totalCashFromOperatingActivities": -9271000, "investments": 7865000, "otherCashflowsFromInvestingActivities": 1085000, "totalCashflowsFromInvestingActivities": 8950000, "changeInCash": -321000}, {"maxAge": 1, "endDate": "2017-03-31", "netIncome": 40575000, "changeToNetincome": 3031000, "changeToLiabilities": 0, "changeToInventory": 6000, "changeToOperatingActivities": 1230000, "totalCashFromOperatingActivities": 44836000, "investments": -44511000, "otherCashflowsFromInvestingActivities": 1085000, "totalCashflowsFromInvestingActivities": -44511000, "changeInCash": 325000}], "maxAge": 86400}, "institutionOwnership": {"ownershipList": [], "maxAge": 1}, "majorHoldersBreakdown": {"maxAge": 1, "insidersPercentHeld": 0.74917, "institutionsPercentHeld": 0.0, "institutionsFloatPercentHeld": 0.0, "institutionsCount": 0}, "balanceSheetHistoryQuarterly": {"balanceSheetStatements": [{"maxAge": 1, "endDate": "2020-12-31", "totalStockholderEquity": 359993000, "netTangibleAssets": 359993000}, {"maxAge": 1, "endDate": "2020-09-30", "cash": 1234000, "netReceivables": 11811000, "totalCurrentAssets": 13045000, "longTermInvestments": 346233000, "otherAssets": 1072000, "totalAssets": 360350000, "otherLiab": 357000, "totalLiab": 357000, "commonStock": 89931000, "treasuryStock": 270062000, "otherStockholderEquity": 270062000, "totalStockholderEquity": 359993000, "netTangibleAssets": 359993000}, {"maxAge": 1, "endDate": "2020-06-30", "totalStockholderEquity": 345672000, "netTangibleAssets": 345672000}, {"maxAge": 1, "endDate": "2020-03-31", "cash": 3371000, "netReceivables": 16885000, "otherCurrentAssets": 100028000, "totalCurrentAssets": 120284000, "longTermInvestments": 226174000, "otherAssets": 680000, "totalAssets": 347138000, "otherLiab": 1466000, "totalLiab": 1466000, "commonStock": 89931000, "retainedEarnings": 190887000, "treasuryStock": 60090000, "capitalSurplus": 4764000, "otherStockholderEquity": 60090000, "totalStockholderEquity": 345672000, "netTangibleAssets": 345672000}], "maxAge": 86400}, "indexTrend": {"maxAge": 1, "symbol": "SP5", "peRatio": 19.7411, "pegRatio": 1.34172, "estimates": [{"period": "0q", "growth": 0.549}, {"period": "+1q", "growth": 0.431}, {"period": "0y", "growth": 0.305}, {"period": "+1y", "growth": 0.109}, {"period": "+5y", "growth": 0.120865}, {"period": "-5y"}]}, "defaultKeyStatistics": {"maxAge": 1, "priceHint": 2, "enterpriseValue": 481764992, "profitMargins": 0.72385, "floatShares": 1995736, "sharesOutstanding": 8993150, "heldPercentInsiders": 0.74917, "heldPercentInstitutions": 0.0, "beta": 1.363636, "category": null, "bookValue": 44.812, "priceToBook": 1.138088, "fundFamily": null, "legalType": null, "lastFiscalYearEnd": "2020-03-31 05:30:00", "nextFiscalYearEnd": "2022-03-31 05:30:00", "mostRecentQuarter": "2020-12-31 05:30:00", "earningsQuarterlyGrowth": 0.539, "netIncomeToCommon": 20115000, "trailingEps": 2.231, "lastSplitFactor": null, "enterpriseToRevenue": 17.337}, "summaryProfile": {"address1": "Times Tower", "address2": "5th Floor Kamala Mills Compound Senapati Bapat Marg, Lower Parel", "city": "Mumbai", "zip": "400013", "country": "India", "phone": "91 22 2273 1386", "fax": "91 22 2273 1587", "website": "http://www.timesguarantylimited.com", "industry": "Asset Management", "sector": "Financial Services", "longBusinessSummary": "Times Guaranty Limited, a non-deposit accepting non-banking financial company, provides investment and financial services in India. It also provides retail and corporate lending, merchant banking, and money market related services. The company was formerly known as Times Guaranty Finance Limited and changed its name to Times Guaranty Limited in December 1999. The company was incorporated in 1989 and is based in Mumbai, India. Times Guaranty Limited is a subsidiary of Bennett Coleman and Company Limited.", "fullTimeEmployees": 2, "companyOfficers": [], "maxAge": 86400}, "netSharePurchaseActivity": {"maxAge": 1, "period": "6m", "buyInfoCount": 0, "buyInfoShares": 0, "sellInfoCount": 0, "netInfoCount": 0, "netInfoShares": 0, "netPercentInsiderShares": 0.0, "totalInsiderShares": 6744610}, "quoteType": {"exchange": "NSI", "quoteType": "EQUITY", "symbol": "TIMESGTY.NS", "underlyingSymbol": "TIMESGTY.NS", "shortName": "TIMES GUARANTY", "longName": "Times Guaranty Limited", "firstTradeDateEpochUtc": "2002-07-01 09:15:00", "timeZoneFullName": "Asia/Kolkata", "timeZoneShortName": "IST", "uuid": "b04e6acf-5d1a-3374-a6d5-c25c66d3d5e3", "gmtOffSetMilliseconds": 19800000, "maxAge": 1}, "incomeStatementHistory": {"incomeStatementHistory": [{"maxAge": 1, "endDate": "2020-03-31", "totalRevenue": 23582000, "costOfRevenue": 36000, "grossProfit": 23546000, "researchDevelopment": {}, "sellingGeneralAdministrative": 2070000, "nonRecurring": {}, "otherOperatingExpenses": 4613000, "totalOperatingExpenses": 6719000, "operatingIncome": 16863000, "totalOtherIncomeExpenseNet": 112000, "ebit": 16863000, "interestExpense": {}, "incomeBeforeTax": 16975000, "incomeTaxExpense": 3801000, "minorityInterest": {}, "netIncomeFromContinuingOps": 13174000, "discontinuedOperations": {}, "extraordinaryItems": {}, "effectOfAccountingCharges": {}, "otherItems": {}, "netIncome": 13174000, "netIncomeApplicableToCommonShares": 13174000}, {"maxAge": 1, "endDate": "2019-03-31", "totalRevenue": 29546000, "costOfRevenue": 36000, "grossProfit": 29510000, "researchDevelopment": {}, "sellingGeneralAdministrative": 2148000, "nonRecurring": {}, "otherOperatingExpenses": 3517000, "totalOperatingExpenses": 5701000, "operatingIncome": 23845000, "totalOtherIncomeExpenseNet": 0, "ebit": 23845000, "interestExpense": {}, "incomeBeforeTax": 23845000, "incomeTaxExpense": 7411000, "minorityInterest": {}, "netIncomeFromContinuingOps": 16434000, "discontinuedOperations": {}, "extraordinaryItems": {}, "effectOfAccountingCharges": {}, "otherItems": {}, "netIncome": 16434000, "netIncomeApplicableToCommonShares": 16434000}, {"maxAge": 1, "endDate": "2018-03-31", "totalRevenue": 11120000, "costOfRevenue": 36000, "grossProfit": 11084000, "researchDevelopment": {}, "sellingGeneralAdministrative": 2229000, "nonRecurring": {}, "otherOperatingExpenses": 2438000, "totalOperatingExpenses": 4703000, "operatingIncome": 6417000, "totalOtherIncomeExpenseNet": 0, "ebit": 6417000, "interestExpense": {}, "incomeBeforeTax": 6417000, "incomeTaxExpense": 1606000, "minorityInterest": {}, "netIncomeFromContinuingOps": 4811000, "discontinuedOperations": {}, "extraordinaryItems": {}, "effectOfAccountingCharges": {}, "otherItems": {}, "netIncome": 4811000, "netIncomeApplicableToCommonShares": 4811000}, {"maxAge": 1, "endDate": "2017-03-31", "totalRevenue": 55757000, "costOfRevenue": 36000, "grossProfit": 55721000, "researchDevelopment": {}, "sellingGeneralAdministrative": 2303000, "nonRecurring": {}, "otherOperatingExpenses": 2143000, "totalOperatingExpenses": 4482000, "operatingIncome": 51275000, "totalOtherIncomeExpenseNet": 0, "ebit": 51275000, "interestExpense": {}, "incomeBeforeTax": 51275000, "incomeTaxExpense": 10700000, "minorityInterest": {}, "netIncomeFromContinuingOps": 40575000, "discontinuedOperations": {}, "extraordinaryItems": {}, "effectOfAccountingCharges": {}, "otherItems": {}, "netIncome": 40575000, "netIncomeApplicableToCommonShares": 40575000}], "maxAge": 86400}, "fundOwnership": {"ownershipList": [], "maxAge": 1}, "summaryDetail": {"maxAge": 1, "priceHint": 2, "previousClose": 53.65, "open": 51.0, "dayLow": 51.0, "dayHigh": 51.0, "regularMarketPreviousClose": 53.65, "regularMarketOpen": 51.0, "regularMarketDayLow": 51.0, "regularMarketDayHigh": 51.0, "payoutRatio": 0.0, "beta": 1.363636, "trailingPE": 22.859705, "volume": 3721, "regularMarketVolume": 3721, "averageVolume": 3303, "averageVolume10days": 1031, "averageDailyVolume10Day": 1031, "bid": 0.0, "ask": 0.0, "bidSize": 0, "askSize": 0, "marketCap": 474038880, "fiftyTwoWeekLow": 14.7, "fiftyTwoWeekHigh": 51.0, "priceToSalesTrailing12Months": 17.058508, "fiftyDayAverage": 25.466667, "twoHundredDayAverage": 25.03107, "currency": "INR", "fromCurrency": null, "lastMarket": null, "algorithm": null, "tradeable": false}, "incomeStatementHistoryQuarterly": {"incomeStatementHistory": [{"maxAge": 1, "endDate": "2020-12-31", "totalRevenue": 8586000, "costOfRevenue": 0, "grossProfit": 8586000, "researchDevelopment": {}, "sellingGeneralAdministrative": 460000, "nonRecurring": {}, "otherOperatingExpenses": 651000, "totalOperatingExpenses": 1111000, "operatingIncome": 7475000, "totalOtherIncomeExpenseNet": 0, "ebit": 7475000, "interestExpense": {}, "incomeBeforeTax": 7475000, "incomeTaxExpense": 993000, "minorityInterest": {}, "netIncomeFromContinuingOps": 6482000, "discontinuedOperations": {}, "extraordinaryItems": {}, "effectOfAccountingCharges": {}, "otherItems": {}, "netIncome": 6482000, "netIncomeApplicableToCommonShares": 6482000}, {"maxAge": 1, "endDate": "2020-09-30", "totalRevenue": 4415000, "costOfRevenue": 0, "grossProfit": 4415000, "researchDevelopment": {}, "sellingGeneralAdministrative": 491000, "nonRecurring": {}, "otherOperatingExpenses": 737000, "totalOperatingExpenses": 1228000, "operatingIncome": 3187000, "totalOtherIncomeExpenseNet": -3782000, "ebit": 3187000, "interestExpense": {}, "incomeBeforeTax": -595000, "incomeTaxExpense": -354000, "minorityInterest": {}, "netIncomeFromContinuingOps": -241000, "discontinuedOperations": {}, "extraordinaryItems": {}, "effectOfAccountingCharges": {}, "otherItems": {}, "netIncome": -241000, "netIncomeApplicableToCommonShares": -241000}, {"maxAge": 1, "endDate": "2020-06-30", "totalRevenue": 17745000, "costOfRevenue": 0, "grossProfit": 17745000, "researchDevelopment": {}, "sellingGeneralAdministrative": 441000, "nonRecurring": {}, "otherOperatingExpenses": 130000, "totalOperatingExpenses": 571000, "operatingIncome": 17174000, "totalOtherIncomeExpenseNet": 0, "ebit": 17174000, "interestExpense": {}, "incomeBeforeTax": 17174000, "incomeTaxExpense": 2612000, "minorityInterest": {}, "netIncomeFromContinuingOps": 14562000, "discontinuedOperations": {}, "extraordinaryItems": {}, "effectOfAccountingCharges": {}, "otherItems": {}, "netIncome": 14562000, "netIncomeApplicableToCommonShares": 14562000}, {"maxAge": 1, "endDate": "2020-03-31", "totalRevenue": 825000, "costOfRevenue": 36000, "grossProfit": 789000, "researchDevelopment": {}, "sellingGeneralAdministrative": 595000, "nonRecurring": {}, "otherOperatingExpenses": 1587000, "totalOperatingExpenses": 2218000, "operatingIncome": -1393000, "totalOtherIncomeExpenseNet": 112000, "ebit": -1393000, "interestExpense": {}, "incomeBeforeTax": -1281000, "incomeTaxExpense": -592000, "minorityInterest": {}, "netIncomeFromContinuingOps": -689000, "discontinuedOperations": {}, "extraordinaryItems": {}, "effectOfAccountingCharges": {}, "otherItems": {}, "netIncome": -689000, "netIncomeApplicableToCommonShares": -689000}], "maxAge": 86400}, "cashflowStatementHistoryQuarterly": {"cashflowStatements": [{"maxAge": 1, "endDate": "2020-12-31", "netIncome": 6482000, "changeToLiabilities": 0}, {"maxAge": 1, "endDate": "2020-09-30", "netIncome": -241000, "changeToLiabilities": 0}, {"maxAge": 1, "endDate": "2020-06-30", "netIncome": 14562000, "changeToLiabilities": 0}, {"maxAge": 1, "endDate": "2020-03-31", "netIncome": -689000, "changeToLiabilities": 0}], "maxAge": 86400}, "insiderHolders": {"holders": [], "maxAge": 1}, "calendarEvents": {"maxAge": 1, "earnings": {"earningsDate": []}}, "upgradeDowngradeHistory": {"history": [], "maxAge": 86400}, "price": {"maxAge": 1, "regularMarketChangePercent": -0.04939425, "regularMarketChange": -2.6500015, "regularMarketTime": "2021-04-30 14:36:46", "priceHint": 2, "regularMarketPrice": 51.0, "regularMarketDayHigh": 51.0, "regularMarketDayLow": 51.0, "regularMarketVolume": 3721, "averageDailyVolume10Day": 1031, "averageDailyVolume3Month": 3303, "regularMarketPreviousClose": 53.65, "regularMarketSource": "FREE_REALTIME", "regularMarketOpen": 51.0, "exchange": "NSI", "exchangeName": "NSE", "exchangeDataDelayedBy": 15, "marketState": "CLOSED", "quoteType": "EQUITY", "symbol": "TIMESGTY.NS", "underlyingSymbol": null, "shortName": "TIMES GUARANTY", "longName": "Times Guaranty Limited", "currency": "INR", "quoteSourceName": "Delayed Quote", "currencySymbol": "\u20b9", "fromCurrency": null, "lastMarket": null, "marketCap": 474038880}, "balanceSheetHistory": {"balanceSheetStatements": [{"maxAge": 1, "endDate": "2020-03-31", "cash": 3371000, "netReceivables": 16885000, "otherCurrentAssets": 100028000, "totalCurrentAssets": 120284000, "longTermInvestments": 226174000, "otherAssets": 680000, "totalAssets": 347138000, "otherLiab": 1466000, "totalLiab": 1466000, "commonStock": 89931000, "retainedEarnings": 190887000, "treasuryStock": 60090000, "capitalSurplus": 4764000, "otherStockholderEquity": 60090000, "totalStockholderEquity": 345672000, "netTangibleAssets": 345672000}, {"maxAge": 1, "endDate": "2019-03-31", "cash": 93000, "netReceivables": 10510000, "otherCurrentAssets": 75000, "totalCurrentAssets": 10681000, "longTermInvestments": 321978000, "otherAssets": 748000, "totalAssets": 333407000, "otherLiab": 908000, "totalLiab": 908000, "commonStock": 89931000, "retainedEarnings": 177714000, "treasuryStock": 60090000, "capitalSurplus": 4764000, "otherStockholderEquity": 60090000, "totalStockholderEquity": 332499000, "netTangibleAssets": 332499000}, {"maxAge": 1, "endDate": "2018-03-31", "cash": 43000, "shortTermInvestments": 16485000, "netReceivables": 15000, "otherCurrentAssets": 127000, "totalCurrentAssets": 16670000, "longTermInvestments": 266013000, "otherAssets": 12683000, "totalAssets": 295366000, "otherCurrentLiab": 1134000, "otherLiab": 8686000, "totalCurrentLiabilities": 1134000, "totalLiab": 9820000, "commonStock": 89931000, "retainedEarnings": 130761000, "treasuryStock": 60090000, "capitalSurplus": 4764000, "otherStockholderEquity": 60090000, "totalStockholderEquity": 285546000, "netTangibleAssets": 285546000}, {"maxAge": 1, "endDate": "2017-03-31", "cash": 364000, "shortTermInvestments": 50010000, "otherCurrentAssets": 191000, "totalCurrentAssets": 50571000, "longTermInvestments": 230345000, "otherAssets": 9540000, "totalAssets": 290456000, "otherCurrentLiab": 801000, "otherLiab": 8820000, "totalCurrentLiabilities": 901000, "totalLiab": 9721000, "commonStock": 89931000, "retainedEarnings": 125950000, "treasuryStock": 60090000, "capitalSurplus": 4764000, "otherStockholderEquity": 60090000, "totalStockholderEquity": 280735000, "netTangibleAssets": 280735000}], "maxAge": 86400}, "financialData": {"maxAge": 86400, "currentPrice": 51.0, "recommendationKey": "none", "totalCash": 1234000, "totalCashPerShare": 0.137, "totalDebt": 0, "totalRevenue": 27789000, "revenuePerShare": 3.089, "grossProfits": 23546000, "earningsGrowth": 0.532, "revenueGrowth": 0.278, "grossMargins": 0.9987, "ebitdaMargins": 0.0, "operatingMargins": 0.8155, "profitMargins": 0.72385, "financialCurrency": "INR"}}}