{"TIMESGTY.BO": {"cashflowStatementHistory": {"cashflowStatements": [{"maxAge": 1, "endDate": "2020-03-31", "netIncome": 13174000, "changeToNetincome": -19475000, "changeToLiabilities": 279000, "changeToOperatingActivities": -99603000, "totalCashFromOperatingActivities": -105625000, "investments": 108840000, "otherCashflowsFromInvestingActivities": 57000, "totalCashflowsFromInvestingActivities": 108903000, "changeInCash": 3278000}, {"maxAge": 1, "endDate": "2019-03-31", "netIncome": 16434000, "changeToNetincome": -12883000, "changeToLiabilities": 74000, "changeToOperatingActivities": -8918000, "totalCashFromOperatingActivities": -5293000, "investments": 10962000, "otherCashflowsFromInvestingActivities": -5627000, "totalCashflowsFromInvestingActivities": 5343000, "changeInCash": 50000}, {"maxAge": 1, "endDate": "2018-03-31", "netIncome": 4811000, "changeToNetincome": -14245000, "changeToLiabilities": 0, "changeToInventory": 6000, "changeToOperatingActivities": 157000, "totalCashFromOperatingActivities": -9271000, "investments": 7865000, "otherCashflowsFromInvestingActivities": 1085000, "totalCashflowsFromInvestingActivities": 8950000, "changeInCash": -321000}, {"maxAge": 1, "endDate": "2017-03-31", "netIncome": 40575000, "changeToNetincome": 3031000, "changeToLiabilities": 0, "changeToInventory": 6000, "changeToOperatingActivities": 1230000, "totalCashFromOperatingActivities": 44836000, "investments": -44511000, "otherCashflowsFromInvestingActivities": 1085000, "totalCashflowsFromInvestingActivities": -44511000, "changeInCash": 325000}], "maxAge": 86400}, "institutionOwnership": {"maxAge": 1, "ownershipList": []}, "balanceSheetHistoryQuarterly": {"balanceSheetStatements": [{"maxAge": 1, "endDate": "2020-06-30", "totalStockholderEquity": 345672000, "netTangibleAssets": 345672000}, {"maxAge": 1, "endDate": "2020-03-31", "cash": 3371000, "netReceivables": 16885000, "otherCurrentAssets": 100028000, "totalCurrentAssets": 120284000, "longTermInvestments": 226174000, "otherAssets": 680000, "totalAssets": 347138000, "otherLiab": 1466000, "totalLiab": 1466000, "commonStock": 89931000, "retainedEarnings": 190887000, "treasuryStock": 60090000, "capitalSurplus": 4764000, "otherStockholderEquity": 60090000, "totalStockholderEquity": 345672000, "netTangibleAssets": 345672000}, {"maxAge": 1, "endDate": "2019-12-31", "totalStockholderEquity": 339725000, "netTangibleAssets": 339725000}, {"maxAge": 1, "endDate": "2019-09-30", "cash": 196000, "netReceivables": 1005000, "totalCurrentAssets": 1201000, "longTermInvestments": 326818000, "otherAssets": 13186000, "totalAssets": 341205000, "otherCurrentLiab": 1449000, "otherLiab": 31000, "totalCurrentLiabilities": 1449000, "totalLiab": 1480000, "commonStock": 89931000, "treasuryStock": 249794000, "otherStockholderEquity": 249794000, "totalStockholderEquity": 339725000, "netTangibleAssets": 339725000}], "maxAge": 86400}, "indexTrend": {"maxAge": 1, "symbol": "SP5", "peRatio": 19.7411, "pegRatio": 1.34172, "estimates": [{"period": "0q", "growth": 0.549}, {"period": "+1q", "growth": 0.431}, {"period": "0y", "growth": 0.305}, {"period": "+1y", "growth": 0.109}, {"period": "+5y", "growth": 0.120865}, {"period": "-5y"}]}, "quoteType": {"exchange": "BSE", "quoteType": "EQUITY", "symbol": "TIMESGTY.BO", "underlyingSymbol": "TIMESGTY.BO", "shortName": "TIMES GUARANTY LTD.", "longName": "Times Guaranty Limited", "firstTradeDateEpochUtc": "2002-05-29 09:15:00", "timeZoneFullName": "Asia/Kolkata", "timeZoneShortName": "IST", "uuid": "05f8f7ec-e3fb-3755-898e-c76dfaab9c64", "messageBoardId": null, "gmtOffSetMilliseconds": 19800000, "maxAge": 1}, "incomeStatementHistory": {"incomeStatementHistory": [{"maxAge": 1, "endDate": "2020-03-31", "totalRevenue": 23582000, "costOfRevenue": 36000, "grossProfit": 23546000, "researchDevelopment": {}, "sellingGeneralAdministrative": 2070000, "nonRecurring": {}, "otherOperatingExpenses": 4613000, "totalOperatingExpenses": 6719000, "operatingIncome": 16863000, "totalOtherIncomeExpenseNet": 112000, "ebit": 16863000, "interestExpense": {}, "incomeBeforeTax": 16975000, "incomeTaxExpense": 3801000, "minorityInterest": {}, "netIncomeFromContinuingOps": 13174000, "discontinuedOperations": {}, "extraordinaryItems": {}, "effectOfAccountingCharges": {}, "otherItems": {}, "netIncome": 13174000, "netIncomeApplicableToCommonShares": 13174000}, {"maxAge": 1, "endDate": "2019-03-31", "totalRevenue": 29546000, "costOfRevenue": 36000, "grossProfit": 29510000, "researchDevelopment": {}, "sellingGeneralAdministrative": 2148000, "nonRecurring": {}, "otherOperatingExpenses": 3517000, "totalOperatingExpenses": 5701000, "operatingIncome": 23845000, "totalOtherIncomeExpenseNet": 0, "ebit": 23845000, "interestExpense": {}, "incomeBeforeTax": 23845000, "incomeTaxExpense": 7411000, "minorityInterest": {}, "netIncomeFromContinuingOps": 16434000, "discontinuedOperations": {}, "extraordinaryItems": {}, "effectOfAccountingCharges": {}, "otherItems": {}, "netIncome": 16434000, "netIncomeApplicableToCommonShares": 16434000}, {"maxAge": 1, "endDate": "2018-03-31", "totalRevenue": 11120000, "costOfRevenue": 36000, "grossProfit": 11084000, "researchDevelopment": {}, "sellingGeneralAdministrative": 2229000, "nonRecurring": {}, "otherOperatingExpenses": 2438000, "totalOperatingExpenses": 4703000, "operatingIncome": 6417000, "totalOtherIncomeExpenseNet": 0, "ebit": 6417000, "interestExpense": {}, "incomeBeforeTax": 6417000, "incomeTaxExpense": 1606000, "minorityInterest": {}, "netIncomeFromContinuingOps": 4811000, "discontinuedOperations": {}, "extraordinaryItems": {}, "effectOfAccountingCharges": {}, "otherItems": {}, "netIncome": 4811000, "netIncomeApplicableToCommonShares": 4811000}, {"maxAge": 1, "endDate": "2017-03-31", "totalRevenue": 55757000, "costOfRevenue": 36000, "grossProfit": 55721000, "researchDevelopment": {}, "sellingGeneralAdministrative": 2303000, "nonRecurring": {}, "otherOperatingExpenses": 2143000, "totalOperatingExpenses": 4482000, "operatingIncome": 51275000, "totalOtherIncomeExpenseNet": 0, "ebit": 51275000, "interestExpense": {}, "incomeBeforeTax": 51275000, "incomeTaxExpense": 10700000, "minorityInterest": {}, "netIncomeFromContinuingOps": 40575000, "discontinuedOperations": {}, "extraordinaryItems": {}, "effectOfAccountingCharges": {}, "otherItems": {}, "netIncome": 40575000, "netIncomeApplicableToCommonShares": 40575000}], "maxAge": 86400}, "fundOwnership": {"maxAge": 1, "ownershipList": []}, "summaryDetail": {"maxAge": 1, "priceHint": 2, "previousClose": 55.45, "open": 52.7, "dayLow": 52.7, "dayHigh": 52.7, "regularMarketPreviousClose": 55.45, "regularMarketOpen": 52.7, "regularMarketDayLow": 52.7, "regularMarketDayHigh": 52.7, "trailingPE": 16.92357, "volume": 403, "regularMarketVolume": 403, "averageVolume": 2122, "averageVolume10days": 1640, "averageDailyVolume10Day": 1640, "bid": 0.0, "ask": 58.35, "bidSize": 0, "askSize": 0, "marketCap": 473939008, "fiftyTwoWeekLow": 14.25, "fiftyTwoWeekHigh": 52.7, "fiftyDayAverage": 26.095589, "twoHundredDayAverage": 25.959124, "currency": "INR", "fromCurrency": null, "toCurrency": null, "lastMarket": null, "algorithm": null, "tradeable": false}, "incomeStatementHistoryQuarterly": {"incomeStatementHistory": [{"maxAge": 1, "endDate": "2020-06-30", "totalRevenue": 17745000, "costOfRevenue": 0, "grossProfit": 17745000, "researchDevelopment": {}, "sellingGeneralAdministrative": 441000, "nonRecurring": {}, "otherOperatingExpenses": 130000, "totalOperatingExpenses": 571000, "operatingIncome": 17174000, "totalOtherIncomeExpenseNet": 0, "ebit": 17174000, "interestExpense": {}, "incomeBeforeTax": 17174000, "incomeTaxExpense": 2612000, "minorityInterest": {}, "netIncomeFromContinuingOps": 14562000, "discontinuedOperations": {}, "extraordinaryItems": {}, "effectOfAccountingCharges": {}, "otherItems": {}, "netIncome": 14562000, "netIncomeApplicableToCommonShares": 14562000}, {"maxAge": 1, "endDate": "2020-03-31", "totalRevenue": 825000, "costOfRevenue": 36000, "grossProfit": 789000, "researchDevelopment": {}, "sellingGeneralAdministrative": 595000, "nonRecurring": {}, "otherOperatingExpenses": 1587000, "totalOperatingExpenses": 2218000, "operatingIncome": -1393000, "totalOtherIncomeExpenseNet": 112000, "ebit": -1393000, "interestExpense": {}, "incomeBeforeTax": -1281000, "incomeTaxExpense": -592000, "minorityInterest": {}, "netIncomeFromContinuingOps": -689000, "discontinuedOperations": {}, "extraordinaryItems": {}, "effectOfAccountingCharges": {}, "otherItems": {}, "netIncome": -689000, "netIncomeApplicableToCommonShares": -689000}, {"maxAge": 1, "endDate": "2019-12-31", "totalRevenue": 6719000, "costOfRevenue": 0, "grossProfit": 6719000, "researchDevelopment": {}, "sellingGeneralAdministrative": 507000, "nonRecurring": {}, "otherOperatingExpenses": 667000, "totalOperatingExpenses": 1174000, "operatingIncome": 5545000, "totalOtherIncomeExpenseNet": 0, "ebit": 5545000, "interestExpense": {}, "incomeBeforeTax": 5545000, "incomeTaxExpense": 1333000, "minorityInterest": {}, "netIncomeFromContinuingOps": 4212000, "discontinuedOperations": {}, "extraordinaryItems": {}, "effectOfAccountingCharges": {}, "otherItems": {}, "netIncome": 4212000, "netIncomeApplicableToCommonShares": 4212000}, {"maxAge": 1, "endDate": "2019-09-30", "totalRevenue": 15383000, "costOfRevenue": 0, "grossProfit": 15383000, "researchDevelopment": {}, "sellingGeneralAdministrative": 461000, "nonRecurring": {}, "otherOperatingExpenses": 2233000, "totalOperatingExpenses": 2694000, "operatingIncome": 12689000, "totalOtherIncomeExpenseNet": 0, "ebit": 12689000, "interestExpense": {}, "incomeBeforeTax": 12689000, "incomeTaxExpense": 2784000, "minorityInterest": {}, "netIncomeFromContinuingOps": 9905000, "discontinuedOperations": {}, "extraordinaryItems": {}, "effectOfAccountingCharges": {}, "otherItems": {}, "netIncome": 9905000, "netIncomeApplicableToCommonShares": 9905000}], "maxAge": 86400}, "cashflowStatementHistoryQuarterly": {"cashflowStatements": [{"maxAge": 1, "endDate": "2020-06-30", "netIncome": 14562000, "changeToLiabilities": 0}, {"maxAge": 1, "endDate": "2020-03-31", "netIncome": -689000, "changeToLiabilities": 0}, {"maxAge": 1, "endDate": "2019-12-31", "netIncome": 4212000, "changeToLiabilities": 0}, {"maxAge": 1, "endDate": "2019-09-30", "netIncome": 9905000, "changeToLiabilities": 0}], "maxAge": 86400}, "insiderHolders": {"holders": [], "maxAge": 1}, "calendarEvents": {"maxAge": 1, "earnings": {"earningsDate": []}}, "price": {"maxAge": 1, "regularMarketChangePercent": -0.049594227, "regularMarketChange": -2.75, "regularMarketTime": "2021-04-30 13:03:35", "priceHint": 2, "regularMarketPrice": 52.7, "regularMarketDayHigh": 52.7, "regularMarketDayLow": 52.7, "regularMarketVolume": 403, "averageDailyVolume10Day": 1640, "averageDailyVolume3Month": 2122, "regularMarketPreviousClose": 55.45, "regularMarketSource": "FREE_REALTIME", "regularMarketOpen": 52.7, "exchange": "BSE", "exchangeName": "BSE", "exchangeDataDelayedBy": 0, "marketState": "CLOSED", "quoteType": "EQUITY", "symbol": "TIMESGTY.BO", "underlyingSymbol": null, "shortName": "TIMES GUARANTY LTD.", "longName": "Times Guaranty Limited", "currency": "INR", "quoteSourceName": "Delayed Quote", "currencySymbol": "\u20b9", "fromCurrency": null, "toCurrency": null, "lastMarket": null, "marketCap": 473939008}, "balanceSheetHistory": {"balanceSheetStatements": [{"maxAge": 1, "endDate": "2020-03-31", "cash": 3371000, "netReceivables": 16885000, "otherCurrentAssets": 100028000, "totalCurrentAssets": 120284000, "longTermInvestments": 226174000, "otherAssets": 680000, "totalAssets": 347138000, "otherLiab": 1466000, "totalLiab": 1466000, "commonStock": 89931000, "retainedEarnings": 190887000, "treasuryStock": 60090000, "capitalSurplus": 4764000, "otherStockholderEquity": 60090000, "totalStockholderEquity": 345672000, "netTangibleAssets": 345672000}, {"maxAge": 1, "endDate": "2019-03-31", "cash": 93000, "netReceivables": 10510000, "otherCurrentAssets": 75000, "totalCurrentAssets": 10681000, "longTermInvestments": 321978000, "otherAssets": 748000, "totalAssets": 333407000, "otherLiab": 908000, "totalLiab": 908000, "commonStock": 89931000, "retainedEarnings": 177714000, "treasuryStock": 60090000, "capitalSurplus": 4764000, "otherStockholderEquity": 60090000, "totalStockholderEquity": 332499000, "netTangibleAssets": 332499000}, {"maxAge": 1, "endDate": "2018-03-31", "cash": 43000, "shortTermInvestments": 16485000, "netReceivables": 15000, "otherCurrentAssets": 127000, "totalCurrentAssets": 16670000, "longTermInvestments": 266013000, "otherAssets": 12683000, "totalAssets": 295366000, "otherCurrentLiab": 1134000, "otherLiab": 8686000, "totalCurrentLiabilities": 1134000, "totalLiab": 9820000, "commonStock": 89931000, "retainedEarnings": 130761000, "treasuryStock": 60090000, "capitalSurplus": 4764000, "otherStockholderEquity": 60090000, "totalStockholderEquity": 285546000, "netTangibleAssets": 285546000}, {"maxAge": 1, "endDate": "2017-03-31", "cash": 364000, "shortTermInvestments": 50010000, "otherCurrentAssets": 191000, "totalCurrentAssets": 50571000, "longTermInvestments": 230345000, "otherAssets": 9540000, "totalAssets": 290456000, "otherCurrentLiab": 801000, "otherLiab": 8820000, "totalCurrentLiabilities": 901000, "totalLiab": 9721000, "commonStock": 89931000, "retainedEarnings": 125950000, "treasuryStock": 60090000, "capitalSurplus": 4764000, "otherStockholderEquity": 60090000, "totalStockholderEquity": 280735000, "netTangibleAssets": 280735000}], "maxAge": 86400}, "financialData": {"maxAge": 86400, "currentPrice": 52.7, "recommendationKey": "none", "grossProfits": 23546000, "financialCurrency": "INR"}}}