{"TIMKEN.NS": {"assetProfile": {"address1": "39-42, Electronic City", "address2": "Phase II Hosur Road", "city": "Bengaluru", "zip": "560100", "country": "India", "phone": "91 80 4136 2000", "fax": "91 80 4136 2010", "website": "http://www.timken.com/en-in", "industry": "Specialty Industrial Machinery", "sector": "Industrials", "longBusinessSummary": "Timken India Limited manufactures and distributes tapered roller bearings, components, and accessories for the automotive sector and railway industry in India and internationally. The company offers cylindrical, plain, spherical roller, tapered roller, thrust, precision, and ball bearing, as well as seals, maintenance tools, housed units, and wheel hub under the Timken brand; and integrated bearing assemblies, driver center support bearings for commercial and light vehicles, and lubrication and lubrication systems. It also provides mechanical power transmission products, as well as maintenance contract and refurbishment services. The company was formerly known as Tata Timken Limited and changed its name to Timken India Limited in July 1999. The company was incorporated in 1987 and is based in Bengaluru, India. Timken India Limited is a subsidiary of Timken Singapore PTE. Limited.", "fullTimeEmployees": 1269, "companyOfficers": [{"maxAge": 1, "name": "Mr. Sanjay  Koul", "age": 55, "title": "Chairman, MD & CEO", "yearBorn": 1965, "fiscalYear": 2020, "totalPay": 31880874, "exercisedValue": 0, "unexercisedValue": 0}, {"maxAge": 1, "name": "Mr. Avishrant  Keshava", "age": 52, "title": "Bus. Controller of India, CFO & Whole-Time Director", "yearBorn": 1968, "fiscalYear": 2020, "totalPay": 8254394, "exercisedValue": 0, "unexercisedValue": 0}, {"maxAge": 1, "name": "Mr. Mandar  Vasmatkar", "title": "Company Sec. & Chief of Compliance", "fiscalYear": 2020, "totalPay": 2840962, "exercisedValue": 0, "unexercisedValue": 0}, {"maxAge": 1, "name": "Ms. Regina  Vasudevan", "title": "Head of Communications", "exercisedValue": 0, "unexercisedValue": 0}, {"maxAge": 1, "name": "Mr. S.  Sivaramakrishnan", "title": "Gen. Mang. of Marketing, New Bus. Devel., Channel Devel. & Strategic Planning", "exercisedValue": 0, "unexercisedValue": 0}, {"maxAge": 1, "name": "Kumar  Sudesh", "age": 53, "title": "Managing Director of Middle East, Africa and Turkey", "yearBorn": 1967, "exercisedValue": 0, "unexercisedValue": 0}], "compensationAsOfEpochDate": "2020-12-31 05:30:00", "maxAge": 86400}, "recommendationTrend": {"trend": [{"period": "0m", "strongBuy": 0, "buy": 0, "hold": 0, "sell": 0, "strongSell": 0}, {"period": "-1m", "strongBuy": 2, "buy": 2, "hold": 1, "sell": 1, "strongSell": 0}, {"period": "-2m", "strongBuy": 2, "buy": 2, "hold": 1, "sell": 1, "strongSell": 0}, {"period": "-3m", "strongBuy": 3, "buy": 2, "hold": 1, "sell": 1, "strongSell": 0}], "maxAge": 86400}, "cashflowStatementHistory": {"cashflowStatements": [{"maxAge": 1, "endDate": "2020-03-31", "netIncome": 2460990000, "depreciation": 736630000, "changeToNetincome": -382460000, "changeToAccountReceivables": 222610000, "changeToLiabilities": -153170000, "changeToInventory": 256640000, "changeToOperatingActivities": 395720000, "totalCashFromOperatingActivities": 3568970000, "capitalExpenditures": -1262800000, "otherCashflowsFromInvestingActivities": 128440000, "totalCashflowsFromInvestingActivities": -1074860000, "dividendsPaid": -75210000, "netBorrowings": -48000000, "otherCashflowsFromFinancingActivities": -42950000, "totalCashFromFinancingActivities": -166160000, "effectOfExchangeRate": -26110000, "changeInCash": 2301840000}, {"maxAge": 1, "endDate": "2019-03-31", "netIncome": 1486420000, "depreciation": 763300000, "changeToNetincome": -48650000, "changeToAccountReceivables": -586190000, "changeToLiabilities": 191580000, "changeToInventory": -400910000, "changeToOperatingActivities": 1052280000, "totalCashFromOperatingActivities": 2487820000, "capitalExpenditures": -1174140000, "otherCashflowsFromInvestingActivities": 76640000, "totalCashflowsFromInvestingActivities": -1097400000, "dividendsPaid": -75210000, "netBorrowings": -124730000, "otherCashflowsFromFinancingActivities": -33050000, "totalCashFromFinancingActivities": -232990000, "effectOfExchangeRate": 22230000, "changeInCash": 1194620000}, {"maxAge": 1, "endDate": "2018-03-31", "netIncome": 919910000, "depreciation": 431140000, "changeToNetincome": -42320000, "changeToAccountReceivables": -323130000, "changeToLiabilities": 356180000, "changeToInventory": -574200000, "changeToOperatingActivities": -377910000, "totalCashFromOperatingActivities": 389910000, "capitalExpenditures": -724040000, "otherCashflowsFromInvestingActivities": 75750000, "totalCashflowsFromInvestingActivities": -638380000, "dividendsPaid": -67990000, "netBorrowings": 75390000, "otherCashflowsFromFinancingActivities": -26380000, "totalCashFromFinancingActivities": -18980000, "effectOfExchangeRate": -2940000, "changeInCash": -270390000}, {"maxAge": 1, "endDate": "2017-03-31", "netIncome": 971970000, "depreciation": 285100000, "changeToNetincome": -40940000, "changeToAccountReceivables": 22420000, "changeToLiabilities": 437960000, "changeToInventory": -20920000, "changeToOperatingActivities": -18690000, "totalCashFromOperatingActivities": 1640690000, "capitalExpenditures": -1309820000, "otherCashflowsFromInvestingActivities": 54610000, "totalCashflowsFromInvestingActivities": -1250930000, "dividendsPaid": -68000000, "netBorrowings": 40890000, "otherCashflowsFromFinancingActivities": -19950000, "totalCashFromFinancingActivities": -47060000, "effectOfExchangeRate": -4480000, "changeInCash": 338220000}], "maxAge": 86400}, "indexTrend": {"maxAge": 1, "symbol": "SP5", "peRatio": 19.7411, "pegRatio": 1.34172, "estimates": [{"period": "0q", "growth": 0.549}, {"period": "+1q", "growth": 0.431}, {"period": "0y", "growth": 0.305}, {"period": "+1y", "growth": 0.109}, {"period": "+5y", "growth": 0.120865}, {"period": "-5y"}]}, "defaultKeyStatistics": {"maxAge": 1, "priceHint": 2, "enterpriseValue": 103451222016, "forwardPE": 59.04752, "profitMargins": 0.11293, "floatShares": 19590247, "sharesOutstanding": 75218704, "heldPercentInsiders": 0.71327, "heldPercentInstitutions": 0.1195, "beta": 0.698949, "category": null, "bookValue": 166.557, "priceToBook": 8.430447, "fundFamily": null, "legalType": null, "lastFiscalYearEnd": "2020-03-31 05:30:00", "nextFiscalYearEnd": "2022-03-31 05:30:00", "mostRecentQuarter": "2020-12-31 05:30:00", "earningsQuarterlyGrowth": -0.56, "netIncomeToCommon": 1514989952, "trailingEps": 20.247, "forwardEps": 20.95, "pegRatio": 1.59, "lastSplitFactor": null, "enterpriseToRevenue": 7.711, "enterpriseToEbitda": 40.568}, "industryTrend": {"maxAge": 1, "symbol": null, "estimates": []}, "quoteType": {"exchange": "NSI", "quoteType": "EQUITY", "symbol": "TIMKEN.NS", "underlyingSymbol": "TIMKEN.NS", "shortName": "TIMKEN INDIA", "longName": "Timken India Limited", "firstTradeDateEpochUtc": "2002-08-12 09:15:00", "timeZoneFullName": "Asia/Kolkata", "timeZoneShortName": "IST", "uuid": "6434b3ee-e12d-37a5-b614-98c237e15241", "gmtOffSetMilliseconds": 19800000, "maxAge": 1}, "incomeStatementHistory": {"incomeStatementHistory": [{"maxAge": 1, "endDate": "2020-03-31", "totalRevenue": 16177510000, "costOfRevenue": 8777610000, "grossProfit": 7399900000, "researchDevelopment": {}, "sellingGeneralAdministrative": 1258230000, "nonRecurring": {}, "otherOperatingExpenses": 2472160000, "totalOperatingExpenses": 13276640000, "operatingIncome": 2900870000, "totalOtherIncomeExpenseNet": 162700000, "ebit": 2900870000, "interestExpense": -27510000, "incomeBeforeTax": 3063570000, "incomeTaxExpense": 602580000, "minorityInterest": {}, "netIncomeFromContinuingOps": 2460990000, "discontinuedOperations": {}, "extraordinaryItems": {}, "effectOfAccountingCharges": {}, "otherItems": {}, "netIncome": 2460990000, "netIncomeApplicableToCommonShares": 2460990000}, {"maxAge": 1, "endDate": "2019-03-31", "totalRevenue": 16644330000, "costOfRevenue": 9470180000, "grossProfit": 7174150000, "researchDevelopment": {}, "sellingGeneralAdministrative": 1299840000, "nonRecurring": {}, "otherOperatingExpenses": 2975370000, "totalOperatingExpenses": 14522240000, "operatingIncome": 2122090000, "totalOtherIncomeExpenseNet": 116120000, "ebit": 2122090000, "interestExpense": -17590000, "incomeBeforeTax": 2238210000, "incomeTaxExpense": 751790000, "minorityInterest": {}, "netIncomeFromContinuingOps": 1486420000, "discontinuedOperations": {}, "extraordinaryItems": {}, "effectOfAccountingCharges": {}, "otherItems": {}, "netIncome": 1486420000, "netIncomeApplicableToCommonShares": 1486420000}, {"maxAge": 1, "endDate": "2018-03-31", "totalRevenue": 12340060000, "costOfRevenue": 7434170000, "grossProfit": 4905890000, "researchDevelopment": {}, "sellingGeneralAdministrative": 954050000, "nonRecurring": {}, "otherOperatingExpenses": 2300990000, "totalOperatingExpenses": 11120590000, "operatingIncome": 1219470000, "totalOtherIncomeExpenseNet": 178010000, "ebit": 1219470000, "interestExpense": -12160000, "incomeBeforeTax": 1397480000, "incomeTaxExpense": 477570000, "minorityInterest": {}, "netIncomeFromContinuingOps": 919910000, "discontinuedOperations": {}, "extraordinaryItems": {}, "effectOfAccountingCharges": {}, "otherItems": {}, "netIncome": 919910000, "netIncomeApplicableToCommonShares": 919910000}, {"maxAge": 1, "endDate": "2017-03-31", "totalRevenue": 10561750000, "costOfRevenue": 6347260000, "grossProfit": 4214490000, "researchDevelopment": {}, "sellingGeneralAdministrative": 789450000, "nonRecurring": {}, "otherOperatingExpenses": 1845220000, "totalOperatingExpenses": 9270820000, "operatingIncome": 1290930000, "totalOtherIncomeExpenseNet": 90850000, "ebit": 1290930000, "interestExpense": -8370000, "incomeBeforeTax": 1381780000, "incomeTaxExpense": 409810000, "minorityInterest": {}, "netIncomeFromContinuingOps": 971970000, "discontinuedOperations": {}, "extraordinaryItems": {}, "effectOfAccountingCharges": {}, "otherItems": {}, "netIncome": 971970000, "netIncomeApplicableToCommonShares": 971970000}], "maxAge": 86400}, "fundOwnership": {"ownershipList": [{"maxAge": 1, "reportDate": "2021-01-31", "organization": "Vanguard International Stock Index-Total Intl Stock Indx", "pctHeld": 0.0041, "position": 310493, "value": 371830892}, {"maxAge": 1, "reportDate": "2021-01-31", "organization": "Vanguard International Stock Index-Emerging Markets Stk", "pctHeld": 0.0037, "position": 280807, "value": 336280422}, {"maxAge": 1, "reportDate": "2021-02-28", "organization": "WisdomTree Tr-WisdomTree Emerging Markets Small Cap Dividend Fund", "pctHeld": 0.0028, "position": 208878, "value": 266027020}, {"maxAge": 1, "reportDate": "2021-01-31", "organization": "DFA Emerging Markets Core Equity Portfolio", "pctHeld": 0.0022, "position": 161971, "value": 193968371}, {"maxAge": 1, "reportDate": "2021-01-31", "organization": "DFA Emerging Markets Small Cap Series", "pctHeld": 0.0017, "position": 126462, "value": 151444568}, {"maxAge": 1, "reportDate": "2021-01-31", "organization": "Vanguard Intl Equity Index Fds-FTSE All World ex U.S.Small Cap Index", "pctHeld": 0.00090000004, "position": 66955, "value": 80181960}, {"maxAge": 1, "reportDate": "2021-01-31", "organization": "Financial Investors Tr-ALPS/Kotak India Growth Fund", "pctHeld": 0.00059999997, "position": 43792, "value": 52443109}, {"maxAge": 1, "reportDate": "2021-03-31", "organization": "iShares MSCI India Small Cap ETF", "pctHeld": 0.0005, "position": 34880, "value": 45221920}, {"maxAge": 1, "reportDate": "2021-03-31", "organization": "SPDR Portfolio Emerging Markets ETF", "pctHeld": 0.00029999999, "position": 19288, "value": 25006892}, {"maxAge": 1, "reportDate": "2021-03-31", "organization": "SPDR (R) Idx Shares-SPDR (R) Emerging Markets Small Cap ETF", "pctHeld": 0.0002, "position": 17113, "value": 22187004}], "maxAge": 1}, "summaryDetail": {"maxAge": 1, "priceHint": 2, "previousClose": 1389.0, "open": 1385.0, "dayLow": 1368.55, "dayHigh": 1420.0, "regularMarketPreviousClose": 1389.0, "regularMarketOpen": 1385.0, "regularMarketDayLow": 1368.55, "regularMarketDayHigh": 1420.0, "dividendRate": 50.0, "dividendYield": 0.036, "exDividendDate": "2020-07-23 05:30:00", "payoutRatio": 2.4617999, "beta": 0.698949, "trailingPE": 69.35102, "forwardPE": 67.023865, "volume": 76848, "regularMarketVolume": 76848, "averageVolume": 37119, "averageVolume10days": 33793, "averageDailyVolume10Day": 33793, "bid": 0.0, "ask": 0.0, "bidSize": 0, "askSize": 0, "marketCap": 105911107584, "fiftyTwoWeekLow": 741.9, "fiftyTwoWeekHigh": 1450.0, "priceToSalesTrailing12Months": 7.894617, "fiftyDayAverage": 1282.8647, "twoHundredDayAverage": 1193.46, "trailingAnnualDividendRate": 50.0, "trailingAnnualDividendYield": 0.03599712, "currency": "INR", "fromCurrency": null, "lastMarket": null, "algorithm": null, "tradeable": false}, "insiderHolders": {"holders": [{"maxAge": 1, "name": "Das (Ajay Kumar)", "relation": "UNREPORTED", "url": "", "transactionDescription": "Purchase", "latestTransDate": "2014-09-30", "positionDirect": 16, "positionDirectDate": "2014-09-30"}, {"maxAge": 1, "name": "Timken (Mauritius) Ltd", "relation": "Promoter", "url": "", "transactionDescription": "Sale", "latestTransDate": "2012-03-26", "positionDirect": 0, "positionDirectDate": "2012-03-26"}, {"maxAge": 1, "name": "Timken Singapore Pte. Ltd.", "relation": "Promoter", "url": "", "transactionDescription": "Acquisition", "latestTransDate": "2012-03-26", "positionDirect": 50999988, "positionDirectDate": "2012-03-26"}], "maxAge": 1}, "calendarEvents": {"maxAge": 1, "earnings": {"earningsDate": []}, "exDividendDate": "2020-07-23 05:30:00"}, "upgradeDowngradeHistory": {"history": [], "maxAge": 86400}, "price": {"maxAge": 1, "regularMarketChangePercent": 0.010907146, "regularMarketChange": 15.150024, "regularMarketTime": "2021-04-30 15:29:50", "priceHint": 2, "regularMarketPrice": 1404.15, "regularMarketDayHigh": 1420.0, "regularMarketDayLow": 1368.55, "regularMarketVolume": 76848, "averageDailyVolume10Day": 33793, "averageDailyVolume3Month": 37119, "regularMarketPreviousClose": 1389.0, "regularMarketSource": "FREE_REALTIME", "regularMarketOpen": 1385.0, "exchange": "NSI", "exchangeName": "NSE", "exchangeDataDelayedBy": 15, "marketState": "CLOSED", "quoteType": "EQUITY", "symbol": "TIMKEN.NS", "underlyingSymbol": null, "shortName": "TIMKEN INDIA", "longName": "Timken India Limited", "currency": "INR", "quoteSourceName": "Delayed Quote", "currencySymbol": "\u20b9", "fromCurrency": null, "lastMarket": null, "marketCap": 105911107584}, "balanceSheetHistory": {"balanceSheetStatements": [{"maxAge": 1, "endDate": "2020-03-31", "cash": 4146510000, "netReceivables": 3045380000, "inventory": 2914150000, "otherCurrentAssets": 175600000, "totalCurrentAssets": 10425150000, "longTermInvestments": 300000, "propertyPlantEquipment": 6604580000, "goodWill": 1813110000, "intangibleAssets": 627390000, "otherAssets": 304310000, "totalAssets": 19774840000, "accountsPayable": 1966330000, "otherCurrentLiab": 463520000, "otherLiab": 1128100000, "totalCurrentLiabilities": 2856690000, "totalLiab": 4008110000, "commonStock": 752080000, "retainedEarnings": 9405980000, "treasuryStock": 260000000, "capitalSurplus": 5348670000, "otherStockholderEquity": 260000000, "totalStockholderEquity": 15766730000, "netTangibleAssets": 13326230000}, {"maxAge": 1, "endDate": "2019-03-31", "cash": 219090000, "netReceivables": 3206450000, "inventory": 3170790000, "otherCurrentAssets": 383120000, "totalCurrentAssets": 8749730000, "longTermInvestments": 300000, "propertyPlantEquipment": 5017350000, "goodWill": 1813110000, "intangibleAssets": 1750570000, "otherAssets": 414270000, "totalAssets": 17745330000, "accountsPayable": 1974440000, "otherCurrentLiab": 499950000, "otherLiab": 1246530000, "totalCurrentLiabilities": 3091370000, "totalLiab": 4337900000, "commonStock": 752080000, "retainedEarnings": 7046680000, "treasuryStock": 260000000, "capitalSurplus": 5348670000, "otherStockholderEquity": 260000000, "totalStockholderEquity": 13407430000, "netTangibleAssets": 9843750000}, {"maxAge": 1, "endDate": "2018-03-31", "cash": 229970000, "netReceivables": 2421010000, "inventory": 2454480000, "otherCurrentAssets": 812800000, "totalCurrentAssets": 6479820000, "longTermInvestments": 300000, "propertyPlantEquipment": 3048090000, "intangibleAssets": 1180000, "otherAssets": 259380000, "totalAssets": 9788770000, "accountsPayable": 1680360000, "otherCurrentLiab": 203220000, "otherLiab": 352720000, "totalCurrentLiabilities": 2412740000, "totalLiab": 2765460000, "commonStock": 679890000, "retainedEarnings": 5647900000, "treasuryStock": 260000000, "capitalSurplus": 435520000, "otherStockholderEquity": 260000000, "totalStockholderEquity": 7023310000, "netTangibleAssets": 7022130000}, {"maxAge": 1, "endDate": "2017-03-31", "cash": 146590000, "netReceivables": 2142330000, "inventory": 1880280000, "otherCurrentAssets": 410840000, "totalCurrentAssets": 5494040000, "longTermInvestments": 300000, "propertyPlantEquipment": 2887090000, "intangibleAssets": 380000, "otherAssets": 390500000, "deferredLongTermAssetCharges": 32240000, "totalAssets": 8772310000, "accountsPayable": 1245390000, "otherCurrentLiab": 536460000, "otherLiab": 217360000, "totalCurrentLiabilities": 2376260000, "totalLiab": 2593620000, "commonStock": 679890000, "retainedEarnings": 4803280000, "treasuryStock": 260000000, "capitalSurplus": 435520000, "otherStockholderEquity": 260000000, "totalStockholderEquity": 6178690000, "netTangibleAssets": 6178310000}], "maxAge": 86400}, "earningsTrend": {"trend": [{"maxAge": 1, "period": "0q", "endDate": "2018-03-31", "growth": {}, "earningsEstimate": {"avg": 0.0, "low": 0.0, "high": 0.0, "yearAgoEps": 3.78, "numberOfAnalysts": 0, "growth": {}}, "revenueEstimate": {"avg": 0, "low": 0, "high": 0, "numberOfAnalysts": 0, "yearAgoRevenue": {}, "growth": {}}, "epsTrend": {"current": 0.0, "7daysAgo": 0.0, "30daysAgo": 0.0, "60daysAgo": 0.0, "90daysAgo": 0.0}, "epsRevisions": {"upLast7days": 0, "upLast30days": 0, "downLast30days": 0, "downLast90days": {}}}, {"maxAge": 1, "period": "+1q", "endDate": "2018-06-30", "growth": {}, "earningsEstimate": {"avg": 0.0, "low": 0.0, "high": 0.0, "yearAgoEps": 3.22, "numberOfAnalysts": 0, "growth": {}}, "revenueEstimate": {"avg": 0, "low": 0, "high": 0, "numberOfAnalysts": 0, "yearAgoRevenue": {}, "growth": {}}, "epsTrend": {"current": 0.0, "7daysAgo": 0.0, "30daysAgo": 0.0, "60daysAgo": 0.0, "90daysAgo": 0.0}, "epsRevisions": {"upLast7days": 0, "upLast30days": 0, "downLast30days": 0, "downLast90days": {}}}, {"maxAge": 1, "period": "0y", "endDate": "2018-03-31", "growth": 0.29299998, "earningsEstimate": {"avg": 18.49, "low": 16.96, "high": 20.6, "yearAgoEps": 14.3, "numberOfAnalysts": 3, "growth": 0.29299998}, "revenueEstimate": {"avg": 13362700000, "low": 12390000000, "high": 14151000000, "numberOfAnalysts": 3, "yearAgoRevenue": 11172200000, "growth": 0.19600001}, "epsTrend": {"current": 18.49, "7daysAgo": 18.49, "30daysAgo": 18.49, "60daysAgo": 19.25, "90daysAgo": 17.7}, "epsRevisions": {"upLast7days": 0, "upLast30days": 0, "downLast30days": 0, "downLast90days": {}}}, {"maxAge": 1, "period": "+1y", "endDate": "2019-03-31", "growth": 0.286, "earningsEstimate": {"avg": 23.78, "low": 21.23, "high": 25.4, "yearAgoEps": 18.49, "numberOfAnalysts": 3, "growth": 0.286}, "revenueEstimate": {"avg": 16816900000, "low": 14798600000, "high": 18578000000, "numberOfAnalysts": 3, "yearAgoRevenue": 13362700000, "growth": 0.258}, "epsTrend": {"current": 23.78, "7daysAgo": 23.78, "30daysAgo": 23.78, "60daysAgo": 25.05, "90daysAgo": 21.28}, "epsRevisions": {"upLast7days": 0, "upLast30days": 0, "downLast30days": 0, "downLast90days": {}}}, {"maxAge": 1, "period": "+5y", "endDate": null, "growth": 0.29, "earningsEstimate": {"avg": {}, "low": {}, "high": {}, "yearAgoEps": {}, "numberOfAnalysts": {}, "growth": {}}, "revenueEstimate": {"avg": {}, "low": {}, "high": {}, "numberOfAnalysts": {}, "yearAgoRevenue": {}, "growth": {}}, "epsTrend": {"current": {}, "7daysAgo": {}, "30daysAgo": {}, "60daysAgo": {}, "90daysAgo": {}}, "epsRevisions": {"upLast7days": {}, "upLast30days": {}, "downLast30days": {}, "downLast90days": {}}}, {"maxAge": 1, "period": "-5y", "endDate": null, "growth": 0.097600006, "earningsEstimate": {"avg": {}, "low": {}, "high": {}, "yearAgoEps": {}, "numberOfAnalysts": {}, "growth": {}}, "revenueEstimate": {"avg": {}, "low": {}, "high": {}, "numberOfAnalysts": {}, "yearAgoRevenue": {}, "growth": {}}, "epsTrend": {"current": {}, "7daysAgo": {}, "30daysAgo": {}, "60daysAgo": {}, "90daysAgo": {}}, "epsRevisions": {"upLast7days": {}, "upLast30days": {}, "downLast30days": {}, "downLast90days": {}}}], "maxAge": 1}, "institutionOwnership": {"ownershipList": [{"maxAge": 1, "reportDate": "2020-12-31", "organization": "Stanley-Laman Group, Ltd.", "pctHeld": 0.001, "position": 72159, "value": 95946214}], "maxAge": 1}, "majorHoldersBreakdown": {"maxAge": 1, "insidersPercentHeld": 0.71327, "institutionsPercentHeld": 0.1195, "institutionsFloatPercentHeld": 0.41676, "institutionsCount": 38}, "balanceSheetHistoryQuarterly": {"balanceSheetStatements": [{"maxAge": 1, "endDate": "2020-12-31", "totalStockholderEquity": 12526900000, "netTangibleAssets": 10094100000}, {"maxAge": 1, "endDate": "2020-09-30", "cash": 1268300000, "shortTermInvestments": 13800000, "netReceivables": 2665000000, "inventory": 2966300000, "otherCurrentAssets": 235000000, "totalCurrentAssets": 7148400000, "longTermInvestments": 300000, "propertyPlantEquipment": 6700300000, "goodWill": 1813100000, "intangibleAssets": 619700000, "otherAssets": 281500000, "totalAssets": 16563300000, "accountsPayable": 2068000000, "otherCurrentLiab": 597400000, "otherLiab": 1097400000, "totalCurrentLiabilities": 2921300000, "totalLiab": 4036400000, "commonStock": 752200000, "treasuryStock": 11774700000, "otherStockholderEquity": 11774700000, "totalStockholderEquity": 12526900000, "netTangibleAssets": 10094100000}, {"maxAge": 1, "endDate": "2020-06-30", "totalStockholderEquity": 15766730000, "netTangibleAssets": 13326230000}, {"maxAge": 1, "endDate": "2020-03-31", "cash": 4146510000, "netReceivables": 3045380000, "inventory": 2914150000, "otherCurrentAssets": 175600000, "totalCurrentAssets": 10425150000, "longTermInvestments": 300000, "propertyPlantEquipment": 6604580000, "goodWill": 1813110000, "intangibleAssets": 627390000, "otherAssets": 304310000, "totalAssets": 19774840000, "accountsPayable": 1966330000, "otherCurrentLiab": 463520000, "otherLiab": 1128100000, "totalCurrentLiabilities": 2856690000, "totalLiab": 4008110000, "commonStock": 752080000, "retainedEarnings": 9405980000, "treasuryStock": 260000000, "capitalSurplus": 5348670000, "otherStockholderEquity": 260000000, "totalStockholderEquity": 15766730000, "netTangibleAssets": 13326230000}], "maxAge": 86400}, "earningsHistory": {"history": [{"maxAge": 1, "epsActual": 3.78, "epsEstimate": 4.27, "epsDifference": -0.49, "surprisePercent": -0.115, "quarter": "2017-03-31", "period": "-4q"}, {"maxAge": 1, "epsActual": 3.22, "epsEstimate": 4.2, "epsDifference": -0.98, "surprisePercent": -0.233, "quarter": "2017-06-30", "period": "-3q"}, {"maxAge": 1, "epsActual": 5.48, "epsEstimate": 4.8, "epsDifference": 0.68, "surprisePercent": 0.142, "quarter": "2017-09-30", "period": "-2q"}, {"maxAge": 1, "epsActual": 1.35, "epsEstimate": 4.61, "epsDifference": -3.26, "surprisePercent": -0.70699996, "quarter": "2017-12-31", "period": "-1q"}], "maxAge": 86400}, "summaryProfile": {"address1": "39-42, Electronic City", "address2": "Phase II Hosur Road", "city": "Bengaluru", "zip": "560100", "country": "India", "phone": "91 80 4136 2000", "fax": "91 80 4136 2010", "website": "http://www.timken.com/en-in", "industry": "Specialty Industrial Machinery", "sector": "Industrials", "longBusinessSummary": "Timken India Limited manufactures and distributes tapered roller bearings, components, and accessories for the automotive sector and railway industry in India and internationally. The company offers cylindrical, plain, spherical roller, tapered roller, thrust, precision, and ball bearing, as well as seals, maintenance tools, housed units, and wheel hub under the Timken brand; and integrated bearing assemblies, driver center support bearings for commercial and light vehicles, and lubrication and lubrication systems. It also provides mechanical power transmission products, as well as maintenance contract and refurbishment services. The company was formerly known as Tata Timken Limited and changed its name to Timken India Limited in July 1999. The company was incorporated in 1987 and is based in Bengaluru, India. Timken India Limited is a subsidiary of Timken Singapore PTE. Limited.", "fullTimeEmployees": 1269, "companyOfficers": [], "maxAge": 86400}, "netSharePurchaseActivity": {"maxAge": 1, "period": "6m", "buyInfoCount": 0, "buyInfoShares": 0, "sellInfoCount": 0, "netInfoCount": 0, "netInfoShares": 0, "netPercentInsiderShares": 0.0, "totalInsiderShares": 53682956}, "insiderTransactions": {"transactions": [{"maxAge": 1, "shares": 16, "filerUrl": "", "transactionText": "", "filerName": "Das (Ajay Kumar)", "filerRelation": "UNREPORTED", "moneyText": "", "startDate": "2014-09-30", "ownership": "D"}, {"maxAge": 1, "shares": 50999988, "filerUrl": "", "transactionText": "", "filerName": "Timken (Mauritius) Ltd", "filerRelation": "Promoter", "moneyText": "", "startDate": "2012-03-26", "ownership": "D"}, {"maxAge": 1, "shares": 50999988, "filerUrl": "", "transactionText": "", "filerName": "Timken Singapore Pte. Ltd.", "filerRelation": "Promoter", "moneyText": "", "startDate": "2012-03-26", "ownership": "D"}], "maxAge": 1}, "sectorTrend": {"maxAge": 1, "symbol": null, "estimates": []}, "incomeStatementHistoryQuarterly": {"incomeStatementHistory": [{"maxAge": 1, "endDate": "2020-12-31", "totalRevenue": 3835700000, "costOfRevenue": 2148000000, "grossProfit": 1687700000, "researchDevelopment": {}, "sellingGeneralAdministrative": 298700000, "nonRecurring": {}, "otherOperatingExpenses": 718300000, "totalOperatingExpenses": 3352600000, "operatingIncome": 483100000, "totalOtherIncomeExpenseNet": 15200000, "ebit": 483100000, "interestExpense": -2900000, "incomeBeforeTax": 498300000, "incomeTaxExpense": 126500000, "minorityInterest": {}, "netIncomeFromContinuingOps": 371800000, "discontinuedOperations": {}, "extraordinaryItems": {}, "effectOfAccountingCharges": {}, "otherItems": {}, "netIncome": 371800000, "netIncomeApplicableToCommonShares": 371800000}, {"maxAge": 1, "endDate": "2020-09-30", "totalRevenue": 3922300000, "costOfRevenue": 2150700000, "grossProfit": 1771600000, "researchDevelopment": {}, "sellingGeneralAdministrative": 303300000, "nonRecurring": {}, "otherOperatingExpenses": 641700000, "totalOperatingExpenses": 3272300000, "operatingIncome": 650000000, "totalOtherIncomeExpenseNet": 19500000, "ebit": 650000000, "interestExpense": -2600000, "incomeBeforeTax": 669500000, "incomeTaxExpense": 170100000, "minorityInterest": {}, "netIncomeFromContinuingOps": 499400000, "discontinuedOperations": {}, "extraordinaryItems": {}, "effectOfAccountingCharges": {}, "otherItems": {}, "netIncome": 499400000, "netIncomeApplicableToCommonShares": 499400000}, {"maxAge": 1, "endDate": "2020-06-30", "totalRevenue": 1602300000, "costOfRevenue": 837200000, "grossProfit": 765100000, "researchDevelopment": {}, "sellingGeneralAdministrative": 262200000, "nonRecurring": {}, "otherOperatingExpenses": 362200000, "totalOperatingExpenses": 1640900000, "operatingIncome": -38600000, "totalOtherIncomeExpenseNet": 74900000, "ebit": -38600000, "interestExpense": -3100000, "incomeBeforeTax": 36300000, "incomeTaxExpense": 4800000, "minorityInterest": {}, "netIncomeFromContinuingOps": 31500000, "discontinuedOperations": {}, "extraordinaryItems": {}, "effectOfAccountingCharges": {}, "otherItems": {}, "netIncome": 31500000, "netIncomeApplicableToCommonShares": 31500000}, {"maxAge": 1, "endDate": "2020-03-31", "totalRevenue": 4055310000, "costOfRevenue": 2339410000, "grossProfit": 1715900000, "researchDevelopment": {}, "sellingGeneralAdministrative": 337630000, "nonRecurring": {}, "otherOperatingExpenses": 398360000, "totalOperatingExpenses": 3260540000, "operatingIncome": 794770000, "totalOtherIncomeExpenseNet": 29100000, "ebit": 794770000, "interestExpense": -2110000, "incomeBeforeTax": 823870000, "incomeTaxExpense": 211280000, "minorityInterest": {}, "netIncomeFromContinuingOps": 612590000, "discontinuedOperations": {}, "extraordinaryItems": {}, "effectOfAccountingCharges": {}, "otherItems": {}, "netIncome": 612590000, "netIncomeApplicableToCommonShares": 612590000}], "maxAge": 86400}, "cashflowStatementHistoryQuarterly": {"cashflowStatements": [{"maxAge": 1, "endDate": "2020-12-31", "netIncome": 371800000, "changeToLiabilities": 0}, {"maxAge": 1, "endDate": "2020-09-30", "netIncome": 499400000, "changeToLiabilities": 0}, {"maxAge": 1, "endDate": "2020-06-30", "netIncome": 31500000, "changeToLiabilities": 0}, {"maxAge": 1, "endDate": "2020-03-31", "netIncome": 612590000, "changeToLiabilities": 0}], "maxAge": 86400}, "earnings": {"maxAge": 86400, "earningsChart": {"quarterly": [{"date": "1Q2017", "actual": 3.78, "estimate": 4.27}, {"date": "2Q2017", "actual": 3.22, "estimate": 4.2}, {"date": "3Q2017", "actual": 5.48, "estimate": 4.8}, {"date": "4Q2017", "actual": 1.35, "estimate": 4.61}], "currentQuarterEstimateDate": "1Q", "currentQuarterEstimateYear": 2018, "earningsDate": []}, "financialsChart": {"yearly": [{"date": 2017, "revenue": 10561750000, "earnings": 971970000}, {"date": 2018, "revenue": 12340060000, "earnings": 919910000}, {"date": 2019, "revenue": 16644330000, "earnings": 1486420000}, {"date": 2020, "revenue": 16177510000, "earnings": 2460990000}], "quarterly": [{"date": "1Q2020", "revenue": 4055310000, "earnings": 612590000}, {"date": "2Q2020", "revenue": 1602300000, "earnings": 31500000}, {"date": "3Q2020", "revenue": 3922300000, "earnings": 499400000}, {"date": "4Q2020", "revenue": 3835700000, "earnings": 371800000}]}, "financialCurrency": "INR"}, "financialData": {"maxAge": 86400, "currentPrice": 1404.15, "targetHighPrice": 960.0, "targetLowPrice": 680.0, "targetMeanPrice": 841.75, "targetMedianPrice": 863.5, "recommendationMean": 2.4, "recommendationKey": "buy", "numberOfAnalystOpinions": 4, "totalCash": 1282099968, "totalCashPerShare": 17.035, "ebitda": 2550082560, "totalDebt": 192800000, "totalRevenue": 13415610368, "debtToEquity": 1.539, "revenuePerShare": 179.29, "grossProfits": 7399900000, "earningsGrowth": -0.56, "revenueGrowth": 0.028, "grossMargins": 0.44278, "ebitdaMargins": 0.19007999, "operatingMargins": 0.14081, "profitMargins": 0.11293, "financialCurrency": "INR"}}}