{"TIMKEN.BO": {"recommendationTrend": {"trend": [{"period": "0m", "strongBuy": 0, "buy": 0, "hold": 0, "sell": 0, "strongSell": 0}, {"period": "-1m", "strongBuy": 0, "buy": 0, "hold": 0, "sell": 0, "strongSell": 0}, {"period": "-2m", "strongBuy": 0, "buy": 0, "hold": 0, "sell": 0, "strongSell": 0}, {"period": "-3m", "strongBuy": 0, "buy": 0, "hold": 0, "sell": 0, "strongSell": 0}], "maxAge": 86400}, "cashflowStatementHistory": {"cashflowStatements": [{"maxAge": 1, "endDate": "2020-03-31", "netIncome": 2460990000, "depreciation": 736630000, "changeToNetincome": -382460000, "changeToAccountReceivables": 222610000, "changeToLiabilities": -153170000, "changeToInventory": 256640000, "changeToOperatingActivities": 395720000, "totalCashFromOperatingActivities": 3568970000, "capitalExpenditures": -1262800000, "otherCashflowsFromInvestingActivities": 128440000, "totalCashflowsFromInvestingActivities": -1074860000, "dividendsPaid": -75210000, "netBorrowings": -48000000, "otherCashflowsFromFinancingActivities": -42950000, "totalCashFromFinancingActivities": -166160000, "effectOfExchangeRate": -26110000, "changeInCash": 2301840000}, {"maxAge": 1, "endDate": "2019-03-31", "netIncome": 1486420000, "depreciation": 763300000, "changeToNetincome": -48650000, "changeToAccountReceivables": -586190000, "changeToLiabilities": 191580000, "changeToInventory": -400910000, "changeToOperatingActivities": 1052280000, "totalCashFromOperatingActivities": 2487820000, "capitalExpenditures": -1174140000, "otherCashflowsFromInvestingActivities": 76640000, "totalCashflowsFromInvestingActivities": -1097400000, "dividendsPaid": -75210000, "netBorrowings": -124730000, "otherCashflowsFromFinancingActivities": -33050000, "totalCashFromFinancingActivities": -232990000, "effectOfExchangeRate": 22230000, "changeInCash": 1194620000}, {"maxAge": 1, "endDate": "2018-03-31", "netIncome": 919910000, "depreciation": 431140000, "changeToNetincome": -42320000, "changeToAccountReceivables": -323130000, "changeToLiabilities": 356180000, "changeToInventory": -574200000, "changeToOperatingActivities": -377910000, "totalCashFromOperatingActivities": 389910000, "capitalExpenditures": -724040000, "otherCashflowsFromInvestingActivities": 75750000, "totalCashflowsFromInvestingActivities": -638380000, "dividendsPaid": -67990000, "netBorrowings": 75390000, "otherCashflowsFromFinancingActivities": -26380000, "totalCashFromFinancingActivities": -18980000, "effectOfExchangeRate": -2940000, "changeInCash": -270390000}, {"maxAge": 1, "endDate": "2017-03-31", "netIncome": 971970000, "depreciation": 285100000, "changeToNetincome": -40940000, "changeToAccountReceivables": 22420000, "changeToLiabilities": 437960000, "changeToInventory": -20920000, "changeToOperatingActivities": -18690000, "totalCashFromOperatingActivities": 1640690000, "capitalExpenditures": -1309820000, "otherCashflowsFromInvestingActivities": 54610000, "totalCashflowsFromInvestingActivities": -1250930000, "dividendsPaid": -68000000, "netBorrowings": 40890000, "otherCashflowsFromFinancingActivities": -19950000, "totalCashFromFinancingActivities": -47060000, "effectOfExchangeRate": -4480000, "changeInCash": 338220000}], "maxAge": 86400}, "institutionOwnership": {"ownershipList": [{"maxAge": 1, "reportDate": "2020-06-30", "organization": "Stanley-Laman Group, Ltd.", "pctHeld": 0.0015, "position": 112159, "value": 106315516}], "maxAge": 1}, "balanceSheetHistoryQuarterly": {"balanceSheetStatements": [{"maxAge": 1, "endDate": "2020-06-30", "totalStockholderEquity": 15766730000, "netTangibleAssets": 13326230000}, {"maxAge": 1, "endDate": "2020-03-31", "cash": 4146510000, "netReceivables": 3045380000, "inventory": 2914150000, "otherCurrentAssets": 175600000, "totalCurrentAssets": 10425150000, "longTermInvestments": 300000, "propertyPlantEquipment": 6604580000, "goodWill": 1813110000, "intangibleAssets": 627390000, "otherAssets": 304310000, "totalAssets": 19774840000, "accountsPayable": 1966330000, "otherCurrentLiab": 463520000, "otherLiab": 1128100000, "totalCurrentLiabilities": 2856690000, "totalLiab": 4008110000, "commonStock": 752080000, "retainedEarnings": 9405980000, "treasuryStock": 260000000, "capitalSurplus": 5348670000, "otherStockholderEquity": 260000000, "totalStockholderEquity": 15766730000, "netTangibleAssets": 13326230000}, {"maxAge": 1, "endDate": "2019-12-31", "totalStockholderEquity": 14302900000, "netTangibleAssets": 10771000000}, {"maxAge": 1, "endDate": "2019-09-30", "cash": 403100000, "shortTermInvestments": 2981800000, "netReceivables": 2927300000, "inventory": 3022800000, "otherCurrentAssets": 454800000, "totalCurrentAssets": 9789800000, "longTermInvestments": 300000, "propertyPlantEquipment": 5012300000, "goodWill": 1813200000, "intangibleAssets": 1718700000, "otherAssets": 420000000, "totalAssets": 18754300000, "accountsPayable": 2190500000, "otherCurrentLiab": 790400000, "otherLiab": 1199000000, "totalCurrentLiabilities": 3224900000, "totalLiab": 4451400000, "commonStock": 752100000, "treasuryStock": 13550800000, "otherStockholderEquity": 13550800000, "totalStockholderEquity": 14302900000, "netTangibleAssets": 10771000000}], "maxAge": 86400}, "earningsHistory": {"history": [{"maxAge": 1, "epsActual": 1.35, "epsEstimate": 4.61, "epsDifference": -3.26, "surprisePercent": -0.70699996, "quarter": "2017-12-31", "period": "-4q"}, {"maxAge": 1, "epsActual": 3.48, "epsEstimate": 4.15, "epsDifference": -0.67, "surprisePercent": -0.161, "quarter": "2018-03-31", "period": "-3q"}, {"maxAge": 1, "epsActual": 4.65, "epsEstimate": 4.25, "epsDifference": 0.4, "surprisePercent": 0.094, "quarter": "2018-06-30", "period": "-2q"}, {"maxAge": 1, "epsActual": 4.59, "epsEstimate": 5.02, "epsDifference": -0.43, "surprisePercent": -0.086, "quarter": "2018-09-30", "period": "-1q"}], "maxAge": 86400}, "indexTrend": {"maxAge": 1, "symbol": "SP5", "peRatio": 19.7411, "pegRatio": 1.34172, "estimates": [{"period": "0q", "growth": 0.549}, {"period": "+1q", "growth": 0.431}, {"period": "0y", "growth": 0.305}, {"period": "+1y", "growth": 0.109}, {"period": "+5y", "growth": 0.120865}, {"period": "-5y"}]}, "industryTrend": {"maxAge": 1, "symbol": null, "estimates": []}, "insiderTransactions": {"transactions": [{"maxAge": 1, "shares": 16, "filerUrl": "", "transactionText": "", "filerName": "Das (Ajay Kumar)", "filerRelation": "UNREPORTED", "moneyText": "", "startDate": "2014-09-30", "ownership": "D"}, {"maxAge": 1, "shares": 50999988, "filerUrl": "", "transactionText": "", "filerName": "Timken (Mauritius) Ltd", "filerRelation": "Promoter", "moneyText": "", "startDate": "2012-03-26", "ownership": "D"}, {"maxAge": 1, "shares": 50999988, "filerUrl": "", "transactionText": "", "filerName": "Timken Singapore Pte. Ltd.", "filerRelation": "Promoter", "moneyText": "", "startDate": "2012-03-26", "ownership": "D"}], "maxAge": 1}, "quoteType": {"exchange": "BSE", "quoteType": "EQUITY", "symbol": "TIMKEN.BO", "underlyingSymbol": "TIMKEN.BO", "shortName": "TIMKEN INDIA LTD.", "longName": "Timken India Limited", "firstTradeDateEpochUtc": "2000-01-03 09:15:00", "timeZoneFullName": "Asia/Kolkata", "timeZoneShortName": "IST", "uuid": "61304f14-2aac-3c98-9217-9a4920e94eee", "gmtOffSetMilliseconds": 19800000, "maxAge": 1}, "incomeStatementHistory": {"incomeStatementHistory": [{"maxAge": 1, "endDate": "2020-03-31", "totalRevenue": 16177510000, "costOfRevenue": 8777610000, "grossProfit": 7399900000, "researchDevelopment": {}, "sellingGeneralAdministrative": 1258230000, "nonRecurring": {}, "otherOperatingExpenses": 2472160000, "totalOperatingExpenses": 13276640000, "operatingIncome": 2900870000, "totalOtherIncomeExpenseNet": 162700000, "ebit": 2900870000, "interestExpense": -27510000, "incomeBeforeTax": 3063570000, "incomeTaxExpense": 602580000, "minorityInterest": {}, "netIncomeFromContinuingOps": 2460990000, "discontinuedOperations": {}, "extraordinaryItems": {}, "effectOfAccountingCharges": {}, "otherItems": {}, "netIncome": 2460990000, "netIncomeApplicableToCommonShares": 2460990000}, {"maxAge": 1, "endDate": "2019-03-31", "totalRevenue": 16644330000, "costOfRevenue": 9470180000, "grossProfit": 7174150000, "researchDevelopment": {}, "sellingGeneralAdministrative": 1299840000, "nonRecurring": {}, "otherOperatingExpenses": 2975370000, "totalOperatingExpenses": 14522240000, "operatingIncome": 2122090000, "totalOtherIncomeExpenseNet": 116120000, "ebit": 2122090000, "interestExpense": -17590000, "incomeBeforeTax": 2238210000, "incomeTaxExpense": 751790000, "minorityInterest": {}, "netIncomeFromContinuingOps": 1486420000, "discontinuedOperations": {}, "extraordinaryItems": {}, "effectOfAccountingCharges": {}, "otherItems": {}, "netIncome": 1486420000, "netIncomeApplicableToCommonShares": 1486420000}, {"maxAge": 1, "endDate": "2018-03-31", "totalRevenue": 12340060000, "costOfRevenue": 7434170000, "grossProfit": 4905890000, "researchDevelopment": {}, "sellingGeneralAdministrative": 954050000, "nonRecurring": {}, "otherOperatingExpenses": 2300990000, "totalOperatingExpenses": 11120590000, "operatingIncome": 1219470000, "totalOtherIncomeExpenseNet": 178010000, "ebit": 1219470000, "interestExpense": -12160000, "incomeBeforeTax": 1397480000, "incomeTaxExpense": 477570000, "minorityInterest": {}, "netIncomeFromContinuingOps": 919910000, "discontinuedOperations": {}, "extraordinaryItems": {}, "effectOfAccountingCharges": {}, "otherItems": {}, "netIncome": 919910000, "netIncomeApplicableToCommonShares": 919910000}, {"maxAge": 1, "endDate": "2017-03-31", "totalRevenue": 10561750000, "costOfRevenue": 6347260000, "grossProfit": 4214490000, "researchDevelopment": {}, "sellingGeneralAdministrative": 789450000, "nonRecurring": {}, "otherOperatingExpenses": 1845220000, "totalOperatingExpenses": 9270820000, "operatingIncome": 1290930000, "totalOtherIncomeExpenseNet": 90850000, "ebit": 1290930000, "interestExpense": -8370000, "incomeBeforeTax": 1381780000, "incomeTaxExpense": 409810000, "minorityInterest": {}, "netIncomeFromContinuingOps": 971970000, "discontinuedOperations": {}, "extraordinaryItems": {}, "effectOfAccountingCharges": {}, "otherItems": {}, "netIncome": 971970000, "netIncomeApplicableToCommonShares": 971970000}], "maxAge": 86400}, "fundOwnership": {"ownershipList": [{"maxAge": 1, "reportDate": "2020-07-31", "organization": "DFA Emerging Markets Core Equity Portfolio", "pctHeld": 0.0022, "position": 167723, "value": 162540359}, {"maxAge": 1, "reportDate": "2020-07-31", "organization": "DFA Emerging Markets Small Cap Series", "pctHeld": 0.002, "position": 153027, "value": 148298465}, {"maxAge": 1, "reportDate": "2020-07-31", "organization": "Financial Investors Tr-ALPS/Kotak India Growth Fund", "pctHeld": 0.0011, "position": 84377, "value": 81769750}, {"maxAge": 1, "reportDate": "2020-08-31", "organization": "iShares MSCI India Small Cap ETF", "pctHeld": 0.0005, "position": 39760, "value": 44113720}, {"maxAge": 1, "reportDate": "2020-08-31", "organization": "SPDR (R) Idx Shares-SPDR (R) Emerging Markets Small Cap ETF", "pctHeld": 0.0002, "position": 17918, "value": 19880021}, {"maxAge": 1, "reportDate": "2020-08-31", "organization": "SPDR Portfolio Emerging Markets ETF", "pctHeld": 0.0002, "position": 16515, "value": 18323392}, {"maxAge": 1, "reportDate": "2020-08-31", "organization": "VanEck Vectors ETF Tr-India Growth Leaders ETF", "pctHeld": 0.0001, "position": 8293, "value": 9201083}, {"maxAge": 1, "reportDate": "2020-06-30", "organization": "State Street Inst Inv Tr-State St All Cap Glb Equity ex-US Index Port", "pctHeld": 0.0001, "position": 6375, "value": 6042862}, {"maxAge": 1, "reportDate": "2020-07-31", "organization": "DFA T.A. World Ex U.S. Core Equity Portfolio", "pctHeld": 0.0001, "position": 5879, "value": 5697338}, {"maxAge": 1, "reportDate": "2020-07-31", "organization": "DFA Investment Dimensions-Emerging Markets Social Core Equity", "pctHeld": 0.0001, "position": 5771, "value": 5592676}], "maxAge": 1}, "summaryDetail": {"maxAge": 1, "priceHint": 2, "previousClose": 1392.85, "open": 1380.05, "dayLow": 1367.25, "dayHigh": 1418.65, "regularMarketPreviousClose": 1392.85, "regularMarketOpen": 1380.05, "regularMarketDayLow": 1367.25, "regularMarketDayHigh": 1418.65, "trailingPE": 53.025036, "forwardPE": 66.93556, "volume": 4626, "regularMarketVolume": 4626, "averageVolume": 3022, "averageVolume10days": 3343, "averageDailyVolume10Day": 3343, "bid": 1399.0, "ask": 1404.35, "bidSize": 0, "askSize": 0, "marketCap": 105479192576, "fiftyTwoWeekLow": 650.0, "fiftyTwoWeekHigh": 1418.65, "fiftyDayAverage": 1226.5682, "twoHundredDayAverage": 1118.4698, "trailingAnnualDividendRate": 50.0, "trailingAnnualDividendYield": 0.03589762, "currency": "INR", "fromCurrency": null, "lastMarket": null, "algorithm": null, "tradeable": false}, "sectorTrend": {"maxAge": 1, "symbol": null, "estimates": []}, "incomeStatementHistoryQuarterly": {"incomeStatementHistory": [{"maxAge": 1, "endDate": "2020-06-30", "totalRevenue": 1602300000, "costOfRevenue": 837200000, "grossProfit": 765100000, "researchDevelopment": {}, "sellingGeneralAdministrative": 262200000, "nonRecurring": {}, "otherOperatingExpenses": 362200000, "totalOperatingExpenses": 1640900000, "operatingIncome": -38600000, "totalOtherIncomeExpenseNet": 74900000, "ebit": -38600000, "interestExpense": -3100000, "incomeBeforeTax": 36300000, "incomeTaxExpense": 4800000, "minorityInterest": {}, "netIncomeFromContinuingOps": 31500000, "discontinuedOperations": {}, "extraordinaryItems": {}, "effectOfAccountingCharges": {}, "otherItems": {}, "netIncome": 31500000, "netIncomeApplicableToCommonShares": 31500000}, {"maxAge": 1, "endDate": "2020-03-31", "totalRevenue": 4055310000, "costOfRevenue": 2339410000, "grossProfit": 1715900000, "researchDevelopment": {}, "sellingGeneralAdministrative": 337630000, "nonRecurring": {}, "otherOperatingExpenses": 398360000, "totalOperatingExpenses": 3260540000, "operatingIncome": 794770000, "totalOtherIncomeExpenseNet": 29100000, "ebit": 794770000, "interestExpense": -2110000, "incomeBeforeTax": 823870000, "incomeTaxExpense": 211280000, "minorityInterest": {}, "netIncomeFromContinuingOps": 612590000, "discontinuedOperations": {}, "extraordinaryItems": {}, "effectOfAccountingCharges": {}, "otherItems": {}, "netIncome": 612590000, "netIncomeApplicableToCommonShares": 612590000}, {"maxAge": 1, "endDate": "2019-12-31", "totalRevenue": 3733000000, "costOfRevenue": 1957100000, "grossProfit": 1775900000, "researchDevelopment": {}, "sellingGeneralAdministrative": 297900000, "nonRecurring": {}, "otherOperatingExpenses": 636500000, "totalOperatingExpenses": 3076300000, "operatingIncome": 656700000, "totalOtherIncomeExpenseNet": 33600000, "ebit": 656700000, "interestExpense": -19400000, "incomeBeforeTax": 690300000, "incomeTaxExpense": -155300000, "minorityInterest": {}, "netIncomeFromContinuingOps": 845600000, "discontinuedOperations": {}, "extraordinaryItems": {}, "effectOfAccountingCharges": {}, "otherItems": {}, "netIncome": 845600000, "netIncomeApplicableToCommonShares": 845600000}, {"maxAge": 1, "endDate": "2019-09-30", "totalRevenue": 4011700000, "costOfRevenue": 2122900000, "grossProfit": 1888800000, "researchDevelopment": {}, "sellingGeneralAdministrative": 312400000, "nonRecurring": {}, "otherOperatingExpenses": 679500000, "totalOperatingExpenses": 3305600000, "operatingIncome": 706100000, "totalOtherIncomeExpenseNet": 61200000, "ebit": 706100000, "interestExpense": -2800000, "incomeBeforeTax": 767300000, "incomeTaxExpense": 269300000, "minorityInterest": {}, "netIncomeFromContinuingOps": 498000000, "discontinuedOperations": {}, "extraordinaryItems": {}, "effectOfAccountingCharges": {}, "otherItems": {}, "netIncome": 498000000, "netIncomeApplicableToCommonShares": 498000000}], "maxAge": 86400}, "cashflowStatementHistoryQuarterly": {"cashflowStatements": [{"maxAge": 1, "endDate": "2020-06-30", "netIncome": 31500000, "changeToLiabilities": 0}, {"maxAge": 1, "endDate": "2020-03-31", "netIncome": 612590000, "changeToLiabilities": 0}, {"maxAge": 1, "endDate": "2019-12-31", "netIncome": 845600000, "changeToLiabilities": 0}, {"maxAge": 1, "endDate": "2019-09-30", "netIncome": 498000000, "changeToLiabilities": 0}], "maxAge": 86400}, "insiderHolders": {"holders": [{"maxAge": 1, "name": "Das (Ajay Kumar)", "relation": "UNREPORTED", "url": "", "transactionDescription": "Purchase", "latestTransDate": "2014-09-30", "positionDirect": 16, "positionDirectDate": "2014-09-30"}, {"maxAge": 1, "name": "Timken (Mauritius) Ltd", "relation": "Promoter", "url": "", "transactionDescription": "Sale", "latestTransDate": "2012-03-26", "positionDirect": 0, "positionDirectDate": "2012-03-26"}, {"maxAge": 1, "name": "Timken Singapore Pte. Ltd.", "relation": "Promoter", "url": "", "transactionDescription": "Acquisition", "latestTransDate": "2012-03-26", "positionDirect": 50999988, "positionDirectDate": "2012-03-26"}], "maxAge": 1}, "earnings": {"maxAge": 86400, "earningsChart": {"quarterly": [{"date": "4Q2017", "actual": 1.35, "estimate": 4.61}, {"date": "1Q2018", "actual": 3.48, "estimate": 4.15}, {"date": "2Q2018", "actual": 4.65, "estimate": 4.25}, {"date": "3Q2018", "actual": 4.59, "estimate": 5.02}], "currentQuarterEstimateDate": "4Q", "currentQuarterEstimateYear": 2018, "earningsDate": ["2020-08-13 05:30:S"]}, "financialsChart": {"yearly": [{"date": 2017, "revenue": 10561750000, "earnings": 971970000}, {"date": 2018, "revenue": 12340060000, "earnings": 919910000}, {"date": 2019, "revenue": 16644330000, "earnings": 1486420000}, {"date": 2020, "revenue": 16177510000, "earnings": 2460990000}], "quarterly": [{"date": "3Q2019", "revenue": 4011700000, "earnings": 498000000}, {"date": "4Q2019", "revenue": 3733000000, "earnings": 845600000}, {"date": "1Q2020", "revenue": 4055310000, "earnings": 612590000}, {"date": "2Q2020", "revenue": 1602300000, "earnings": 31500000}]}, "financialCurrency": "INR"}, "calendarEvents": {"maxAge": 1, "earnings": {"earningsDate": ["2020-08-13 05:30:S"]}}, "upgradeDowngradeHistory": {"history": [], "maxAge": 86400}, "price": {"maxAge": 1, "regularMarketChangePercent": 0.0067847027, "regularMarketChange": 9.450073, "regularMarketTime": "2021-04-30 15:27:35", "priceHint": 2, "regularMarketPrice": 1402.3, "regularMarketDayHigh": 1418.65, "regularMarketDayLow": 1367.25, "regularMarketVolume": 4626, "averageDailyVolume10Day": 3343, "averageDailyVolume3Month": 3022, "regularMarketPreviousClose": 1392.85, "regularMarketSource": "FREE_REALTIME", "regularMarketOpen": 1380.05, "exchange": "BSE", "exchangeName": "BSE", "exchangeDataDelayedBy": 0, "marketState": "CLOSED", "quoteType": "EQUITY", "symbol": "TIMKEN.BO", "underlyingSymbol": null, "shortName": "TIMKEN INDIA LTD.", "longName": "Timken India Limited", "currency": "INR", "quoteSourceName": "Delayed Quote", "currencySymbol": "\u20b9", "fromCurrency": null, "lastMarket": null, "marketCap": 105479192576}, "balanceSheetHistory": {"balanceSheetStatements": [{"maxAge": 1, "endDate": "2020-03-31", "cash": 4146510000, "netReceivables": 3045380000, "inventory": 2914150000, "otherCurrentAssets": 175600000, "totalCurrentAssets": 10425150000, "longTermInvestments": 300000, "propertyPlantEquipment": 6604580000, "goodWill": 1813110000, "intangibleAssets": 627390000, "otherAssets": 304310000, "totalAssets": 19774840000, "accountsPayable": 1966330000, "otherCurrentLiab": 463520000, "otherLiab": 1128100000, "totalCurrentLiabilities": 2856690000, "totalLiab": 4008110000, "commonStock": 752080000, "retainedEarnings": 9405980000, "treasuryStock": 260000000, "capitalSurplus": 5348670000, "otherStockholderEquity": 260000000, "totalStockholderEquity": 15766730000, "netTangibleAssets": 13326230000}, {"maxAge": 1, "endDate": "2019-03-31", "cash": 219090000, "netReceivables": 3206450000, "inventory": 3170790000, "otherCurrentAssets": 383120000, "totalCurrentAssets": 8749730000, "longTermInvestments": 300000, "propertyPlantEquipment": 5017350000, "goodWill": 1813110000, "intangibleAssets": 1750570000, "otherAssets": 414270000, "totalAssets": 17745330000, "accountsPayable": 1974440000, "otherCurrentLiab": 499950000, "otherLiab": 1246530000, "totalCurrentLiabilities": 3091370000, "totalLiab": 4337900000, "commonStock": 752080000, "retainedEarnings": 7046680000, "treasuryStock": 260000000, "capitalSurplus": 5348670000, "otherStockholderEquity": 260000000, "totalStockholderEquity": 13407430000, "netTangibleAssets": 9843750000}, {"maxAge": 1, "endDate": "2018-03-31", "cash": 229970000, "netReceivables": 2421010000, "inventory": 2454480000, "otherCurrentAssets": 812800000, "totalCurrentAssets": 6479820000, "longTermInvestments": 300000, "propertyPlantEquipment": 3048090000, "intangibleAssets": 1180000, "otherAssets": 259380000, "totalAssets": 9788770000, "accountsPayable": 1680360000, "otherCurrentLiab": 203220000, "otherLiab": 352720000, "totalCurrentLiabilities": 2412740000, "totalLiab": 2765460000, "commonStock": 679890000, "retainedEarnings": 5647900000, "treasuryStock": 260000000, "capitalSurplus": 435520000, "otherStockholderEquity": 260000000, "totalStockholderEquity": 7023310000, "netTangibleAssets": 7022130000}, {"maxAge": 1, "endDate": "2017-03-31", "cash": 146590000, "netReceivables": 2142330000, "inventory": 1880280000, "otherCurrentAssets": 410840000, "totalCurrentAssets": 5494040000, "longTermInvestments": 300000, "propertyPlantEquipment": 2887090000, "intangibleAssets": 380000, "otherAssets": 390500000, "deferredLongTermAssetCharges": 32240000, "totalAssets": 8772310000, "accountsPayable": 1245390000, "otherCurrentLiab": 536460000, "otherLiab": 217360000, "totalCurrentLiabilities": 2376260000, "totalLiab": 2593620000, "commonStock": 679890000, "retainedEarnings": 4803280000, "treasuryStock": 260000000, "capitalSurplus": 435520000, "otherStockholderEquity": 260000000, "totalStockholderEquity": 6178690000, "netTangibleAssets": 6178310000}], "maxAge": 86400}, "earningsTrend": {"trend": [{"maxAge": 1, "period": "0q", "endDate": "2018-12-31", "growth": {}, "earningsEstimate": {"avg": 0.0, "low": 0.0, "high": 0.0, "yearAgoEps": 1.35, "numberOfAnalysts": 0, "growth": {}}, "revenueEstimate": {"avg": 0, "low": 0, "high": 0, "numberOfAnalysts": 0, "yearAgoRevenue": {}, "growth": {}}, "epsTrend": {"current": 0.0, "7daysAgo": 0.0, "30daysAgo": 0.0, "60daysAgo": 0.0, "90daysAgo": 0.0}, "epsRevisions": {"upLast7days": 0, "upLast30days": 0, "downLast30days": 0, "downLast90days": {}}}, {"maxAge": 1, "period": "+1q", "endDate": "2019-03-31", "growth": {}, "earningsEstimate": {"avg": 0.0, "low": 0.0, "high": 0.0, "yearAgoEps": 3.48, "numberOfAnalysts": 0, "growth": {}}, "revenueEstimate": {"avg": 0, "low": 0, "high": 0, "numberOfAnalysts": 0, "yearAgoRevenue": {}, "growth": {}}, "epsTrend": {"current": 0.0, "7daysAgo": 0.0, "30daysAgo": 0.0, "60daysAgo": 0.0, "90daysAgo": 0.0}, "epsRevisions": {"upLast7days": 0, "upLast30days": 0, "downLast30days": 0, "downLast90days": {}}}, {"maxAge": 1, "period": "0y", "endDate": "2019-03-31", "growth": {}, "earningsEstimate": {"avg": 0.0, "low": 0.0, "high": 0.0, "yearAgoEps": {}, "numberOfAnalysts": 0, "growth": {}}, "revenueEstimate": {"avg": 16293500000, "low": 14420400000, "high": 17061000000, "numberOfAnalysts": 5, "yearAgoRevenue": 12340100000, "growth": 0.32}, "epsTrend": {"current": 0.0, "7daysAgo": 17.48, "30daysAgo": 17.48, "60daysAgo": 17.48, "90daysAgo": 17.48}, "epsRevisions": {"upLast7days": 0, "upLast30days": 0, "downLast30days": 1, "downLast90days": {}}}, {"maxAge": 1, "period": "+1y", "endDate": "2020-03-31", "growth": {}, "earningsEstimate": {"avg": 0.0, "low": 0.0, "high": 0.0, "yearAgoEps": {}, "numberOfAnalysts": 0, "growth": {}}, "revenueEstimate": {"avg": 18787900000, "low": 16381600000, "high": 20005000000, "numberOfAnalysts": 5, "yearAgoRevenue": 16293500000, "growth": 0.153}, "epsTrend": {"current": 0.0, "7daysAgo": 21.29, "30daysAgo": 21.29, "60daysAgo": 21.29, "90daysAgo": 21.29}, "epsRevisions": {"upLast7days": 0, "upLast30days": 0, "downLast30days": 1, "downLast90days": {}}}, {"maxAge": 1, "period": "+5y", "endDate": null, "growth": 0.29, "earningsEstimate": {"avg": {}, "low": {}, "high": {}, "yearAgoEps": {}, "numberOfAnalysts": {}, "growth": {}}, "revenueEstimate": {"avg": {}, "low": {}, "high": {}, "numberOfAnalysts": {}, "yearAgoRevenue": {}, "growth": {}}, "epsTrend": {"current": {}, "7daysAgo": {}, "30daysAgo": {}, "60daysAgo": {}, "90daysAgo": {}}, "epsRevisions": {"upLast7days": {}, "upLast30days": {}, "downLast30days": {}, "downLast90days": {}}}, {"maxAge": 1, "period": "-5y", "endDate": null, "growth": {}, "earningsEstimate": {"avg": {}, "low": {}, "high": {}, "yearAgoEps": {}, "numberOfAnalysts": {}, "growth": {}}, "revenueEstimate": {"avg": {}, "low": {}, "high": {}, "numberOfAnalysts": {}, "yearAgoRevenue": {}, "growth": {}}, "epsTrend": {"current": {}, "7daysAgo": {}, "30daysAgo": {}, "60daysAgo": {}, "90daysAgo": {}}, "epsRevisions": {"upLast7days": {}, "upLast30days": {}, "downLast30days": {}, "downLast90days": {}}}], "maxAge": 1}, "financialData": {"maxAge": 86400, "currentPrice": 1402.3, "targetHighPrice": 760.0, "targetLowPrice": 550.0, "targetMeanPrice": 683.83, "targetMedianPrice": 706.5, "recommendationKey": "none", "numberOfAnalystOpinions": 6, "grossProfits": 7399900000, "financialCurrency": "INR"}}}