{"TINNARUBR.BO": {"cashflowStatementHistory": {"cashflowStatements": [{"maxAge": 1, "endDate": "2020-03-31", "netIncome": -48442000, "depreciation": 75559000, "changeToNetincome": 75267000, "changeToAccountReceivables": 6101000, "changeToLiabilities": 2922000, "changeToInventory": 35488000, "changeToOperatingActivities": 23590000, "totalCashFromOperatingActivities": 170613000, "capitalExpenditures": -31059000, "investments": 197000, "otherCashflowsFromInvestingActivities": 10846000, "totalCashflowsFromInvestingActivities": -18347000, "netBorrowings": -62223000, "otherCashflowsFromFinancingActivities": -88724000, "totalCashFromFinancingActivities": -150947000, "changeInCash": 1319000}, {"maxAge": 1, "endDate": "2019-03-31", "netIncome": -372000, "depreciation": 72694000, "changeToNetincome": 103092000, "changeToAccountReceivables": 36299000, "changeToLiabilities": 9877000, "changeToInventory": -31111000, "changeToOperatingActivities": 9292000, "totalCashFromOperatingActivities": 199934000, "capitalExpenditures": -56291000, "investments": 13444000, "otherCashflowsFromInvestingActivities": 1970000, "totalCashflowsFromInvestingActivities": -38813000, "netBorrowings": -45509000, "otherCashflowsFromFinancingActivities": -115252000, "totalCashFromFinancingActivities": -160761000, "changeInCash": 360000}, {"maxAge": 1, "endDate": "2018-03-31", "netIncome": -49980000, "depreciation": 71761000, "changeToNetincome": 72083000, "changeToAccountReceivables": -86719000, "changeToLiabilities": 42803000, "changeToInventory": 70693000, "changeToOperatingActivities": 33785000, "totalCashFromOperatingActivities": 154594000, "capitalExpenditures": -32051000, "investments": 68206000, "otherCashflowsFromInvestingActivities": -1708000, "totalCashflowsFromInvestingActivities": 35461000, "netBorrowings": -94129000, "otherCashflowsFromFinancingActivities": -98193000, "totalCashFromFinancingActivities": -192322000, "changeInCash": -2267000}, {"maxAge": 1, "endDate": "2017-03-31", "netIncome": -93732000, "depreciation": 67529000, "changeToNetincome": 44250000, "changeToAccountReceivables": -65719000, "changeToLiabilities": -2909000, "changeToInventory": 61711000, "changeToOperatingActivities": 54018000, "totalCashFromOperatingActivities": 65311000, "capitalExpenditures": -86481000, "investments": 54492000, "otherCashflowsFromInvestingActivities": 5002000, "totalCashflowsFromInvestingActivities": -10341000, "dividendsPaid": -5154000, "netBorrowings": 51705000, "otherCashflowsFromFinancingActivities": -100118000, "totalCashFromFinancingActivities": -53567000, "changeInCash": 1403000}], "maxAge": 86400}, "institutionOwnership": {"maxAge": 1, "ownershipList": []}, "balanceSheetHistoryQuarterly": {"balanceSheetStatements": [{"maxAge": 1, "endDate": "2020-06-30", "totalStockholderEquity": 667931000, "netTangibleAssets": 664510000}, {"maxAge": 1, "endDate": "2020-03-31", "cash": 2961000, "netReceivables": 250525000, "inventory": 212012000, "otherCurrentAssets": 73477000, "totalCurrentAssets": 543404000, "longTermInvestments": 247806000, "propertyPlantEquipment": 750431000, "intangibleAssets": 3421000, "otherAssets": 137388000, "deferredLongTermAssetCharges": 66931000, "totalAssets": 1682450000, "accountsPayable": 67510000, "shortLongTermDebt": 36999000, "otherCurrentLiab": 31155000, "longTermDebt": 275074000, "otherLiab": 46655000, "deferredLongTermLiab": 154000, "totalCurrentLiabilities": 677347000, "totalLiab": 1014519000, "commonStock": 85648000, "retainedEarnings": 252650000, "treasuryStock": 213972000, "capitalSurplus": 115661000, "otherStockholderEquity": 213972000, "totalStockholderEquity": 667931000, "netTangibleAssets": 664510000}, {"maxAge": 1, "endDate": "2019-12-31", "cash": 2961000, "netReceivables": 250525000, "inventory": 212012000, "otherCurrentAssets": 73477000, "totalCurrentAssets": 543404000, "longTermInvestments": 247806000, "propertyPlantEquipment": 750431000, "intangibleAssets": 3421000, "otherAssets": 137388000, "deferredLongTermAssetCharges": 66931000, "totalAssets": 1682450000, "accountsPayable": 67510000, "shortLongTermDebt": 36999000, "otherCurrentLiab": 31155000, "longTermDebt": 275074000, "otherLiab": 46655000, "deferredLongTermLiab": 154000, "totalCurrentLiabilities": 677347000, "totalLiab": 1014519000, "commonStock": 85648000, "retainedEarnings": 252650000, "treasuryStock": 213972000, "capitalSurplus": 115661000, "otherStockholderEquity": 213972000, "totalStockholderEquity": 667931000, "netTangibleAssets": 664510000}, {"maxAge": 1, "endDate": "2019-09-30", "cash": 16328000, "shortTermInvestments": 15734000, "netReceivables": 233968000, "inventory": 240378000, "otherCurrentAssets": 82747000, "totalCurrentAssets": 589155000, "longTermInvestments": 255635000, "propertyPlantEquipment": 753368000, "intangibleAssets": 8129000, "otherAssets": 144868000, "deferredLongTermAssetCharges": 58306000, "totalAssets": 1751155000, "accountsPayable": 93239000, "otherCurrentLiab": 216547000, "longTermDebt": 290991000, "otherLiab": 54758000, "totalCurrentLiabilities": 710535000, "totalLiab": 1056284000, "commonStock": 85648000, "treasuryStock": 609223000, "otherStockholderEquity": 609223000, "totalStockholderEquity": 694871000, "netTangibleAssets": 686742000}], "maxAge": 86400}, "indexTrend": {"maxAge": 1, "symbol": "SP5", "peRatio": 19.7411, "pegRatio": 1.34172, "estimates": [{"period": "0q", "growth": 0.549}, {"period": "+1q", "growth": 0.431}, {"period": "0y", "growth": 0.305}, {"period": "+1y", "growth": 0.109}, {"period": "+5y", "growth": 0.120859005}, {"period": "-5y"}]}, "quoteType": {"exchange": "BSE", "quoteType": "EQUITY", "symbol": "TINNARUBR.BO", "underlyingSymbol": "TINNARUBR.BO", "shortName": "TINNA RUBBER AND INFRASTRUCTUR", "longName": "Tinna Rubber and Infrastructure Limited", "firstTradeDateEpochUtc": "2000-10-17 09:15:00", "timeZoneFullName": "Asia/Kolkata", "timeZoneShortName": "IST", "uuid": "388038a1-168c-35d6-9b22-0cec7b6a2200", "messageBoardId": null, "gmtOffSetMilliseconds": 19800000, "maxAge": 1}, "incomeStatementHistory": {"incomeStatementHistory": [{"maxAge": 1, "endDate": "2020-03-31", "totalRevenue": 1227332000, "costOfRevenue": 773866000, "grossProfit": 453466000, "researchDevelopment": {}, "sellingGeneralAdministrative": 12929000, "nonRecurring": {}, "otherOperatingExpenses": 351338000, "totalOperatingExpenses": 1213820000, "operatingIncome": 13512000, "totalOtherIncomeExpenseNet": -77498000, "ebit": 13512000, "interestExpense": -91860000, "incomeBeforeTax": -63986000, "incomeTaxExpense": -15544000, "minorityInterest": {}, "netIncomeFromContinuingOps": -48442000, "discontinuedOperations": {}, "extraordinaryItems": {}, "effectOfAccountingCharges": {}, "otherItems": {}, "netIncome": -48442000, "netIncomeApplicableToCommonShares": -48442000}, {"maxAge": 1, "endDate": "2019-03-31", "totalRevenue": 1297099000, "costOfRevenue": 815576000, "grossProfit": 481523000, "researchDevelopment": {}, "sellingGeneralAdministrative": 11200000, "nonRecurring": {}, "otherOperatingExpenses": 315955000, "totalOperatingExpenses": 1215588000, "operatingIncome": 81511000, "totalOtherIncomeExpenseNet": -76888000, "ebit": 81511000, "interestExpense": -102019000, "incomeBeforeTax": 4623000, "incomeTaxExpense": 4995000, "minorityInterest": {}, "netIncomeFromContinuingOps": -372000, "discontinuedOperations": {}, "extraordinaryItems": {}, "effectOfAccountingCharges": {}, "otherItems": {}, "netIncome": -372000, "netIncomeApplicableToCommonShares": -372000}, {"maxAge": 1, "endDate": "2018-03-31", "totalRevenue": 1002512000, "costOfRevenue": 631551000, "grossProfit": 370961000, "researchDevelopment": {}, "sellingGeneralAdministrative": 12304000, "nonRecurring": {}, "otherOperatingExpenses": 257586000, "totalOperatingExpenses": 973370000, "operatingIncome": 29142000, "totalOtherIncomeExpenseNet": -88250000, "ebit": 29142000, "interestExpense": -98204000, "incomeBeforeTax": -59108000, "incomeTaxExpense": -9128000, "minorityInterest": {}, "netIncomeFromContinuingOps": -49980000, "discontinuedOperations": {}, "extraordinaryItems": {}, "effectOfAccountingCharges": {}, "otherItems": {}, "netIncome": -49980000, "netIncomeApplicableToCommonShares": -49980000}, {"maxAge": 1, "endDate": "2017-03-31", "totalRevenue": 688417000, "costOfRevenue": 447276000, "grossProfit": 241141000, "researchDevelopment": {}, "sellingGeneralAdministrative": 11558000, "nonRecurring": {}, "otherOperatingExpenses": 213308000, "totalOperatingExpenses": 739834000, "operatingIncome": -51417000, "totalOtherIncomeExpenseNet": -86548000, "ebit": -51417000, "interestExpense": -103856000, "incomeBeforeTax": -137965000, "incomeTaxExpense": -44233000, "minorityInterest": {}, "netIncomeFromContinuingOps": -93732000, "discontinuedOperations": {}, "extraordinaryItems": {}, "effectOfAccountingCharges": {}, "otherItems": {}, "netIncome": -93732000, "netIncomeApplicableToCommonShares": -93732000}], "maxAge": 86400}, "fundOwnership": {"maxAge": 1, "ownershipList": []}, "summaryDetail": {"maxAge": 1, "priceHint": 2, "previousClose": 34.05, "open": 33.4, "dayLow": 33.4, "dayHigh": 33.4, "regularMarketPreviousClose": 34.05, "regularMarketOpen": 33.4, "regularMarketDayLow": 33.4, "regularMarketDayHigh": 33.4, "volume": 300, "regularMarketVolume": 300, "averageVolume": 513, "averageVolume10days": 74, "averageDailyVolume10Day": 74, "bid": 33.4, "ask": 0.0, "bidSize": 0, "askSize": 0, "marketCap": 286062656, "fiftyTwoWeekLow": 12.65, "fiftyTwoWeekHigh": 43.15, "fiftyDayAverage": 39.237144, "twoHundredDayAverage": 24.094782, "currency": "INR", "fromCurrency": null, "toCurrency": null, "lastMarket": null, "algorithm": null, "tradeable": false}, "incomeStatementHistoryQuarterly": {"incomeStatementHistory": [{"maxAge": 1, "endDate": "2020-06-30", "totalRevenue": 163504000, "costOfRevenue": 104931000, "grossProfit": 58573000, "researchDevelopment": {}, "sellingGeneralAdministrative": {}, "nonRecurring": {}, "otherOperatingExpenses": 50670000, "totalOperatingExpenses": 174507000, "operatingIncome": -11003000, "totalOtherIncomeExpenseNet": -24743000, "ebit": -11003000, "interestExpense": -23124000, "incomeBeforeTax": -35746000, "incomeTaxExpense": -7164000, "minorityInterest": {}, "netIncomeFromContinuingOps": -28582000, "discontinuedOperations": {}, "extraordinaryItems": {}, "effectOfAccountingCharges": {}, "otherItems": {}, "netIncome": -28582000, "netIncomeApplicableToCommonShares": -28582000}, {"maxAge": 1, "endDate": "2020-03-31", "totalRevenue": 301111000, "costOfRevenue": 192359500, "grossProfit": 108751500, "researchDevelopment": {}, "sellingGeneralAdministrative": 6464500, "nonRecurring": {}, "otherOperatingExpenses": 84895000, "totalOperatingExpenses": 302734000, "operatingIncome": -1623000, "totalOtherIncomeExpenseNet": -18550500, "ebit": -1623000, "interestExpense": -21875000, "incomeBeforeTax": -20173500, "incomeTaxExpense": -4979000, "minorityInterest": {}, "netIncomeFromContinuingOps": -15194500, "discontinuedOperations": {}, "extraordinaryItems": {}, "effectOfAccountingCharges": {}, "otherItems": {}, "netIncome": -15194500, "netIncomeApplicableToCommonShares": -15194500}, {"maxAge": 1, "endDate": "2019-12-31", "totalRevenue": 301111000, "costOfRevenue": 192359500, "grossProfit": 108751500, "researchDevelopment": {}, "sellingGeneralAdministrative": 6464500, "nonRecurring": {}, "otherOperatingExpenses": 84895000, "totalOperatingExpenses": 302734000, "operatingIncome": -1623000, "totalOtherIncomeExpenseNet": -18550500, "ebit": -1623000, "interestExpense": -21875000, "incomeBeforeTax": -20173500, "incomeTaxExpense": -4979000, "minorityInterest": {}, "netIncomeFromContinuingOps": -15194500, "discontinuedOperations": {}, "extraordinaryItems": {}, "effectOfAccountingCharges": {}, "otherItems": {}, "netIncome": -15194500, "netIncomeApplicableToCommonShares": -15194500}, {"maxAge": 1, "endDate": "2019-09-30", "totalRevenue": 301710000, "costOfRevenue": 194796000, "grossProfit": 106914000, "researchDevelopment": {}, "sellingGeneralAdministrative": 6464500, "nonRecurring": {}, "otherOperatingExpenses": 93197000, "totalOperatingExpenses": 307058000, "operatingIncome": -5348000, "totalOtherIncomeExpenseNet": -20149000, "ebit": -5348000, "interestExpense": -24257000, "incomeBeforeTax": -25497000, "incomeTaxExpense": -5914000, "minorityInterest": {}, "netIncomeFromContinuingOps": -19583000, "discontinuedOperations": {}, "extraordinaryItems": {}, "effectOfAccountingCharges": {}, "otherItems": {}, "netIncome": -19583000, "netIncomeApplicableToCommonShares": -19583000}], "maxAge": 86400}, "cashflowStatementHistoryQuarterly": {"cashflowStatements": [{"maxAge": 1, "endDate": "2020-06-30", "netIncome": -28582000, "changeToLiabilities": 0}, {"maxAge": 1, "endDate": "2020-03-31", "netIncome": -15194500, "depreciation": 18951000, "changeToNetincome": 16854000, "changeToAccountReceivables": 1475000, "changeToLiabilities": -1452000, "changeToInventory": 14183000, "changeToOperatingActivities": 4639500, "totalCashFromOperatingActivities": 39520000, "capitalExpenditures": -1071000, "investments": -3901500, "otherCashflowsFromInvestingActivities": 4767000, "totalCashflowsFromInvestingActivities": -171000, "netBorrowings": -18501500, "otherCashflowsFromFinancingActivities": -20858500, "totalCashFromFinancingActivities": -39360000, "changeInCash": -11000}, {"maxAge": 1, "endDate": "2019-12-31", "netIncome": -15194500, "depreciation": 18951000, "changeToNetincome": 16854000, "changeToAccountReceivables": 1475000, "changeToLiabilities": -1452000, "changeToInventory": 14183000, "changeToOperatingActivities": 4639500, "totalCashFromOperatingActivities": 39520000, "capitalExpenditures": -1071000, "investments": -3901500, "otherCashflowsFromInvestingActivities": 4767000, "totalCashflowsFromInvestingActivities": -171000, "netBorrowings": -18501500, "otherCashflowsFromFinancingActivities": -20858500, "totalCashFromFinancingActivities": -39360000, "changeInCash": -11000}, {"maxAge": 1, "endDate": "2019-09-30", "netIncome": -19583000, "depreciation": 18951000, "changeToNetincome": 16854000, "changeToAccountReceivables": 1475000, "changeToLiabilities": 0, "changeToInventory": 14183000, "changeToOperatingActivities": 4639500, "totalCashFromOperatingActivities": 39520000, "capitalExpenditures": -1071000, "investments": -3901500, "otherCashflowsFromInvestingActivities": 4767000, "totalCashflowsFromInvestingActivities": -171000, "netBorrowings": -18501500, "otherCashflowsFromFinancingActivities": -20858500, "totalCashFromFinancingActivities": -39360000, "changeInCash": -11000}], "maxAge": 86400}, "insiderHolders": {"holders": [], "maxAge": 1}, "calendarEvents": {"maxAge": 1, "earnings": {"earningsDate": []}}, "price": {"maxAge": 1, "regularMarketChangePercent": -0.019089507, "regularMarketChange": -0.6499977, "regularMarketTime": "2021-04-30 15:24:46", "priceHint": 2, "regularMarketPrice": 33.4, "regularMarketDayHigh": 33.4, "regularMarketDayLow": 33.4, "regularMarketVolume": 300, "averageDailyVolume10Day": 74, "averageDailyVolume3Month": 513, "regularMarketPreviousClose": 34.05, "regularMarketSource": "FREE_REALTIME", "regularMarketOpen": 33.4, "exchange": "BSE", "exchangeName": "BSE", "exchangeDataDelayedBy": 0, "marketState": "CLOSED", "quoteType": "EQUITY", "symbol": "TINNARUBR.BO", "underlyingSymbol": null, "shortName": "TINNA RUBBER AND INFRASTRUCTUR", "longName": "Tinna Rubber and Infrastructure Limited", "currency": "INR", "quoteSourceName": "Delayed Quote", "currencySymbol": "\u20b9", "fromCurrency": null, "toCurrency": null, "lastMarket": null, "marketCap": 286062656}, "balanceSheetHistory": {"balanceSheetStatements": [{"maxAge": 1, "endDate": "2020-03-31", "cash": 2961000, "netReceivables": 250525000, "inventory": 212012000, "otherCurrentAssets": 73477000, "totalCurrentAssets": 543404000, "longTermInvestments": 247806000, "propertyPlantEquipment": 750431000, "intangibleAssets": 3421000, "otherAssets": 137388000, "deferredLongTermAssetCharges": 66931000, "totalAssets": 1682450000, "accountsPayable": 67510000, "shortLongTermDebt": 36999000, "otherCurrentLiab": 31155000, "longTermDebt": 275074000, "otherLiab": 46655000, "deferredLongTermLiab": 154000, "totalCurrentLiabilities": 677347000, "totalLiab": 1014519000, "commonStock": 85648000, "retainedEarnings": 252650000, "treasuryStock": 213972000, "capitalSurplus": 115661000, "otherStockholderEquity": 213972000, "totalStockholderEquity": 667931000, "netTangibleAssets": 664510000}, {"maxAge": 1, "endDate": "2019-03-31", "cash": 1642000, "netReceivables": 251515000, "inventory": 247500000, "otherCurrentAssets": 88173000, "totalCurrentAssets": 592375000, "longTermInvestments": 257511000, "propertyPlantEquipment": 774842000, "intangibleAssets": 82000, "otherAssets": 131489000, "deferredLongTermAssetCharges": 52752000, "totalAssets": 1756299000, "accountsPayable": 64587000, "shortLongTermDebt": 59490000, "otherCurrentLiab": 29331000, "longTermDebt": 305981000, "otherLiab": 46525000, "deferredLongTermLiab": 2937000, "totalCurrentLiabilities": 682016000, "totalLiab": 1043428000, "commonStock": 85648000, "retainedEarnings": 297590000, "treasuryStock": 213972000, "capitalSurplus": 115661000, "otherStockholderEquity": 213972000, "totalStockholderEquity": 712871000, "netTangibleAssets": 712789000}, {"maxAge": 1, "endDate": "2018-03-31", "cash": 1282000, "netReceivables": 285952000, "inventory": 269428000, "otherCurrentAssets": 101818000, "totalCurrentAssets": 660980000, "longTermInvestments": 269861000, "propertyPlantEquipment": 796118000, "intangibleAssets": 245000, "otherAssets": 77947000, "deferredLongTermAssetCharges": 54529000, "totalAssets": 1805151000, "accountsPayable": 77536000, "shortLongTermDebt": 63454000, "otherCurrentLiab": 32573000, "longTermDebt": 306376000, "otherLiab": 43867000, "deferredLongTermLiab": 358000, "totalCurrentLiabilities": 738411000, "totalLiab": 1091994000, "commonStock": 85648000, "retainedEarnings": 297876000, "treasuryStock": 213972000, "capitalSurplus": 115661000, "otherStockholderEquity": 213972000, "totalStockholderEquity": 713157000, "netTangibleAssets": 712912000}, {"maxAge": 1, "endDate": "2017-03-31", "cash": 3549000, "netReceivables": 265998000, "inventory": 308050000, "otherCurrentAssets": 68446000, "totalCurrentAssets": 648218000, "longTermInvestments": 145417000, "propertyPlantEquipment": 837814000, "intangibleAssets": 413000, "otherAssets": 126757000, "deferredLongTermAssetCharges": 46122000, "totalAssets": 1758619000, "accountsPayable": 34733000, "shortLongTermDebt": 75569000, "otherCurrentLiab": 54289000, "longTermDebt": 366288000, "otherLiab": 42866000, "deferredLongTermLiab": 570000, "totalCurrentLiabilities": 742541000, "totalLiab": 1161229000, "commonStock": 85648000, "retainedEarnings": 338582000, "treasuryStock": 57499000, "capitalSurplus": 115661000, "otherStockholderEquity": 57499000, "totalStockholderEquity": 597390000, "netTangibleAssets": 596977000}], "maxAge": 86400}, "financialData": {"maxAge": 86400, "currentPrice": 33.4, "recommendationKey": "none", "grossProfits": 453466000, "financialCurrency": "INR"}}}