{"TINPLATE.NS": {"assetProfile": {"address1": "4, Bankshall Street", "city": "Kolkata", "zip": "700001", "country": "India", "phone": "91 33 2243 5401", "fax": "91 33 2220 4170", "website": "http://www.tatatinplate.com", "industry": "Steel", "sector": "Basic Materials", "longBusinessSummary": "The Tinplate Company of India Limited manufactures and supplies tin coated and tin free steel sheets in India. It offers electrolytic tinplates, tin-free steel sheets, lacquered/coated electrolytic tinplate sheets, and printed electrolytic tinplate sheets. Its products are used in packaging edible oil, processed foods, paints, pesticides, battery jackets, aerosol cans, and crown corks, as well as sprays and beverages. The company also exports its products. The company was founded in 1920 and is headquartered in Kolkata, India. The Tinplate Company of India Limited is a subsidiary of Tata Steel Limited.", "companyOfficers": [{"maxAge": 1, "name": "Mr. Ramdas Narayan Murthy", "age": 56, "title": "MD & Exec. Director", "yearBorn": 1964, "fiscalYear": 2020, "totalPay": 13725000, "exercisedValue": 0, "unexercisedValue": 0}, {"maxAge": 1, "name": "Mr. Sourabh  Agarwal", "age": 38, "title": "Chief Financial Officer", "yearBorn": 1982, "fiscalYear": 2020, "totalPay": 4124000, "exercisedValue": 0, "unexercisedValue": 0}, {"maxAge": 1, "name": "Mr. Kaushik  Seal", "title": "Company Sec. & Compliance Officer", "fiscalYear": 2020, "totalPay": 2375000, "exercisedValue": 0, "unexercisedValue": 0}, {"maxAge": 1, "name": "Mr. Santosh  Antony", "age": 51, "title": "VP of Marketing & Sales", "yearBorn": 1969, "exercisedValue": 0, "unexercisedValue": 0}, {"maxAge": 1, "name": "Mr. Rupam  Bhaduri", "age": 58, "title": "VP of Safety & Corp.", "yearBorn": 1962, "exercisedValue": 0, "unexercisedValue": 0}, {"maxAge": 1, "name": "Mr. Harjit  Singh", "age": 56, "title": "Deputy Gen. Mang. of HRM & Support Services", "yearBorn": 1964, "fiscalYear": 2018, "exercisedValue": 0, "unexercisedValue": 0}, {"maxAge": 1, "name": "Dr. Atul  Srivastava", "title": "Chief of Medical Services", "exercisedValue": 0, "unexercisedValue": 0}, {"maxAge": 1, "name": "Mr. Sourajyoti  Dey", "age": 49, "title": "Works Head", "yearBorn": 1971, "fiscalYear": 2019, "exercisedValue": 0, "unexercisedValue": 0}, {"maxAge": 1, "name": "Mr. Abesh  Chattopadhyay", "age": 51, "title": "Chief of Services & Solutions", "yearBorn": 1969, "fiscalYear": 2018, "exercisedValue": 0, "unexercisedValue": 0}, {"maxAge": 1, "name": "Mr. Uttam Kumar Mishra", "age": 49, "title": "Chief of Cold Rolling Mills, Cranes & Instrumentation", "yearBorn": 1971, "fiscalYear": 2019, "exercisedValue": 0, "unexercisedValue": 0}], "compensationAsOfEpochDate": "2020-12-31 05:30:00", "maxAge": 86400}, "cashflowStatementHistory": {"cashflowStatements": [{"maxAge": 1, "endDate": "2021-03-31", "netIncome": 981489000, "depreciation": 616604000, "changeToNetincome": -63434000, "changeToAccountReceivables": -60859000, "changeToLiabilities": 429326000, "changeToInventory": 530769000, "changeToOperatingActivities": 90928000, "totalCashFromOperatingActivities": 2524823000, "capitalExpenditures": -308750000, "investments": 224579000, "otherCashflowsFromInvestingActivities": -1549330000, "totalCashflowsFromInvestingActivities": -1620648000, "dividendsPaid": -104668000, "netBorrowings": -30742000, "otherCashflowsFromFinancingActivities": -43259000, "totalCashFromFinancingActivities": -178669000, "changeInCash": 725506000}, {"maxAge": 1, "endDate": "2020-03-31", "netIncome": 950284000, "depreciation": 605138000, "changeToNetincome": -250300000, "changeToAccountReceivables": 558609000, "changeToLiabilities": -119795000, "changeToInventory": -1111697000, "changeToOperatingActivities": -109886000, "totalCashFromOperatingActivities": 529438000, "capitalExpenditures": -410159000, "investments": 95637000, "otherCashflowsFromInvestingActivities": -10069000, "totalCashflowsFromInvestingActivities": -323928000, "dividendsPaid": -209335000, "netBorrowings": -35600000, "otherCashflowsFromFinancingActivities": -83084000, "totalCashFromFinancingActivities": -328019000, "changeInCash": -122509000}, {"maxAge": 1, "endDate": "2019-03-31", "netIncome": 579990000, "depreciation": 613287000, "changeToNetincome": -16738000, "changeToAccountReceivables": -274083000, "changeToLiabilities": 440931000, "changeToInventory": -191351000, "changeToOperatingActivities": 70748000, "totalCashFromOperatingActivities": 1244707000, "capitalExpenditures": -623581000, "investments": -452409000, "otherCashflowsFromInvestingActivities": 33740000, "totalCashflowsFromInvestingActivities": -1040860000, "dividendsPaid": -209335000, "netBorrowings": -35600000, "otherCashflowsFromFinancingActivities": -114623000, "totalCashFromFinancingActivities": -323958000, "changeInCash": -120111000}, {"maxAge": 1, "endDate": "2018-03-31", "netIncome": 731628000, "depreciation": 598974000, "changeToNetincome": -63130000, "changeToAccountReceivables": -151712000, "changeToLiabilities": 1180648000, "changeToInventory": -1299869000, "changeToOperatingActivities": 67390000, "totalCashFromOperatingActivities": 1084211000, "capitalExpenditures": -396034000, "investments": -129995000, "otherCashflowsFromInvestingActivities": 18756000, "totalCashflowsFromInvestingActivities": -506531000, "dividendsPaid": -167468000, "netBorrowings": -35600000, "otherCashflowsFromFinancingActivities": -67106000, "totalCashFromFinancingActivities": -234574000, "changeInCash": 343106000}], "maxAge": 86400}, "institutionOwnership": {"ownershipList": [], "maxAge": 1}, "majorHoldersBreakdown": {"maxAge": 1, "insidersPercentHeld": 0.76658, "institutionsPercentHeld": 0.00699, "institutionsFloatPercentHeld": 0.02997, "institutionsCount": 3}, "balanceSheetHistoryQuarterly": {"balanceSheetStatements": [{"maxAge": 1, "endDate": "2021-03-31", "cash": 2183250000, "shortTermInvestments": 753005000, "netReceivables": 757357000, "inventory": 2690765000, "otherCurrentAssets": 886641000, "totalCurrentAssets": 7271018000, "longTermInvestments": 372818000, "propertyPlantEquipment": 5592772000, "intangibleAssets": 10744000, "otherAssets": 309537000, "totalAssets": 13556889000, "accountsPayable": 2403508000, "otherCurrentLiab": 1206156000, "otherLiab": 1163820000, "totalCurrentLiabilities": 3814473000, "totalLiab": 5095941000, "commonStock": 1047980000, "treasuryStock": 7412968000, "otherStockholderEquity": 7412968000, "totalStockholderEquity": 8460948000, "netTangibleAssets": 8450204000}, {"maxAge": 1, "endDate": "2020-12-31", "totalStockholderEquity": 7583507000, "netTangibleAssets": 7571346000}, {"maxAge": 1, "endDate": "2020-09-30", "cash": 1639535000, "shortTermInvestments": 703945000, "netReceivables": 669311000, "inventory": 2153797000, "otherCurrentAssets": 642315000, "totalCurrentAssets": 5808903000, "longTermInvestments": 21144000, "propertyPlantEquipment": 5785909000, "intangibleAssets": 12161000, "otherAssets": 183582000, "totalAssets": 11811699000, "accountsPayable": 1833439000, "otherCurrentLiab": 915690000, "otherLiab": 1164498000, "totalCurrentLiabilities": 2951133000, "totalLiab": 4228192000, "commonStock": 1047980000, "treasuryStock": 6535527000, "otherStockholderEquity": 6535527000, "totalStockholderEquity": 7583507000, "netTangibleAssets": 7571346000}, {"maxAge": 1, "endDate": "2020-06-30", "totalStockholderEquity": 7607448000, "netTangibleAssets": 7599905000}], "maxAge": 86400}, "indexTrend": {"maxAge": 1, "symbol": "SP5", "peRatio": 19.7411, "pegRatio": 1.34172, "estimates": [{"period": "0q", "growth": 0.549}, {"period": "+1q", "growth": 0.431}, {"period": "0y", "growth": 0.305}, {"period": "+1y", "growth": 0.109}, {"period": "+5y", "growth": 0.120865}, {"period": "-5y"}]}, "defaultKeyStatistics": {"maxAge": 1, "priceHint": 2, "enterpriseValue": 17971075072, "profitMargins": 0.04302, "floatShares": 22119359, "sharesOutstanding": 104668000, "heldPercentInsiders": 0.76658, "heldPercentInstitutions": 0.00699, "beta": 1.454545, "category": null, "bookValue": 80.909, "priceToBook": 2.4527557, "fundFamily": null, "legalType": null, "lastFiscalYearEnd": "2021-03-31 05:30:00", "nextFiscalYearEnd": "2023-03-31 05:30:00", "mostRecentQuarter": "2021-03-31 05:30:00", "earningsQuarterlyGrowth": 1.071, "netIncomeToCommon": 981489024, "trailingEps": 9.38, "lastSplitFactor": null, "enterpriseToRevenue": 0.788, "enterpriseToEbitda": 8.926}, "summaryProfile": {"address1": "4, Bankshall Street", "city": "Kolkata", "zip": "700001", "country": "India", "phone": "91 33 2243 5401", "fax": "91 33 2220 4170", "website": "http://www.tatatinplate.com", "industry": "Steel", "sector": "Basic Materials", "longBusinessSummary": "The Tinplate Company of India Limited manufactures and supplies tin coated and tin free steel sheets in India. It offers electrolytic tinplates, tin-free steel sheets, lacquered/coated electrolytic tinplate sheets, and printed electrolytic tinplate sheets. Its products are used in packaging edible oil, processed foods, paints, pesticides, battery jackets, aerosol cans, and crown corks, as well as sprays and beverages. The company also exports its products. The company was founded in 1920 and is headquartered in Kolkata, India. The Tinplate Company of India Limited is a subsidiary of Tata Steel Limited.", "companyOfficers": [], "maxAge": 86400}, "netSharePurchaseActivity": {"maxAge": 1, "period": "6m", "buyInfoCount": 0, "buyInfoShares": 0, "sellInfoCount": 0, "netInfoCount": 0, "netInfoShares": 0, "netPercentInsiderShares": 0.0, "totalInsiderShares": 80163848}, "quoteType": {"exchange": "NSI", "quoteType": "EQUITY", "symbol": "TINPLATE.NS", "underlyingSymbol": "TINPLATE.NS", "shortName": "TINPLATE CO INDIA", "longName": "The Tinplate Company of India Limited", "firstTradeDateEpochUtc": "2000-12-08 09:15:00", "timeZoneFullName": "Asia/Kolkata", "timeZoneShortName": "IST", "uuid": "41dcc68d-e2c7-3336-82cb-64d51c28475f", "gmtOffSetMilliseconds": 19800000, "maxAge": 1}, "incomeStatementHistory": {"incomeStatementHistory": [{"maxAge": 1, "endDate": "2021-03-31", "totalRevenue": 22813678000, "costOfRevenue": 17778513000, "grossProfit": 5035165000, "researchDevelopment": {}, "sellingGeneralAdministrative": 1278739000, "nonRecurring": {}, "otherOperatingExpenses": 1743138000, "totalOperatingExpenses": 21416994000, "operatingIncome": 1396684000, "totalOtherIncomeExpenseNet": -77559000, "ebit": 1396684000, "interestExpense": -77559000, "incomeBeforeTax": 1319125000, "incomeTaxExpense": 337636000, "minorityInterest": {}, "netIncomeFromContinuingOps": 981489000, "discontinuedOperations": {}, "extraordinaryItems": {}, "effectOfAccountingCharges": {}, "otherItems": {}, "netIncome": 981489000, "netIncomeApplicableToCommonShares": 981489000}, {"maxAge": 1, "endDate": "2020-03-31", "totalRevenue": 21086770000, "costOfRevenue": 14530185000, "grossProfit": 6556585000, "researchDevelopment": {}, "sellingGeneralAdministrative": 1363881000, "nonRecurring": {}, "otherOperatingExpenses": 3510362000, "totalOperatingExpenses": 20016651000, "operatingIncome": 1070119000, "totalOtherIncomeExpenseNet": -28593000, "ebit": 1070119000, "interestExpense": -64964000, "incomeBeforeTax": 1041526000, "incomeTaxExpense": 91242000, "minorityInterest": {}, "netIncomeFromContinuingOps": 950284000, "discontinuedOperations": {}, "extraordinaryItems": {}, "effectOfAccountingCharges": {}, "otherItems": {}, "netIncome": 950284000, "netIncomeApplicableToCommonShares": 950284000}, {"maxAge": 1, "endDate": "2019-03-31", "totalRevenue": 25871932000, "costOfRevenue": 19520113000, "grossProfit": 6351819000, "researchDevelopment": {}, "sellingGeneralAdministrative": 1290140000, "nonRecurring": {}, "otherOperatingExpenses": 3530990000, "totalOperatingExpenses": 24976453000, "operatingIncome": 895479000, "totalOtherIncomeExpenseNet": 22263000, "ebit": 895479000, "interestExpense": -34077000, "incomeBeforeTax": 917742000, "incomeTaxExpense": 337752000, "minorityInterest": {}, "netIncomeFromContinuingOps": 579990000, "discontinuedOperations": {}, "extraordinaryItems": {}, "effectOfAccountingCharges": {}, "otherItems": {}, "netIncome": 579990000, "netIncomeApplicableToCommonShares": 579990000}, {"maxAge": 1, "endDate": "2018-03-31", "totalRevenue": 19211389000, "costOfRevenue": 12907876000, "grossProfit": 6303513000, "researchDevelopment": {}, "sellingGeneralAdministrative": 1151465000, "nonRecurring": {}, "otherOperatingExpenses": 3407910000, "totalOperatingExpenses": 18086507000, "operatingIncome": 1124882000, "totalOtherIncomeExpenseNet": 27291000, "ebit": 1124882000, "interestExpense": -208000, "incomeBeforeTax": 1152173000, "incomeTaxExpense": 420545000, "minorityInterest": {}, "netIncomeFromContinuingOps": 731628000, "discontinuedOperations": {}, "extraordinaryItems": {}, "effectOfAccountingCharges": {}, "otherItems": {}, "netIncome": 731628000, "netIncomeApplicableToCommonShares": 731628000}], "maxAge": 86400}, "fundOwnership": {"ownershipList": [{"maxAge": 1, "reportDate": "2021-01-31", "organization": "DFA Emerging Markets Core Equity Portfolio", "pctHeld": 0.0028, "position": 293915, "value": 47511359}, {"maxAge": 1, "reportDate": "2021-01-31", "organization": "DFA Investment Dimensions-DFA Emerging Mkts Value", "pctHeld": 0.0021, "position": 217969, "value": 35234688}, {"maxAge": 1, "reportDate": "2021-01-31", "organization": "DFA Emerging Markets Small Cap Series", "pctHeld": 0.0011999999, "position": 129946, "value": 21005770}, {"maxAge": 1, "reportDate": "2021-01-31", "organization": "DFA Investment Dimensions-Emerging Markets Social Core Equity", "pctHeld": 0.0002, "position": 19309, "value": 3121299}, {"maxAge": 1, "reportDate": "2021-01-31", "organization": "DFA T.A. World Ex U.S. Core Equity Portfolio", "pctHeld": 0.0001, "position": 13266, "value": 2144448}, {"maxAge": 1, "reportDate": "2021-01-31", "organization": "DFA Investment Dimensions-World Ex U.S. Core Equity Port", "pctHeld": 0.0001, "position": 10194, "value": 1647860}, {"maxAge": 1, "reportDate": "2021-01-31", "organization": "DFA Emerging Markets Sustainability Core 1 Portfolio", "pctHeld": 0.0001, "position": 5495, "value": 888266}], "maxAge": 1}, "summaryDetail": {"maxAge": 1, "priceHint": 2, "previousClose": 198.65, "open": 194.5, "dayLow": 191.0, "dayHigh": 206.7, "regularMarketPreviousClose": 198.65, "regularMarketOpen": 194.5, "regularMarketDayLow": 191.0, "regularMarketDayHigh": 206.7, "dividendRate": 1.0, "dividendYield": 0.005, "exDividendDate": "2020-08-21 05:30:00", "payoutRatio": 0.1066, "beta": 1.454545, "trailingPE": 21.156715, "volume": 2710737, "regularMarketVolume": 2710737, "averageVolume": 707423, "averageVolume10days": 791956, "averageDailyVolume10Day": 791956, "bid": 0.0, "ask": 0.0, "bidSize": 0, "askSize": 0, "marketCap": 20760846336, "fiftyTwoWeekLow": 77.4, "fiftyTwoWeekHigh": 206.7, "priceToSalesTrailing12Months": 0.91001755, "fiftyDayAverage": 166.39265, "twoHundredDayAverage": 152.71844, "trailingAnnualDividendRate": 2.0, "trailingAnnualDividendYield": 0.010067959, "currency": "INR", "fromCurrency": null, "lastMarket": null, "algorithm": null, "tradeable": false}, "incomeStatementHistoryQuarterly": {"incomeStatementHistory": [{"maxAge": 1, "endDate": "2021-03-31", "totalRevenue": 7549799000, "costOfRevenue": 5692408000, "grossProfit": 1857391000, "researchDevelopment": {}, "sellingGeneralAdministrative": 345593000, "nonRecurring": {}, "otherOperatingExpenses": 581742000, "totalOperatingExpenses": 6774391000, "operatingIncome": 775408000, "totalOtherIncomeExpenseNet": -30574000, "ebit": 775408000, "interestExpense": -30574000, "incomeBeforeTax": 744834000, "incomeTaxExpense": 183275000, "minorityInterest": {}, "netIncomeFromContinuingOps": 561559000, "discontinuedOperations": {}, "extraordinaryItems": {}, "effectOfAccountingCharges": {}, "otherItems": {}, "netIncome": 561559000, "netIncomeApplicableToCommonShares": 561559000}, {"maxAge": 1, "endDate": "2020-12-31", "totalRevenue": 6151376000, "costOfRevenue": 4754659000, "grossProfit": 1396717000, "researchDevelopment": {}, "sellingGeneralAdministrative": 311791000, "nonRecurring": {}, "otherOperatingExpenses": 476637000, "totalOperatingExpenses": 5696678000, "operatingIncome": 454698000, "totalOtherIncomeExpenseNet": -14171000, "ebit": 454698000, "interestExpense": -14171000, "incomeBeforeTax": 440527000, "incomeTaxExpense": 112320000, "minorityInterest": {}, "netIncomeFromContinuingOps": 328207000, "discontinuedOperations": {}, "extraordinaryItems": {}, "effectOfAccountingCharges": {}, "otherItems": {}, "netIncome": 328207000, "netIncomeApplicableToCommonShares": 328207000}, {"maxAge": 1, "endDate": "2020-09-30", "totalRevenue": 5314888000, "costOfRevenue": 4211346000, "grossProfit": 1103542000, "researchDevelopment": {}, "sellingGeneralAdministrative": 310624000, "nonRecurring": {}, "otherOperatingExpenses": 419415000, "totalOperatingExpenses": 5096028000, "operatingIncome": 218860000, "totalOtherIncomeExpenseNet": -17181000, "ebit": 218860000, "interestExpense": -17181000, "incomeBeforeTax": 201679000, "incomeTaxExpense": 40926000, "minorityInterest": {}, "netIncomeFromContinuingOps": 160753000, "discontinuedOperations": {}, "extraordinaryItems": {}, "effectOfAccountingCharges": {}, "otherItems": {}, "netIncome": 160753000, "netIncomeApplicableToCommonShares": 160753000}, {"maxAge": 1, "endDate": "2020-06-30", "totalRevenue": 3797615000, "costOfRevenue": 3120100000, "grossProfit": 677515000, "researchDevelopment": {}, "sellingGeneralAdministrative": 310731000, "nonRecurring": {}, "otherOperatingExpenses": 265344000, "totalOperatingExpenses": 3849897000, "operatingIncome": -52282000, "totalOtherIncomeExpenseNet": -15633000, "ebit": -52282000, "interestExpense": -15633000, "incomeBeforeTax": -67915000, "incomeTaxExpense": 1115000, "minorityInterest": {}, "netIncomeFromContinuingOps": -69030000, "discontinuedOperations": {}, "extraordinaryItems": {}, "effectOfAccountingCharges": {}, "otherItems": {}, "netIncome": -69030000, "netIncomeApplicableToCommonShares": -69030000}], "maxAge": 86400}, "cashflowStatementHistoryQuarterly": {"cashflowStatements": [{"maxAge": 1, "endDate": "2021-03-31", "netIncome": 561559000, "changeToLiabilities": 0}, {"maxAge": 1, "endDate": "2020-12-31", "netIncome": 328207000, "changeToLiabilities": 0}, {"maxAge": 1, "endDate": "2020-09-30", "netIncome": 160753000, "changeToLiabilities": 0}, {"maxAge": 1, "endDate": "2020-06-30", "netIncome": -69030000, "changeToLiabilities": 0}], "maxAge": 86400}, "insiderHolders": {"holders": [], "maxAge": 1}, "calendarEvents": {"maxAge": 1, "earnings": {"earningsDate": []}, "exDividendDate": "2020-08-21 05:30:00"}, "upgradeDowngradeHistory": {"history": [], "maxAge": 86400}, "price": {"maxAge": 1, "regularMarketChangePercent": -0.0010067805, "regularMarketChange": -0.19999695, "regularMarketTime": "2021-04-30 15:30:01", "priceHint": 2, "regularMarketPrice": 198.45, "regularMarketDayHigh": 206.7, "regularMarketDayLow": 191.0, "regularMarketVolume": 2710737, "averageDailyVolume10Day": 791956, "averageDailyVolume3Month": 707423, "regularMarketPreviousClose": 198.65, "regularMarketSource": "FREE_REALTIME", "regularMarketOpen": 194.5, "exchange": "NSI", "exchangeName": "NSE", "exchangeDataDelayedBy": 15, "marketState": "CLOSED", "quoteType": "EQUITY", "symbol": "TINPLATE.NS", "underlyingSymbol": null, "shortName": "TINPLATE CO INDIA", "longName": "The Tinplate Company of India Limited", "currency": "INR", "quoteSourceName": "Delayed Quote", "currencySymbol": "\u20b9", "fromCurrency": null, "lastMarket": null, "marketCap": 20760846336}, "balanceSheetHistory": {"balanceSheetStatements": [{"maxAge": 1, "endDate": "2021-03-31", "cash": 2183250000, "shortTermInvestments": 753005000, "netReceivables": 757357000, "inventory": 2690765000, "otherCurrentAssets": 886641000, "totalCurrentAssets": 7271018000, "longTermInvestments": 372818000, "propertyPlantEquipment": 5592772000, "intangibleAssets": 10744000, "otherAssets": 309537000, "totalAssets": 13556889000, "accountsPayable": 2403508000, "otherCurrentLiab": 1206156000, "otherLiab": 1163820000, "totalCurrentLiabilities": 3814473000, "totalLiab": 5095941000, "commonStock": 1047980000, "treasuryStock": 7412968000, "otherStockholderEquity": 7412968000, "totalStockholderEquity": 8460948000, "netTangibleAssets": 8450204000}, {"maxAge": 1, "endDate": "2020-03-31", "cash": 194655000, "netReceivables": 827019000, "inventory": 3240283000, "otherCurrentAssets": 510073000, "totalCurrentAssets": 5741390000, "longTermInvestments": 33000, "propertyPlantEquipment": 6008750000, "intangibleAssets": 7543000, "otherAssets": 221767000, "totalAssets": 11979483000, "accountsPayable": 1847487000, "otherCurrentLiab": 517060000, "otherLiab": 1150630000, "totalCurrentLiabilities": 3102479000, "totalLiab": 4372035000, "commonStock": 1046676000, "retainedEarnings": 2487271000, "treasuryStock": 1125107000, "capitalSurplus": 2948394000, "otherStockholderEquity": 1125107000, "totalStockholderEquity": 7607448000, "netTangibleAssets": 7599905000}, {"maxAge": 1, "endDate": "2019-03-31", "cash": 317164000, "shortTermInvestments": 969594000, "netReceivables": 1437578000, "inventory": 2138615000, "otherCurrentAssets": 597297000, "totalCurrentAssets": 5482387000, "longTermInvestments": 33000, "propertyPlantEquipment": 6047911000, "intangibleAssets": 10641000, "otherAssets": 222358000, "totalAssets": 11763330000, "accountsPayable": 1885479000, "otherCurrentLiab": 424118000, "otherLiab": 1365580000, "totalCurrentLiabilities": 3286667000, "totalLiab": 4652247000, "commonStock": 1046676000, "retainedEarnings": 1990906000, "treasuryStock": 1125107000, "capitalSurplus": 2948394000, "otherStockholderEquity": 1125107000, "totalStockholderEquity": 7111083000, "netTangibleAssets": 7100442000}, {"maxAge": 1, "endDate": "2018-03-31", "cash": 437275000, "netReceivables": 1069225000, "inventory": 1950278000, "otherCurrentAssets": 812501000, "totalCurrentAssets": 4797901000, "longTermInvestments": 33000, "propertyPlantEquipment": 6077243000, "intangibleAssets": 27691000, "otherAssets": 169551000, "totalAssets": 11072419000, "accountsPayable": 1635542000, "otherCurrentLiab": 300174000, "otherLiab": 1425271000, "totalCurrentLiabilities": 2879973000, "totalLiab": 4305244000, "commonStock": 1046676000, "retainedEarnings": 1646998000, "treasuryStock": 1125107000, "capitalSurplus": 2948394000, "otherStockholderEquity": 1125107000, "totalStockholderEquity": 6767175000, "netTangibleAssets": 6739484000}], "maxAge": 86400}, "financialData": {"maxAge": 86400, "currentPrice": 198.45, "recommendationKey": "none", "totalCash": 2936254976, "totalCashPerShare": 28.078, "ebitda": 2013287936, "totalDebt": 133831000, "quickRatio": 0.968, "currentRatio": 1.906, "totalRevenue": 22813677568, "debtToEquity": 1.582, "revenuePerShare": 218.028, "returnOnAssets": 0.06837, "returnOnEquity": 0.122159995, "grossProfits": 5035165000, "freeCashflow": 2127061120, "operatingCashflow": 2524823040, "earningsGrowth": 1.073, "revenueGrowth": 0.588, "grossMargins": 0.22071, "ebitdaMargins": 0.08825, "operatingMargins": 0.06122, "profitMargins": 0.04302, "financialCurrency": "INR"}}}