{"TINPLATE.BO": {"recommendationTrend": {"trend": [{"period": "0m", "strongBuy": 0, "buy": 0, "hold": 0, "sell": 0, "strongSell": 0}, {"period": "-1m", "strongBuy": 0, "buy": 0, "hold": 0, "sell": 0, "strongSell": 0}, {"period": "-2m", "strongBuy": 0, "buy": 0, "hold": 0, "sell": 0, "strongSell": 0}, {"period": "-3m", "strongBuy": 0, "buy": 0, "hold": 0, "sell": 0, "strongSell": 0}], "maxAge": 86400}, "cashflowStatementHistory": {"cashflowStatements": [{"maxAge": 1, "endDate": "2020-03-31", "netIncome": 950284000, "depreciation": 605138000, "changeToNetincome": -250300000, "changeToAccountReceivables": 558609000, "changeToLiabilities": -119795000, "changeToInventory": -1111697000, "changeToOperatingActivities": -109886000, "totalCashFromOperatingActivities": 529438000, "capitalExpenditures": -410159000, "investments": 95637000, "otherCashflowsFromInvestingActivities": -10069000, "totalCashflowsFromInvestingActivities": -323928000, "dividendsPaid": -209335000, "netBorrowings": -35600000, "otherCashflowsFromFinancingActivities": -83084000, "totalCashFromFinancingActivities": -328019000, "changeInCash": -122509000}, {"maxAge": 1, "endDate": "2019-03-31", "netIncome": 579990000, "depreciation": 613287000, "changeToNetincome": -16738000, "changeToAccountReceivables": -274083000, "changeToLiabilities": 440931000, "changeToInventory": -191351000, "changeToOperatingActivities": 70748000, "totalCashFromOperatingActivities": 1244707000, "capitalExpenditures": -623581000, "investments": -452409000, "otherCashflowsFromInvestingActivities": 33740000, "totalCashflowsFromInvestingActivities": -1040860000, "dividendsPaid": -209335000, "netBorrowings": -35600000, "otherCashflowsFromFinancingActivities": -114623000, "totalCashFromFinancingActivities": -323958000, "changeInCash": -120111000}, {"maxAge": 1, "endDate": "2018-03-31", "netIncome": 731628000, "depreciation": 598974000, "changeToNetincome": -63130000, "changeToAccountReceivables": -151712000, "changeToLiabilities": 1180648000, "changeToInventory": -1299869000, "changeToOperatingActivities": 67390000, "totalCashFromOperatingActivities": 1084211000, "capitalExpenditures": -396034000, "investments": -129995000, "otherCashflowsFromInvestingActivities": 18756000, "totalCashflowsFromInvestingActivities": -506531000, "dividendsPaid": -167468000, "netBorrowings": -35600000, "otherCashflowsFromFinancingActivities": -67106000, "totalCashFromFinancingActivities": -234574000, "changeInCash": 343106000}, {"maxAge": 1, "endDate": "2017-03-31", "netIncome": 278602000, "depreciation": 640076000, "changeToNetincome": 64363000, "changeToAccountReceivables": -317120000, "changeToLiabilities": 85263000, "changeToInventory": 125275000, "changeToOperatingActivities": 12091000, "totalCashFromOperatingActivities": 906326000, "capitalExpenditures": -250931000, "investments": -332116000, "otherCashflowsFromInvestingActivities": 12005000, "totalCashflowsFromInvestingActivities": -568921000, "dividendsPaid": -209335000, "netBorrowings": -35600000, "otherCashflowsFromFinancingActivities": -73600000, "totalCashFromFinancingActivities": -282935000, "changeInCash": 54470000}], "maxAge": 86400}, "institutionOwnership": {"ownershipList": [], "maxAge": 1}, "balanceSheetHistoryQuarterly": {"balanceSheetStatements": [{"maxAge": 1, "endDate": "2020-09-30", "cash": 1639535000, "shortTermInvestments": 703945000, "netReceivables": 669311000, "inventory": 2153797000, "otherCurrentAssets": 642315000, "totalCurrentAssets": 5808903000, "longTermInvestments": 21144000, "propertyPlantEquipment": 5785909000, "intangibleAssets": 12161000, "otherAssets": 183582000, "totalAssets": 11811699000, "accountsPayable": 1833439000, "otherCurrentLiab": 915690000, "otherLiab": 1164498000, "totalCurrentLiabilities": 2951133000, "totalLiab": 4228192000, "commonStock": 1047980000, "treasuryStock": 6535527000, "otherStockholderEquity": 6535527000, "totalStockholderEquity": 7583507000, "netTangibleAssets": 7571346000}, {"maxAge": 1, "endDate": "2020-06-30", "totalStockholderEquity": 7607448000, "netTangibleAssets": 7599905000}, {"maxAge": 1, "endDate": "2020-03-31", "cash": 194655000, "netReceivables": 827019000, "inventory": 3240283000, "otherCurrentAssets": 510073000, "totalCurrentAssets": 5741390000, "longTermInvestments": 33000, "propertyPlantEquipment": 6008750000, "intangibleAssets": 7543000, "otherAssets": 221767000, "totalAssets": 11979483000, "accountsPayable": 1847487000, "otherCurrentLiab": 517060000, "otherLiab": 1150630000, "totalCurrentLiabilities": 3102479000, "totalLiab": 4372035000, "commonStock": 1046676000, "retainedEarnings": 2487271000, "treasuryStock": 1125107000, "capitalSurplus": 2948394000, "otherStockholderEquity": 1125107000, "totalStockholderEquity": 7607448000, "netTangibleAssets": 7599905000}, {"maxAge": 1, "endDate": "2019-12-31", "totalStockholderEquity": 7033087000, "netTangibleAssets": 7023587000}], "maxAge": 86400}, "earningsHistory": {"history": [{"maxAge": 1, "epsActual": {}, "epsEstimate": {}, "epsDifference": {}, "surprisePercent": {}, "quarter": {}, "period": "-4q"}, {"maxAge": 1, "epsActual": 1.7, "epsEstimate": 1.46, "epsDifference": 0.24, "surprisePercent": 0.16399999, "quarter": "2017-09-30", "period": "-3q"}, {"maxAge": 1, "epsActual": 1.22, "epsEstimate": 1.38, "epsDifference": -0.16, "surprisePercent": -0.116000004, "quarter": "2017-12-31", "period": "-2q"}, {"maxAge": 1, "epsActual": 2.72, "epsEstimate": 1.69, "epsDifference": 1.03, "surprisePercent": 0.609, "quarter": "2018-03-31", "period": "-1q"}], "maxAge": 86400}, "indexTrend": {"maxAge": 1, "symbol": "SP5", "peRatio": 19.7411, "pegRatio": 1.34172, "estimates": [{"period": "0q", "growth": 0.549}, {"period": "+1q", "growth": 0.431}, {"period": "0y", "growth": 0.305}, {"period": "+1y", "growth": 0.109}, {"period": "+5y", "growth": 0.120865}, {"period": "-5y"}]}, "industryTrend": {"maxAge": 1, "symbol": null, "estimates": []}, "quoteType": {"exchange": "BSE", "quoteType": "EQUITY", "symbol": "TINPLATE.BO", "underlyingSymbol": "TINPLATE.BO", "shortName": "TINPLATE COMPANY OF INDIA LTD.", "longName": "The Tinplate Company Of India Limited", "firstTradeDateEpochUtc": "1991-01-03 09:15:00", "timeZoneFullName": "Asia/Kolkata", "timeZoneShortName": "IST", "uuid": "44af2ead-a995-3146-8c2c-dcb488de7a15", "gmtOffSetMilliseconds": 19800000, "maxAge": 1}, "incomeStatementHistory": {"incomeStatementHistory": [{"maxAge": 1, "endDate": "2020-03-31", "totalRevenue": 21086770000, "costOfRevenue": 14530185000, "grossProfit": 6556585000, "researchDevelopment": {}, "sellingGeneralAdministrative": 1363881000, "nonRecurring": {}, "otherOperatingExpenses": 3510362000, "totalOperatingExpenses": 20016651000, "operatingIncome": 1070119000, "totalOtherIncomeExpenseNet": -28593000, "ebit": 1070119000, "interestExpense": -64964000, "incomeBeforeTax": 1041526000, "incomeTaxExpense": 91242000, "minorityInterest": {}, "netIncomeFromContinuingOps": 950284000, "discontinuedOperations": {}, "extraordinaryItems": {}, "effectOfAccountingCharges": {}, "otherItems": {}, "netIncome": 950284000, "netIncomeApplicableToCommonShares": 950284000}, {"maxAge": 1, "endDate": "2019-03-31", "totalRevenue": 25871932000, "costOfRevenue": 19520113000, "grossProfit": 6351819000, "researchDevelopment": {}, "sellingGeneralAdministrative": 1290140000, "nonRecurring": {}, "otherOperatingExpenses": 3530990000, "totalOperatingExpenses": 24976453000, "operatingIncome": 895479000, "totalOtherIncomeExpenseNet": 22263000, "ebit": 895479000, "interestExpense": -34077000, "incomeBeforeTax": 917742000, "incomeTaxExpense": 337752000, "minorityInterest": {}, "netIncomeFromContinuingOps": 579990000, "discontinuedOperations": {}, "extraordinaryItems": {}, "effectOfAccountingCharges": {}, "otherItems": {}, "netIncome": 579990000, "netIncomeApplicableToCommonShares": 579990000}, {"maxAge": 1, "endDate": "2018-03-31", "totalRevenue": 19211389000, "costOfRevenue": 12907876000, "grossProfit": 6303513000, "researchDevelopment": {}, "sellingGeneralAdministrative": 1151465000, "nonRecurring": {}, "otherOperatingExpenses": 3407910000, "totalOperatingExpenses": 18086507000, "operatingIncome": 1124882000, "totalOtherIncomeExpenseNet": 27291000, "ebit": 1124882000, "interestExpense": -208000, "incomeBeforeTax": 1152173000, "incomeTaxExpense": 420545000, "minorityInterest": {}, "netIncomeFromContinuingOps": 731628000, "discontinuedOperations": {}, "extraordinaryItems": {}, "effectOfAccountingCharges": {}, "otherItems": {}, "netIncome": 731628000, "netIncomeApplicableToCommonShares": 731628000}, {"maxAge": 1, "endDate": "2017-03-31", "totalRevenue": 8330802000, "costOfRevenue": 3390137000, "grossProfit": 4940665000, "researchDevelopment": {}, "sellingGeneralAdministrative": 1255761000, "nonRecurring": {}, "otherOperatingExpenses": 2620450000, "totalOperatingExpenses": 7924200000, "operatingIncome": 406602000, "totalOtherIncomeExpenseNet": 11000, "ebit": 406602000, "interestExpense": -991000, "incomeBeforeTax": 406613000, "incomeTaxExpense": 128011000, "minorityInterest": {}, "netIncomeFromContinuingOps": 278602000, "discontinuedOperations": {}, "extraordinaryItems": {}, "effectOfAccountingCharges": {}, "otherItems": {}, "netIncome": 278602000, "netIncomeApplicableToCommonShares": 278602000}], "maxAge": 86400}, "fundOwnership": {"ownershipList": [{"maxAge": 1, "reportDate": "2020-07-31", "organization": "DFA Emerging Markets Core Equity Portfolio", "pctHeld": 0.003, "position": 315341, "value": 41104699}, {"maxAge": 1, "reportDate": "2020-07-31", "organization": "DFA Investment Dimensions-DFA Emerging Mkts Value", "pctHeld": 0.0025, "position": 263770, "value": 34382419}, {"maxAge": 1, "reportDate": "2020-07-31", "organization": "DFA Emerging Markets Small Cap Series", "pctHeld": 0.0018000001, "position": 183727, "value": 23948814}, {"maxAge": 1, "reportDate": "2020-07-31", "organization": "DFA Investment Dimensions-Emerging Markets Social Core Equity", "pctHeld": 0.0002, "position": 23897, "value": 3114973}, {"maxAge": 1, "reportDate": "2020-07-31", "organization": "DFA T.A. World Ex U.S. Core Equity Portfolio", "pctHeld": 0.0001, "position": 13266, "value": 1729223}, {"maxAge": 1, "reportDate": "2020-07-31", "organization": "DFA Investment Dimensions-World Ex U.S. Core Equity Port", "pctHeld": 0.0001, "position": 10194, "value": 1328787}, {"maxAge": 1, "reportDate": "2020-07-31", "organization": "DFA Emerging Markets Sustainability Core 1 Portfolio", "pctHeld": 0.0001, "position": 5495, "value": 716273}], "maxAge": 1}, "summaryDetail": {"maxAge": 1, "priceHint": 2, "previousClose": 198.55, "open": 195.4, "dayLow": 192.6, "dayHigh": 206.5, "regularMarketPreviousClose": 198.55, "regularMarketOpen": 195.4, "regularMarketDayLow": 192.6, "regularMarketDayHigh": 206.5, "trailingPE": 24.943197, "forwardPE": 24.607723, "volume": 188589, "regularMarketVolume": 188589, "averageVolume": 119730, "averageVolume10days": 188525, "averageDailyVolume10Day": 188525, "bid": 197.55, "ask": 197.6, "bidSize": 0, "askSize": 0, "marketCap": 20682397696, "fiftyTwoWeekLow": 56.5, "fiftyTwoWeekHigh": 206.5, "fiftyDayAverage": 165.29546, "twoHundredDayAverage": 144.93604, "trailingAnnualDividendRate": 1.0, "trailingAnnualDividendYield": 0.0050365147, "currency": "INR", "fromCurrency": null, "lastMarket": null, "algorithm": null, "tradeable": false}, "sectorTrend": {"maxAge": 1, "symbol": null, "estimates": []}, "incomeStatementHistoryQuarterly": {"incomeStatementHistory": [{"maxAge": 1, "endDate": "2020-09-30", "totalRevenue": 5314888000, "costOfRevenue": 4211346000, "grossProfit": 1103542000, "researchDevelopment": {}, "sellingGeneralAdministrative": 310624000, "nonRecurring": {}, "otherOperatingExpenses": 419415000, "totalOperatingExpenses": 5096028000, "operatingIncome": 218860000, "totalOtherIncomeExpenseNet": -17181000, "ebit": 218860000, "interestExpense": -17181000, "incomeBeforeTax": 201679000, "incomeTaxExpense": 40926000, "minorityInterest": {}, "netIncomeFromContinuingOps": 160753000, "discontinuedOperations": {}, "extraordinaryItems": {}, "effectOfAccountingCharges": {}, "otherItems": {}, "netIncome": 160753000, "netIncomeApplicableToCommonShares": 160753000}, {"maxAge": 1, "endDate": "2020-06-30", "totalRevenue": 3797615000, "costOfRevenue": 3120100000, "grossProfit": 677515000, "researchDevelopment": {}, "sellingGeneralAdministrative": 310731000, "nonRecurring": {}, "otherOperatingExpenses": 265344000, "totalOperatingExpenses": 3849897000, "operatingIncome": -52282000, "totalOtherIncomeExpenseNet": -15633000, "ebit": -52282000, "interestExpense": -15633000, "incomeBeforeTax": -67915000, "incomeTaxExpense": 1115000, "minorityInterest": {}, "netIncomeFromContinuingOps": -69030000, "discontinuedOperations": {}, "extraordinaryItems": {}, "effectOfAccountingCharges": {}, "otherItems": {}, "netIncome": -69030000, "netIncomeApplicableToCommonShares": -69030000}, {"maxAge": 1, "endDate": "2020-03-31", "totalRevenue": 4753309000, "costOfRevenue": 1571000000, "grossProfit": 3182309000, "researchDevelopment": {}, "sellingGeneralAdministrative": 289017000, "nonRecurring": {}, "otherOperatingExpenses": 2355034000, "totalOperatingExpenses": 4367846000, "operatingIncome": 385463000, "totalOtherIncomeExpenseNet": 13004000, "ebit": 385463000, "interestExpense": -23367000, "incomeBeforeTax": 398467000, "incomeTaxExpense": 127263000, "minorityInterest": {}, "netIncomeFromContinuingOps": 271204000, "discontinuedOperations": {}, "extraordinaryItems": {}, "effectOfAccountingCharges": {}, "otherItems": {}, "netIncome": 271204000, "netIncomeApplicableToCommonShares": 271204000}, {"maxAge": 1, "endDate": "2019-12-31", "totalRevenue": 5336436000, "costOfRevenue": 4089197000, "grossProfit": 1247239000, "researchDevelopment": {}, "sellingGeneralAdministrative": 359512000, "nonRecurring": {}, "otherOperatingExpenses": 426654000, "totalOperatingExpenses": 5026655000, "operatingIncome": 309781000, "totalOtherIncomeExpenseNet": -15249000, "ebit": 309781000, "interestExpense": -15249000, "incomeBeforeTax": 294532000, "incomeTaxExpense": -169979000, "minorityInterest": {}, "netIncomeFromContinuingOps": 464511000, "discontinuedOperations": {}, "extraordinaryItems": {}, "effectOfAccountingCharges": {}, "otherItems": {}, "netIncome": 464511000, "netIncomeApplicableToCommonShares": 464511000}], "maxAge": 86400}, "cashflowStatementHistoryQuarterly": {"cashflowStatements": [{"maxAge": 1, "endDate": "2020-09-30", "netIncome": 160753000, "changeToLiabilities": 0}, {"maxAge": 1, "endDate": "2020-06-30", "netIncome": -69030000, "changeToLiabilities": 0}, {"maxAge": 1, "endDate": "2020-03-31", "netIncome": 271204000, "changeToLiabilities": 0}, {"maxAge": 1, "endDate": "2019-12-31", "netIncome": 464511000, "changeToLiabilities": 0}], "maxAge": 86400}, "insiderHolders": {"holders": [], "maxAge": 1}, "earnings": {"maxAge": 86400, "earningsChart": {"quarterly": [{"date": "3Q2017", "actual": 1.7, "estimate": 1.46}, {"date": "4Q2017", "actual": 1.22, "estimate": 1.38}, {"date": "1Q2018", "actual": 2.72, "estimate": 1.69}], "currentQuarterEstimateDate": "2Q", "currentQuarterEstimateYear": 2018, "earningsDate": []}, "financialsChart": {"yearly": [{"date": 2017, "revenue": 8330802000, "earnings": 278602000}, {"date": 2018, "revenue": 19211389000, "earnings": 731628000}, {"date": 2019, "revenue": 25871932000, "earnings": 579990000}, {"date": 2020, "revenue": 21086770000, "earnings": 950284000}], "quarterly": [{"date": "4Q2019", "revenue": 5336436000, "earnings": 464511000}, {"date": "1Q2020", "revenue": 4753309000, "earnings": 271204000}, {"date": "2Q2020", "revenue": 3797615000, "earnings": -69030000}, {"date": "3Q2020", "revenue": 5314888000, "earnings": 160753000}]}, "financialCurrency": "INR"}, "calendarEvents": {"maxAge": 1, "earnings": {"earningsDate": [], "revenueAverage": 5742880000}}, "upgradeDowngradeHistory": {"history": [], "maxAge": 86400}, "price": {"maxAge": 1, "regularMarketChangePercent": -0.0047846735, "regularMarketChange": -0.94999695, "regularMarketTime": "2021-04-30 15:41:04", "priceHint": 2, "regularMarketPrice": 197.6, "regularMarketDayHigh": 206.5, "regularMarketDayLow": 192.6, "regularMarketVolume": 188589, "averageDailyVolume10Day": 188525, "averageDailyVolume3Month": 119730, "regularMarketPreviousClose": 198.55, "regularMarketSource": "FREE_REALTIME", "regularMarketOpen": 195.4, "exchange": "BSE", "exchangeName": "BSE", "exchangeDataDelayedBy": 0, "marketState": "CLOSED", "quoteType": "EQUITY", "symbol": "TINPLATE.BO", "underlyingSymbol": null, "shortName": "TINPLATE COMPANY OF INDIA LTD.", "longName": "The Tinplate Company Of India Limited", "currency": "INR", "quoteSourceName": "Delayed Quote", "currencySymbol": "\u20b9", "fromCurrency": null, "lastMarket": null, "marketCap": 20682397696}, "balanceSheetHistory": {"balanceSheetStatements": [{"maxAge": 1, "endDate": "2020-03-31", "cash": 194655000, "netReceivables": 827019000, "inventory": 3240283000, "otherCurrentAssets": 510073000, "totalCurrentAssets": 5741390000, "longTermInvestments": 33000, "propertyPlantEquipment": 6008750000, "intangibleAssets": 7543000, "otherAssets": 221767000, "totalAssets": 11979483000, "accountsPayable": 1847487000, "otherCurrentLiab": 517060000, "otherLiab": 1150630000, "totalCurrentLiabilities": 3102479000, "totalLiab": 4372035000, "commonStock": 1046676000, "retainedEarnings": 2487271000, "treasuryStock": 1125107000, "capitalSurplus": 2948394000, "otherStockholderEquity": 1125107000, "totalStockholderEquity": 7607448000, "netTangibleAssets": 7599905000}, {"maxAge": 1, "endDate": "2019-03-31", "cash": 317164000, "shortTermInvestments": 969594000, "netReceivables": 1437578000, "inventory": 2138615000, "otherCurrentAssets": 597297000, "totalCurrentAssets": 5482387000, "longTermInvestments": 33000, "propertyPlantEquipment": 6047911000, "intangibleAssets": 10641000, "otherAssets": 222358000, "totalAssets": 11763330000, "accountsPayable": 1885479000, "otherCurrentLiab": 424118000, "otherLiab": 1365580000, "totalCurrentLiabilities": 3286667000, "totalLiab": 4652247000, "commonStock": 1046676000, "retainedEarnings": 1990906000, "treasuryStock": 1125107000, "capitalSurplus": 2948394000, "otherStockholderEquity": 1125107000, "totalStockholderEquity": 7111083000, "netTangibleAssets": 7100442000}, {"maxAge": 1, "endDate": "2018-03-31", "cash": 437275000, "netReceivables": 1069225000, "inventory": 1950278000, "otherCurrentAssets": 812501000, "totalCurrentAssets": 4797901000, "longTermInvestments": 33000, "propertyPlantEquipment": 6077243000, "intangibleAssets": 27691000, "otherAssets": 169551000, "totalAssets": 11072419000, "accountsPayable": 1635542000, "otherCurrentLiab": 300174000, "otherLiab": 1425271000, "totalCurrentLiabilities": 2879973000, "totalLiab": 4305244000, "commonStock": 1046676000, "retainedEarnings": 1646998000, "treasuryStock": 1125107000, "capitalSurplus": 2948394000, "otherStockholderEquity": 1125107000, "totalStockholderEquity": 6767175000, "netTangibleAssets": 6739484000}, {"maxAge": 1, "endDate": "2017-03-31", "cash": 94169000, "netReceivables": 1084845000, "inventory": 648228000, "otherCurrentAssets": 82199000, "totalCurrentAssets": 2305605000, "longTermInvestments": 33000, "propertyPlantEquipment": 6242920000, "intangibleAssets": 37202000, "otherAssets": 152015000, "totalAssets": 8737775000, "accountsPayable": 557866000, "otherCurrentLiab": 168323000, "otherLiab": 1501805000, "totalCurrentLiabilities": 1013055000, "totalLiab": 2514860000, "commonStock": 1046676000, "retainedEarnings": 1102738000, "treasuryStock": 1125107000, "capitalSurplus": 2948394000, "otherStockholderEquity": 1125107000, "totalStockholderEquity": 6222915000, "netTangibleAssets": 6185713000}], "maxAge": 86400}, "earningsTrend": {"trend": [{"maxAge": 1, "period": "0q", "endDate": "2018-06-30", "growth": {}, "earningsEstimate": {"avg": 0.0, "low": 0.0, "high": 0.0, "yearAgoEps": {}, "numberOfAnalysts": 0, "growth": {}}, "revenueEstimate": {"avg": 5742880000, "low": 0, "high": 0, "numberOfAnalysts": 0, "yearAgoRevenue": {}, "growth": {}}, "epsTrend": {"current": 0.0, "7daysAgo": 0.0, "30daysAgo": 0.0, "60daysAgo": 0.0, "90daysAgo": 0.0}, "epsRevisions": {"upLast7days": 0, "upLast30days": 0, "downLast30days": 0, "downLast90days": {}}}, {"maxAge": 1, "period": "+1q", "endDate": "2018-09-30", "growth": {}, "earningsEstimate": {"avg": 0.0, "low": 0.0, "high": 0.0, "yearAgoEps": 1.7, "numberOfAnalysts": 0, "growth": {}}, "revenueEstimate": {"avg": 6694760000, "low": 0, "high": 0, "numberOfAnalysts": 0, "yearAgoRevenue": 4400360000, "growth": 0.52099997}, "epsTrend": {"current": 0.0, "7daysAgo": 0.0, "30daysAgo": 0.0, "60daysAgo": 0.0, "90daysAgo": 0.0}, "epsRevisions": {"upLast7days": 0, "upLast30days": 0, "downLast30days": 0, "downLast90days": {}}}, {"maxAge": 1, "period": "0y", "endDate": "2019-03-31", "growth": {}, "earningsEstimate": {"avg": 0.0, "low": 0.0, "high": 0.0, "yearAgoEps": {}, "numberOfAnalysts": 0, "growth": {}}, "revenueEstimate": {"avg": 22091900000, "low": 22091900000, "high": 22091900000, "numberOfAnalysts": 1, "yearAgoRevenue": 19178000000, "growth": 0.152}, "epsTrend": {"current": 0.0, "7daysAgo": 8.03, "30daysAgo": 8.03, "60daysAgo": 8.03, "90daysAgo": 8.03}, "epsRevisions": {"upLast7days": 0, "upLast30days": 0, "downLast30days": 0, "downLast90days": {}}}, {"maxAge": 1, "period": "+1y", "endDate": "2020-03-31", "growth": {}, "earningsEstimate": {"avg": 0.0, "low": 0.0, "high": 0.0, "yearAgoEps": {}, "numberOfAnalysts": 0, "growth": {}}, "revenueEstimate": {"avg": 0, "low": 0, "high": 0, "numberOfAnalysts": 0, "yearAgoRevenue": 22091900000, "growth": {}}, "epsTrend": {"current": 0.0, "7daysAgo": 0.0, "30daysAgo": 0.0, "60daysAgo": 0.0, "90daysAgo": 0.0}, "epsRevisions": {"upLast7days": 0, "upLast30days": 0, "downLast30days": 0, "downLast90days": {}}}, {"maxAge": 1, "period": "+5y", "endDate": null, "growth": {}, "earningsEstimate": {"avg": {}, "low": {}, "high": {}, "yearAgoEps": {}, "numberOfAnalysts": {}, "growth": {}}, "revenueEstimate": {"avg": {}, "low": {}, "high": {}, "numberOfAnalysts": {}, "yearAgoRevenue": {}, "growth": {}}, "epsTrend": {"current": {}, "7daysAgo": {}, "30daysAgo": {}, "60daysAgo": {}, "90daysAgo": {}}, "epsRevisions": {"upLast7days": {}, "upLast30days": {}, "downLast30days": {}, "downLast90days": {}}}, {"maxAge": 1, "period": "-5y", "endDate": null, "growth": {}, "earningsEstimate": {"avg": {}, "low": {}, "high": {}, "yearAgoEps": {}, "numberOfAnalysts": {}, "growth": {}}, "revenueEstimate": {"avg": {}, "low": {}, "high": {}, "numberOfAnalysts": {}, "yearAgoRevenue": {}, "growth": {}}, "epsTrend": {"current": {}, "7daysAgo": {}, "30daysAgo": {}, "60daysAgo": {}, "90daysAgo": {}}, "epsRevisions": {"upLast7days": {}, "upLast30days": {}, "downLast30days": {}, "downLast90days": {}}}], "maxAge": 1}, "financialData": {"maxAge": 86400, "currentPrice": 197.6, "targetHighPrice": 83.0, "targetLowPrice": 83.0, "targetMeanPrice": 83.0, "targetMedianPrice": 83.0, "recommendationKey": "none", "numberOfAnalystOpinions": 1, "grossProfits": 6556585000, "financialCurrency": "INR"}}}