{"TIRUPATIFL.NS": {"assetProfile": {"address1": "Plot No. 1-5, Survey No. 92/1", "address2": "Near Shan Cement Hadamtala Ind. Area, NH 27 Taluka : Kotda Sangani, Hadamtala", "city": "Rajkot", "zip": "360311", "country": "India", "phone": "91 28 2727 0512", "website": "http://www.tirupatiforge.com", "industry": "Metal Fabrication", "sector": "Industrials", "longBusinessSummary": "Tirupati Forge Limited manufactures and sells carbon steel forged flanges, and forged and other automotive components in India. The company provides slip-on, weld-neck, blind, lap-joint, threaded, and socket weld flanges; and din, conical, and plate flanges. It also offers auto parts, bearings, gears, crank shafts, hammer unions, forged pipe fittings, and seamless rolled rings. The company offers its products under the Tirupati brand name. It exports its forging products to the United States, Canada, Malaysia, Morocco, Brazil, etc. The company was incorporated in 2012 and is based in Rajkot, India.", "fullTimeEmployees": 65, "companyOfficers": [{"maxAge": 1, "name": "Mr. Hiteshkumar Gordhanbhai Thummar", "age": 38, "title": "Chairman & MD", "yearBorn": 1982, "fiscalYear": 2020, "totalPay": 1500000, "exercisedValue": 0, "unexercisedValue": 0}, {"maxAge": 1, "name": "Mr. Bhavesh Tulshibhai Barsiya", "age": 41, "title": "Whole Time Director", "yearBorn": 1979, "fiscalYear": 2020, "totalPay": 600000, "exercisedValue": 0, "unexercisedValue": 0}, {"maxAge": 1, "name": "Mr. Atulbhai Laxmanbhai Natu", "age": 49, "title": "Chief Financial Officer", "yearBorn": 1971, "exercisedValue": 0, "unexercisedValue": 0}, {"maxAge": 1, "name": "Mr. Jalpa Nileshbhai Doshi", "title": "Company Sec. & Compliance Officer", "exercisedValue": 0, "unexercisedValue": 0}], "compensationAsOfEpochDate": "2020-12-31 05:30:00", "maxAge": 86400}, "cashflowStatementHistory": {"cashflowStatements": [{"maxAge": 1, "endDate": "2020-03-31", "netIncome": 2742553, "depreciation": 18175168, "changeToNetincome": -2794645, "changeToAccountReceivables": 20894570, "changeToLiabilities": 7891058, "changeToInventory": -8609317, "changeToOperatingActivities": 6423477, "totalCashFromOperatingActivities": 44722864, "capitalExpenditures": -47693114, "investments": -100, "otherCashflowsFromInvestingActivities": 788243, "totalCashflowsFromInvestingActivities": -46904971, "netBorrowings": -9232523, "otherCashflowsFromFinancingActivities": -5035277, "totalCashFromFinancingActivities": 20942200, "changeInCash": 18760093, "issuanceOfStock": 35210000}, {"maxAge": 1, "endDate": "2019-03-31", "netIncome": 41893911, "depreciation": 10239883, "changeToNetincome": 8192944, "changeToAccountReceivables": -23965418, "changeToLiabilities": 6129910, "changeToInventory": -11504370, "changeToOperatingActivities": -8847450, "totalCashFromOperatingActivities": 22139410, "capitalExpenditures": -67285757, "investments": -100, "otherCashflowsFromInvestingActivities": 51189, "totalCashflowsFromInvestingActivities": -67234568, "netBorrowings": 44523022, "otherCashflowsFromFinancingActivities": -4313415, "totalCashFromFinancingActivities": 40709607, "changeInCash": -4385551, "issuanceOfStock": 500000}, {"maxAge": 1, "endDate": "2018-03-31", "netIncome": 15452582, "depreciation": 8780440, "changeToNetincome": 4764625, "changeToAccountReceivables": -8437065, "changeToLiabilities": -18351853, "changeToInventory": -9638448, "changeToOperatingActivities": -2009855, "totalCashFromOperatingActivities": -9439574, "capitalExpenditures": -7381380, "investments": -100, "otherCashflowsFromInvestingActivities": 1549168, "totalCashflowsFromInvestingActivities": -5832212, "netBorrowings": -40320541, "otherCashflowsFromFinancingActivities": -2577292, "totalCashFromFinancingActivities": 20207094, "changeInCash": 4935308, "issuanceOfStock": 63104927}, {"maxAge": 1, "endDate": "2017-03-31", "netIncome": 4943339, "depreciation": 8965119, "changeToNetincome": 4502350, "changeToAccountReceivables": -6871684, "changeToLiabilities": 7867244, "changeToInventory": -3301252, "changeToOperatingActivities": 5764739, "totalCashFromOperatingActivities": 21869855, "capitalExpenditures": -6390624, "investments": -100, "otherCashflowsFromInvestingActivities": 30468, "totalCashflowsFromInvestingActivities": -6110361, "netBorrowings": -7542508, "otherCashflowsFromFinancingActivities": -8833346, "totalCashFromFinancingActivities": -16375854, "changeInCash": -616361, "issuanceOfStock": 63104927}], "maxAge": 86400}, "institutionOwnership": {"ownershipList": [], "maxAge": 1}, "majorHoldersBreakdown": {"maxAge": 1}, "balanceSheetHistoryQuarterly": {"balanceSheetStatements": [{"maxAge": 1, "endDate": "2020-12-31", "totalStockholderEquity": 205901000, "netTangibleAssets": 205901000}, {"maxAge": 1, "endDate": "2020-09-30", "cash": 14024000, "netReceivables": 48572000, "inventory": 77513000, "otherCurrentAssets": 1890000, "totalCurrentAssets": 141999000, "propertyPlantEquipment": 133681000, "otherAssets": 10217000, "totalAssets": 285897000, "accountsPayable": 21939000, "shortLongTermDebt": 904000, "otherCurrentLiab": 11167000, "longTermDebt": 22421000, "otherLiab": 1428000, "totalCurrentLiabilities": 55730000, "totalLiab": 79996000, "commonStock": 112000000, "treasuryStock": 93901000, "otherStockholderEquity": 93901000, "totalStockholderEquity": 205901000, "netTangibleAssets": 205901000}, {"maxAge": 1, "endDate": "2020-06-30", "totalStockholderEquity": 185114999, "netTangibleAssets": 185038006}, {"maxAge": 1, "endDate": "2019-12-31"}], "maxAge": 86400}, "indexTrend": {"maxAge": 1, "symbol": "SP5", "peRatio": 19.7411, "pegRatio": 1.34172, "estimates": [{"period": "0q", "growth": 0.549}, {"period": "+1q", "growth": 0.431}, {"period": "0y", "growth": 0.305}, {"period": "+1y", "growth": 0.109}, {"period": "+5y", "growth": 0.120865}, {"period": "-5y"}]}, "defaultKeyStatistics": {"maxAge": 1, "priceHint": 2, "enterpriseValue": 301438016, "profitMargins": 0.017690001, "floatShares": 623052, "sharesOutstanding": 10320000, "beta": 0.282303, "category": null, "bookValue": 19.386, "priceToBook": 1.2895905, "fundFamily": null, "legalType": null, "lastFiscalYearEnd": "2020-03-31 05:30:00", "nextFiscalYearEnd": "2022-03-31 05:30:00", "mostRecentQuarter": "2020-12-31 05:30:00", "netIncomeToCommon": 4705553, "trailingEps": 0.42, "lastSplitFactor": "16:10", "lastSplitDate": "2019-10-03 05:30:00", "enterpriseToRevenue": 1.133, "enterpriseToEbitda": 10.634}, "summaryProfile": {"address1": "Plot No. 1-5, Survey No. 92/1", "address2": "Near Shan Cement Hadamtala Ind. Area, NH 27 Taluka : Kotda Sangani, Hadamtala", "city": "Rajkot", "zip": "360311", "country": "India", "phone": "91 28 2727 0512", "website": "http://www.tirupatiforge.com", "industry": "Metal Fabrication", "sector": "Industrials", "longBusinessSummary": "Tirupati Forge Limited manufactures and sells carbon steel forged flanges, and forged and other automotive components in India. The company provides slip-on, weld-neck, blind, lap-joint, threaded, and socket weld flanges; and din, conical, and plate flanges. It also offers auto parts, bearings, gears, crank shafts, hammer unions, forged pipe fittings, and seamless rolled rings. The company offers its products under the Tirupati brand name. It exports its forging products to the United States, Canada, Malaysia, Morocco, Brazil, etc. The company was incorporated in 2012 and is based in Rajkot, India.", "fullTimeEmployees": 65, "companyOfficers": [], "maxAge": 86400}, "netSharePurchaseActivity": {"maxAge": 1, "period": "6m", "buyInfoCount": 0, "buyInfoShares": 0, "sellInfoCount": 0, "netInfoCount": 0, "netInfoShares": 0, "totalInsiderShares": 0}, "quoteType": {"exchange": "NSI", "quoteType": "EQUITY", "symbol": "TIRUPATIFL.NS", "underlyingSymbol": "TIRUPATIFL.NS", "shortName": "Tirupati Forge Limited", "longName": "Tirupati Forge Limited", "firstTradeDateEpochUtc": "2017-10-12 09:15:00", "timeZoneFullName": "Asia/Kolkata", "timeZoneShortName": "IST", "uuid": "495d4158-45ed-30e3-a9d6-8333ff666dd9", "gmtOffSetMilliseconds": 19800000, "maxAge": 1}, "incomeStatementHistory": {"incomeStatementHistory": [{"maxAge": 1, "endDate": "2020-03-31", "totalRevenue": 278355426, "costOfRevenue": 159524105, "grossProfit": 118831321, "researchDevelopment": {}, "sellingGeneralAdministrative": 21222330, "nonRecurring": {}, "otherOperatingExpenses": 71901098, "totalOperatingExpenses": 270822701, "operatingIncome": 7532725, "totalOtherIncomeExpenseNet": -3695792, "ebit": 7532725, "interestExpense": -4024240, "incomeBeforeTax": 3836933, "incomeTaxExpense": 1094380, "minorityInterest": {}, "netIncomeFromContinuingOps": 2742553, "discontinuedOperations": {}, "extraordinaryItems": {}, "effectOfAccountingCharges": {}, "otherItems": {}, "netIncome": 2742553, "netIncomeApplicableToCommonShares": 2742553}, {"maxAge": 1, "endDate": "2019-03-31", "totalRevenue": 420691994, "costOfRevenue": 254750170, "grossProfit": 165941824, "researchDevelopment": {}, "sellingGeneralAdministrative": 17313475, "nonRecurring": {}, "otherOperatingExpenses": 75791226, "totalOperatingExpenses": 358094754, "operatingIncome": 62597240, "totalOtherIncomeExpenseNet": -4064624, "ebit": 62597240, "interestExpense": -2377439, "incomeBeforeTax": 58532616, "incomeTaxExpense": 16638705, "minorityInterest": {}, "netIncomeFromContinuingOps": 41893911, "discontinuedOperations": {}, "extraordinaryItems": {}, "effectOfAccountingCharges": {}, "otherItems": {}, "netIncome": 41893911, "netIncomeApplicableToCommonShares": 41893911}, {"maxAge": 1, "endDate": "2018-03-31", "totalRevenue": 208719819, "costOfRevenue": 110441637, "grossProfit": 98278182, "researchDevelopment": {}, "sellingGeneralAdministrative": 11769191, "nonRecurring": {}, "otherOperatingExpenses": 54310251, "totalOperatingExpenses": 185301778, "operatingIncome": 23418041, "totalOtherIncomeExpenseNet": -2108087, "ebit": 23418041, "interestExpense": -1805357, "incomeBeforeTax": 21309954, "incomeTaxExpense": 5857372, "minorityInterest": {}, "netIncomeFromContinuingOps": 15452582, "discontinuedOperations": {}, "extraordinaryItems": {}, "effectOfAccountingCharges": {}, "otherItems": {}, "netIncome": 15452582, "netIncomeApplicableToCommonShares": 15452582}, {"maxAge": 1, "endDate": "2017-03-31", "totalRevenue": 160999515, "costOfRevenue": 96043822, "grossProfit": 64955693, "researchDevelopment": {}, "sellingGeneralAdministrative": 7559444, "nonRecurring": {}, "otherOperatingExpenses": 38564524, "totalOperatingExpenses": 151132650, "operatingIncome": 9866865, "totalOtherIncomeExpenseNet": -2756426, "ebit": 9866865, "interestExpense": -4417021, "incomeBeforeTax": 7110439, "incomeTaxExpense": 2167100, "minorityInterest": {}, "netIncomeFromContinuingOps": 4943339, "discontinuedOperations": {}, "extraordinaryItems": {}, "effectOfAccountingCharges": {}, "otherItems": {}, "netIncome": 4943339, "netIncomeApplicableToCommonShares": 4943339}], "maxAge": 86400}, "fundOwnership": {"ownershipList": [], "maxAge": 1}, "summaryDetail": {"maxAge": 1, "priceHint": 2, "previousClose": 25.0, "open": 25.0, "dayLow": 25.0, "dayHigh": 25.0, "regularMarketPreviousClose": 25.0, "regularMarketOpen": 25.0, "regularMarketDayLow": 25.0, "regularMarketDayHigh": 25.0, "payoutRatio": 0.0, "beta": 0.282303, "trailingPE": 59.52381, "volume": 3, "regularMarketVolume": 3, "averageVolume": 6142, "averageVolume10days": 19097, "averageDailyVolume10Day": 19097, "bid": 0.0, "ask": 0.0, "marketCap": 258000000, "fiftyTwoWeekLow": 20.25, "fiftyTwoWeekHigh": 38.35, "priceToSalesTrailing12Months": 0.97001076, "fiftyDayAverage": 25.724243, "twoHundredDayAverage": 25.82607, "currency": "INR", "fromCurrency": null, "lastMarket": null, "algorithm": null, "tradeable": false}, "incomeStatementHistoryQuarterly": {"incomeStatementHistory": [{"maxAge": 1, "endDate": "2020-12-31", "totalRevenue": 73277000, "costOfRevenue": 38909000, "grossProfit": 34368000, "researchDevelopment": {}, "sellingGeneralAdministrative": 5496000, "nonRecurring": {}, "otherOperatingExpenses": 21988000, "totalOperatingExpenses": 71356000, "operatingIncome": 1921000, "totalOtherIncomeExpenseNet": -1610000, "ebit": 1921000, "interestExpense": -1610000, "incomeBeforeTax": 311000, "incomeTaxExpense": -13000, "minorityInterest": {}, "netIncomeFromContinuingOps": 324000, "discontinuedOperations": {}, "extraordinaryItems": {}, "effectOfAccountingCharges": {}, "otherItems": {}, "netIncome": 324000, "netIncomeApplicableToCommonShares": 324000}, {"maxAge": 1, "endDate": "2020-09-30", "totalRevenue": 68292000, "costOfRevenue": 30685000, "grossProfit": 37607000, "researchDevelopment": {}, "sellingGeneralAdministrative": 5329000, "nonRecurring": {}, "otherOperatingExpenses": 22912000, "totalOperatingExpenses": 64052000, "operatingIncome": 4240000, "totalOtherIncomeExpenseNet": -1419000, "ebit": 4240000, "interestExpense": -1419000, "incomeBeforeTax": 2821000, "incomeTaxExpense": 803000, "minorityInterest": {}, "netIncomeFromContinuingOps": 2018000, "discontinuedOperations": {}, "extraordinaryItems": {}, "effectOfAccountingCharges": {}, "otherItems": {}, "netIncome": 2018000, "netIncomeApplicableToCommonShares": 2018000}, {"maxAge": 1, "endDate": "2020-06-30", "totalRevenue": 60427500, "costOfRevenue": 31755500, "grossProfit": 28672000, "researchDevelopment": {}, "sellingGeneralAdministrative": 4634500, "nonRecurring": {}, "otherOperatingExpenses": 16335500, "totalOperatingExpenses": 57590000, "operatingIncome": 2837500, "totalOtherIncomeExpenseNet": -1235500, "ebit": 2837500, "interestExpense": -1235500, "incomeBeforeTax": 1602000, "incomeTaxExpense": 494500, "minorityInterest": {}, "netIncomeFromContinuingOps": 1107500, "discontinuedOperations": {}, "extraordinaryItems": {}, "effectOfAccountingCharges": {}, "otherItems": {}, "netIncome": 1107500, "netIncomeApplicableToCommonShares": 1107500}, {"maxAge": 1, "endDate": "2019-12-31", "totalRevenue": 71184000, "costOfRevenue": 46671000, "grossProfit": 24513000, "researchDevelopment": {}, "sellingGeneralAdministrative": 4855000, "nonRecurring": {}, "otherOperatingExpenses": 17378000, "totalOperatingExpenses": 73721000, "operatingIncome": -2537000, "totalOtherIncomeExpenseNet": -1136000, "ebit": -2537000, "interestExpense": -1136000, "incomeBeforeTax": -3673000, "incomeTaxExpense": -1079000, "minorityInterest": {}, "netIncomeFromContinuingOps": -2594000, "discontinuedOperations": {}, "extraordinaryItems": {}, "effectOfAccountingCharges": {}, "otherItems": {}, "netIncome": -2594000, "netIncomeApplicableToCommonShares": -2594000}], "maxAge": 86400}, "cashflowStatementHistoryQuarterly": {"cashflowStatements": [{"maxAge": 1, "endDate": "2020-12-31", "netIncome": 324000, "changeToLiabilities": 0}, {"maxAge": 1, "endDate": "2020-09-30", "netIncome": 2018000, "depreciation": 4864500, "changeToNetincome": 1123000, "changeToAccountReceivables": -1150000, "changeToLiabilities": -806500, "changeToInventory": -10330000, "changeToOperatingActivities": -1051000, "totalCashFromOperatingActivities": -6242500, "capitalExpenditures": -7030500, "investments": -3312500, "otherCashflowsFromInvestingActivities": 98500, "totalCashflowsFromInvestingActivities": -9569500, "netBorrowings": 4960000, "otherCashflowsFromFinancingActivities": -1235500, "totalCashFromFinancingActivities": 12849500, "changeInCash": -2962500, "issuanceOfStock": 9125000}, {"maxAge": 1, "endDate": "2020-06-30", "netIncome": 1107500, "depreciation": 4864500, "changeToNetincome": 1123000, "changeToAccountReceivables": -1150000, "changeToLiabilities": -806500, "changeToInventory": -10330000, "changeToOperatingActivities": -1051000, "totalCashFromOperatingActivities": -6242500, "capitalExpenditures": -7030500, "investments": -3312500, "otherCashflowsFromInvestingActivities": 98500, "totalCashflowsFromInvestingActivities": -9569500, "netBorrowings": 4960000, "otherCashflowsFromFinancingActivities": -1235500, "totalCashFromFinancingActivities": 12849500, "changeInCash": -2962500, "issuanceOfStock": 9125000}, {"maxAge": 1, "endDate": "2019-12-31", "netIncome": -2594000, "depreciation": 4864500, "changeToNetincome": 1123000, "changeToAccountReceivables": -1150000, "changeToLiabilities": 0, "changeToInventory": -10330000, "changeToOperatingActivities": -1051000, "totalCashFromOperatingActivities": -6242500, "capitalExpenditures": -7030500, "investments": -3312500, "otherCashflowsFromInvestingActivities": 98500, "totalCashflowsFromInvestingActivities": -9569500, "netBorrowings": 4960000, "otherCashflowsFromFinancingActivities": -1235500, "totalCashFromFinancingActivities": 12849500, "changeInCash": -2962500, "issuanceOfStock": 9125000}], "maxAge": 86400}, "insiderHolders": {"holders": [], "maxAge": 1}, "calendarEvents": {"maxAge": 1, "earnings": {"earningsDate": []}}, "upgradeDowngradeHistory": {"history": [], "maxAge": 86400}, "price": {"maxAge": 1, "regularMarketChangePercent": 0.0, "regularMarketChange": 0.0, "regularMarketTime": "2021-04-29 13:22:27", "priceHint": 2, "regularMarketPrice": 25.0, "regularMarketDayHigh": 25.0, "regularMarketDayLow": 25.0, "regularMarketVolume": 3, "averageDailyVolume10Day": 19097, "averageDailyVolume3Month": 6142, "regularMarketPreviousClose": 25.0, "regularMarketSource": "FREE_REALTIME", "regularMarketOpen": 25.0, "exchange": "NSI", "exchangeName": "NSE", "exchangeDataDelayedBy": 15, "marketState": "CLOSED", "quoteType": "EQUITY", "symbol": "TIRUPATIFL.NS", "underlyingSymbol": null, "shortName": "Tirupati Forge Limited", "longName": "Tirupati Forge Limited", "currency": "INR", "quoteSourceName": "Delayed Quote", "currencySymbol": "\u20b9", "fromCurrency": null, "lastMarket": null, "marketCap": 258000000}, "balanceSheetHistory": {"balanceSheetStatements": [{"maxAge": 1, "endDate": "2020-03-31", "cash": 19947545, "netReceivables": 31515718, "inventory": 57330795, "otherCurrentAssets": 11384364, "totalCurrentAssets": 120178422, "longTermInvestments": 1174222, "propertyPlantEquipment": 129920988, "intangibleAssets": 76993, "otherAssets": 2418201, "totalAssets": 253768826, "accountsPayable": 23551791, "shortLongTermDebt": 5804659, "otherCurrentLiab": 3179718, "longTermDebt": 22681012, "otherLiab": 1267700, "totalCurrentLiabilities": 44705115, "totalLiab": 68653827, "commonStock": 103200000, "retainedEarnings": 61180072, "treasuryStock": 6500000, "capitalSurplus": 14234927, "otherStockholderEquity": 6500000, "totalStockholderEquity": 185114999, "netTangibleAssets": 185038006}, {"maxAge": 1, "endDate": "2019-03-31", "cash": 1187452, "netReceivables": 51818993, "inventory": 49749205, "otherCurrentAssets": 18928572, "totalCurrentAssets": 121684222, "longTermInvestments": 815183, "propertyPlantEquipment": 100376094, "intangibleAssets": 103940, "otherAssets": 326142, "totalAssets": 223305581, "accountsPayable": 15660733, "shortLongTermDebt": 6320061, "otherCurrentLiab": 9344454, "longTermDebt": 24240392, "otherLiab": 1492834, "totalCurrentLiabilities": 50409909, "totalLiab": 76143135, "commonStock": 58120000, "retainedEarnings": 58437519, "treasuryStock": 89000000, "capitalSurplus": 30604927, "otherStockholderEquity": 89000000, "totalStockholderEquity": 147162446, "netTangibleAssets": 147058506}, {"maxAge": 1, "endDate": "2018-03-31", "cash": 5573003, "netReceivables": 27857689, "inventory": 38656585, "otherCurrentAssets": 9764236, "totalCurrentAssets": 81851513, "longTermInvestments": 385000, "propertyPlantEquipment": 43293841, "intangibleAssets": 140319, "otherAssets": 1692651, "deferredLongTermAssetCharges": 750000, "totalAssets": 126978324, "accountsPayable": 9530822, "shortLongTermDebt": 494817, "otherCurrentLiab": 7282286, "longTermDebt": 585501, "otherLiab": 690264, "totalCurrentLiabilities": 20934024, "totalLiab": 22209789, "commonStock": 58120000, "retainedEarnings": 16543608, "capitalSurplus": 30104927, "totalStockholderEquity": 104768535, "netTangibleAssets": 104628216}, {"maxAge": 1, "endDate": "2017-03-31", "cash": 637695, "netReceivables": 25113353, "inventory": 27103322, "otherCurrentAssets": 1315703, "totalCurrentAssets": 54170073, "longTermInvestments": 407618, "propertyPlantEquipment": 46333478, "otherAssets": 371000, "deferredLongTermAssetCharges": 347400, "totalAssets": 101282169, "accountsPayable": 27882675, "shortLongTermDebt": 5938199, "otherCurrentLiab": 2384829, "longTermDebt": 25105480, "otherLiab": -1, "totalCurrentLiabilities": 49965663, "totalLiab": 75071142, "commonStock": 7850000, "retainedEarnings": 12861027, "capitalSurplus": 5500000, "totalStockholderEquity": 26211027, "netTangibleAssets": 26211027}], "maxAge": 86400}, "financialData": {"maxAge": 86400, "currentPrice": 25.0, "recommendationKey": "none", "totalCash": 14024000, "totalCashPerShare": 1.299, "ebitda": 28347392, "totalDebt": 45462000, "totalRevenue": 265976432, "debtToEquity": 22.079, "revenuePerShare": 24.032, "grossProfits": 118831321, "revenueGrowth": 0.029, "grossMargins": 0.45632, "ebitdaMargins": 0.10658, "operatingMargins": 0.037520003, "profitMargins": 0.017690001, "financialCurrency": "INR"}}}