{"TMRVL.NS": {"assetProfile": {"address1": "006-008, Peninsula Centre", "address2": "Dr. S.S. Rao Road Parel", "city": "Mumbai", "zip": "400012", "country": "India", "phone": "91 22 4353 9126", "fax": "91 22 4353 9216", "website": "http://www.mrvlindia.com", "industry": "Apparel Retail", "sector": "Consumer Cyclical", "longBusinessSummary": "The Mandhana Retail Ventures Limited does not have significant operations. Previously, it was engaged in the designing, retailing, marketing, and distribution of men's and women's wear, and accessories under the Being Human brand name in India and internationally. The company was formerly known as Mandhana Retail Ventures Limited and changed its name to The Mandhana Retail Ventures Limited in September 2016. The Mandhana Retail Ventures Limited was founded in 2000 and is based in Mumbai, India.", "fullTimeEmployees": 40, "companyOfficers": [{"maxAge": 1, "name": "Mr. Manish S. Biharilal Mandhana", "age": 52, "title": "Chief Exec. Officer", "yearBorn": 1968, "fiscalYear": 2020, "totalPay": 9600000, "exercisedValue": 0, "unexercisedValue": 0}, {"maxAge": 1, "name": "Ms. Sangeeta M. Mandhana", "age": 50, "title": "MD & Exec. Director", "yearBorn": 1970, "fiscalYear": 2020, "totalPay": 10015000, "exercisedValue": 0, "unexercisedValue": 0}, {"maxAge": 1, "name": "Mr. Virendra  Varma", "age": 37, "title": "Compliance Officer & Company Sec.", "yearBorn": 1983, "fiscalYear": 2020, "totalPay": 1478000, "exercisedValue": 0, "unexercisedValue": 0}, {"maxAge": 1, "name": "Mr. Priyavrat P. Mandhana", "age": 31, "title": "Exec. Director", "yearBorn": 1989, "fiscalYear": 2020, "totalPay": 10015000, "exercisedValue": 0, "unexercisedValue": 0}, {"maxAge": 1, "name": "Mr. Mustafa  Kanchwala", "title": "VP of Operations & Bus. Devel.", "exercisedValue": 0, "unexercisedValue": 0}, {"maxAge": 1, "name": "Mr. Ritesh  Bhardwaj", "age": 41, "title": "VP of Fin., Accounts & Commercial", "yearBorn": 1979, "exercisedValue": 0, "unexercisedValue": 0}, {"maxAge": 1, "name": "Mr. Kunal  Mehta", "age": 49, "title": "VP of Bus. Devel. & Marketing", "yearBorn": 1971, "exercisedValue": 0, "unexercisedValue": 0}, {"maxAge": 1, "name": "Mr. Jagdish  Pamwani", "age": 55, "title": "VP of Sales", "yearBorn": 1965, "exercisedValue": 0, "unexercisedValue": 0}, {"maxAge": 1, "name": "Ms. Deepali  Mathur", "title": "Head - Human Resource", "exercisedValue": 0, "unexercisedValue": 0}, {"maxAge": 1, "name": "Mr. Prashant  Bokil", "title": "Head of Information Technology", "exercisedValue": 0, "unexercisedValue": 0}], "compensationAsOfEpochDate": "2020-12-31 05:30:00", "maxAge": 86400}, "recommendationTrend": {"trend": [{"period": "0m", "strongBuy": 0, "buy": 0, "hold": 0, "sell": 0, "strongSell": 0}, {"period": "-1m", "strongBuy": 0, "buy": 0, "hold": 0, "sell": 0, "strongSell": 0}, {"period": "-2m", "strongBuy": 0, "buy": 0, "hold": 0, "sell": 0, "strongSell": 0}, {"period": "-3m", "strongBuy": 0, "buy": 0, "hold": 0, "sell": 0, "strongSell": 0}], "maxAge": 86400}, "cashflowStatementHistory": {"cashflowStatements": [{"maxAge": 1, "endDate": "2020-03-31", "netIncome": -310502000, "depreciation": 138414000, "changeToNetincome": 274257000, "changeToAccountReceivables": 153905000, "changeToLiabilities": -236551000, "changeToInventory": 400693000, "changeToOperatingActivities": -185091000, "totalCashFromOperatingActivities": 236831000, "capitalExpenditures": -53198000, "otherCashflowsFromInvestingActivities": 7000, "totalCashflowsFromInvestingActivities": -53191000, "netBorrowings": -61705000, "otherCashflowsFromFinancingActivities": -71541000, "totalCashFromFinancingActivities": -133246000, "changeInCash": 50394000}, {"maxAge": 1, "endDate": "2019-03-31", "netIncome": -5891000, "depreciation": 36973000, "changeToNetincome": 25366000, "changeToAccountReceivables": -38657000, "changeToLiabilities": -53974000, "changeToInventory": 146200000, "changeToOperatingActivities": -91329000, "totalCashFromOperatingActivities": 20285000, "capitalExpenditures": -15884000, "otherCashflowsFromInvestingActivities": 197000, "totalCashflowsFromInvestingActivities": -15672000, "netBorrowings": 9543000, "otherCashflowsFromFinancingActivities": -24570000, "totalCashFromFinancingActivities": -15027000, "changeInCash": -10414000}, {"maxAge": 1, "endDate": "2018-03-31", "netIncome": 90272000, "depreciation": 35368000, "changeToNetincome": -66294000, "changeToAccountReceivables": -60170000, "changeToLiabilities": 24025000, "changeToInventory": 64730000, "changeToOperatingActivities": -3921000, "totalCashFromOperatingActivities": 85378000, "capitalExpenditures": -52970000, "otherCashflowsFromInvestingActivities": 16000, "totalCashflowsFromInvestingActivities": -51942000, "netBorrowings": -5769000, "otherCashflowsFromFinancingActivities": -17724000, "totalCashFromFinancingActivities": -23493000, "changeInCash": 9943000}, {"maxAge": 1, "endDate": "2017-03-31", "netIncome": 139798000, "depreciation": 32790000, "changeToNetincome": -128039000, "changeToAccountReceivables": 59115000, "changeToLiabilities": 115265000, "changeToInventory": -45373000, "changeToOperatingActivities": -19733000, "totalCashFromOperatingActivities": 155035000, "capitalExpenditures": -36229000, "otherCashflowsFromInvestingActivities": 1072000, "totalCashflowsFromInvestingActivities": -35157000, "netBorrowings": -118849000, "otherCashflowsFromFinancingActivities": 1684000, "totalCashFromFinancingActivities": -117165000, "changeInCash": 2713000}], "maxAge": 86400}, "indexTrend": {"maxAge": 1, "symbol": "SP5", "peRatio": 19.7411, "pegRatio": 1.34172, "estimates": [{"period": "0q", "growth": 0.549}, {"period": "+1q", "growth": 0.431}, {"period": "0y", "growth": 0.305}, {"period": "+1y", "growth": 0.109}, {"period": "+5y", "growth": 0.120865}, {"period": "-5y"}]}, "defaultKeyStatistics": {"maxAge": 1, "priceHint": 2, "enterpriseValue": 107989816, "profitMargins": -2.06673, "floatShares": 9295473, "sharesOutstanding": 22082600, "heldPercentInsiders": 0.51397, "heldPercentInstitutions": 0.01987, "beta": 1.839455, "category": null, "bookValue": 16.458, "priceToBook": 0.7048244, "fundFamily": null, "legalType": null, "lastFiscalYearEnd": "2020-03-31 05:30:00", "nextFiscalYearEnd": "2022-03-31 05:30:00", "mostRecentQuarter": "2020-12-31 05:30:00", "netIncomeToCommon": -269865984, "trailingEps": -12.254, "forwardEps": 21.2, "lastSplitFactor": null, "enterpriseToRevenue": 0.827, "enterpriseToEbitda": -1.08}, "industryTrend": {"maxAge": 1, "symbol": null, "estimates": []}, "quoteType": {"exchange": "NSI", "quoteType": "EQUITY", "symbol": "TMRVL.NS", "underlyingSymbol": "TMRVL.NS", "shortName": "THE MANDHANA RETAI", "longName": "The Mandhana Retail Ventures Limited", "firstTradeDateEpochUtc": "2016-12-14 09:15:00", "timeZoneFullName": "Asia/Kolkata", "timeZoneShortName": "IST", "uuid": "78489386-f02a-3507-8482-fd1c62b21200", "gmtOffSetMilliseconds": 19800000, "maxAge": 1}, "incomeStatementHistory": {"incomeStatementHistory": [{"maxAge": 1, "endDate": "2020-03-31", "totalRevenue": 1518954000, "costOfRevenue": 729763000, "grossProfit": 789191000, "researchDevelopment": {}, "sellingGeneralAdministrative": 244384000, "nonRecurring": {}, "otherOperatingExpenses": 483669000, "totalOperatingExpenses": 1597936000, "operatingIncome": -78982000, "totalOtherIncomeExpenseNet": -140409000, "ebit": -78982000, "interestExpense": -71541000, "incomeBeforeTax": -219391000, "incomeTaxExpense": 91111000, "minorityInterest": {}, "netIncomeFromContinuingOps": -310502000, "discontinuedOperations": {}, "extraordinaryItems": {}, "effectOfAccountingCharges": {}, "otherItems": {}, "netIncome": -310502000, "netIncomeApplicableToCommonShares": -310502000}, {"maxAge": 1, "endDate": "2019-03-31", "totalRevenue": 2198725000, "costOfRevenue": 967242000, "grossProfit": 1231483000, "researchDevelopment": {}, "sellingGeneralAdministrative": 313804000, "nonRecurring": {}, "otherOperatingExpenses": 848678000, "totalOperatingExpenses": 2168294000, "operatingIncome": 30431000, "totalOtherIncomeExpenseNet": -29386000, "ebit": 30431000, "interestExpense": -24570000, "incomeBeforeTax": 1045000, "incomeTaxExpense": 6936000, "minorityInterest": {}, "netIncomeFromContinuingOps": -5891000, "discontinuedOperations": {}, "extraordinaryItems": {}, "effectOfAccountingCharges": {}, "otherItems": {}, "netIncome": -5891000, "netIncomeApplicableToCommonShares": -5891000}, {"maxAge": 1, "endDate": "2018-03-31", "totalRevenue": 2594493000, "costOfRevenue": 1113411000, "grossProfit": 1481082000, "researchDevelopment": {}, "sellingGeneralAdministrative": 487407000, "nonRecurring": {}, "otherOperatingExpenses": 794149000, "totalOperatingExpenses": 2431703000, "operatingIncome": 162790000, "totalOtherIncomeExpenseNet": -7676000, "ebit": 162790000, "interestExpense": -17724000, "incomeBeforeTax": 155114000, "incomeTaxExpense": 64842000, "minorityInterest": {}, "netIncomeFromContinuingOps": 90272000, "discontinuedOperations": {}, "extraordinaryItems": {}, "effectOfAccountingCharges": {}, "otherItems": {}, "netIncome": 90272000, "netIncomeApplicableToCommonShares": 90272000}, {"maxAge": 1, "endDate": "2017-03-31", "totalRevenue": 2595880000, "costOfRevenue": 1041302000, "grossProfit": 1554578000, "researchDevelopment": {}, "sellingGeneralAdministrative": 447028000, "nonRecurring": {}, "otherOperatingExpenses": 812245000, "totalOperatingExpenses": 2334577000, "operatingIncome": 261303000, "totalOtherIncomeExpenseNet": -33089000, "ebit": 261303000, "interestExpense": -50827000, "incomeBeforeTax": 228214000, "incomeTaxExpense": 88416000, "minorityInterest": {}, "netIncomeFromContinuingOps": 139798000, "discontinuedOperations": {}, "extraordinaryItems": {}, "effectOfAccountingCharges": {}, "otherItems": {}, "netIncome": 139798000, "netIncomeApplicableToCommonShares": 139798000}], "maxAge": 86400}, "fundOwnership": {"ownershipList": [], "maxAge": 1}, "summaryDetail": {"maxAge": 1, "priceHint": 2, "previousClose": 11.25, "open": 11.65, "dayLow": 11.3, "dayHigh": 11.7, "regularMarketPreviousClose": 11.25, "regularMarketOpen": 11.65, "regularMarketDayLow": 11.3, "regularMarketDayHigh": 11.7, "payoutRatio": 0.0, "beta": 1.839455, "forwardPE": 0.5471698, "volume": 12019, "regularMarketVolume": 12019, "averageVolume": 59661, "averageVolume10days": 52500, "averageDailyVolume10Day": 52500, "bid": 0.0, "ask": 0.0, "bidSize": 0, "askSize": 0, "marketCap": 257297296, "fiftyTwoWeekLow": 6.25, "fiftyTwoWeekHigh": 16.0, "priceToSalesTrailing12Months": 1.9704792, "fiftyDayAverage": 12.575, "twoHundredDayAverage": 10.874823, "currency": "INR", "fromCurrency": null, "lastMarket": null, "algorithm": null, "tradeable": false}, "insiderHolders": {"holders": [{"maxAge": 1, "name": "Mahan Synthetic Textiles Pvt Ltd", "relation": "Promoter", "url": "", "transactionDescription": "Sale", "latestTransDate": "2018-10-09", "positionDirect": 798522, "positionDirectDate": "2018-10-09"}, {"maxAge": 1, "name": "Mandhana (Arnav M)", "relation": "UNREPORTED", "url": "", "transactionDescription": "Sale", "latestTransDate": "2016-12-14", "positionDirect": 31427, "positionDirectDate": "2016-12-14"}, {"maxAge": 1, "name": "Mandhana (Biharilal C)", "relation": "UNREPORTED", "url": "", "transactionDescription": "Sale", "latestTransDate": "2018-06-07", "positionDirect": 633000, "positionDirectDate": "2018-06-07"}, {"maxAge": 1, "name": "Mandhana (Biharilal Chhaganlal) HUF", "relation": "Promoter", "url": "", "transactionDescription": "Sale", "latestTransDate": "2018-10-03", "positionDirect": 366666, "positionDirectDate": "2018-10-03"}, {"maxAge": 1, "name": "Mandhana (Prema Purushottam)", "relation": "UNREPORTED", "url": "", "transactionDescription": "Sale", "latestTransDate": "2016-12-14", "positionDirect": 892204, "positionDirectDate": "2016-12-14"}, {"maxAge": 1, "name": "Mandhana (Priyavrat Purushottam)", "relation": "Director (Executive)", "url": "", "transactionDescription": "Purchase", "latestTransDate": "2017-01-06", "positionDirect": 1119894, "positionDirectDate": "2017-01-06"}, {"maxAge": 1, "name": "Mandhana (Purushottam C)", "relation": "UNREPORTED", "url": "", "transactionDescription": "Sale", "latestTransDate": "2016-12-14", "positionDirect": 1333333, "positionDirectDate": "2016-12-14"}, {"maxAge": 1, "name": "Mandhana (Purushottam Chhaganlal) HUF", "relation": "UNREPORTED", "url": "", "transactionDescription": "Sale", "latestTransDate": "2016-12-14", "positionDirect": 1033332, "positionDirectDate": "2016-12-14"}, {"maxAge": 1, "name": "Mandhana (Sangeeta Manish)", "relation": "Managing Director", "url": "", "transactionDescription": "Sale", "latestTransDate": "2016-12-14", "positionDirect": 79820, "positionDirectDate": "2016-12-14"}, {"maxAge": 1, "name": "Mandhana (Sudha Biharilal)", "relation": "UNREPORTED", "url": "", "transactionDescription": "Sale", "latestTransDate": "2016-12-14", "positionDirect": 223423, "positionDirectDate": "2016-12-14"}], "maxAge": 1}, "calendarEvents": {"maxAge": 1, "earnings": {"earningsDate": ["2021-02-09 05:30:S"]}}, "upgradeDowngradeHistory": {"history": [], "maxAge": 86400}, "price": {"maxAge": 1, "regularMarketChangePercent": 0.031111145, "regularMarketChange": 0.35000038, "regularMarketTime": "2021-04-30 15:27:35", "priceHint": 2, "regularMarketPrice": 11.6, "regularMarketDayHigh": 11.7, "regularMarketDayLow": 11.3, "regularMarketVolume": 12019, "averageDailyVolume10Day": 52500, "averageDailyVolume3Month": 59661, "regularMarketPreviousClose": 11.25, "regularMarketSource": "FREE_REALTIME", "regularMarketOpen": 11.65, "exchange": "NSI", "exchangeName": "NSE", "exchangeDataDelayedBy": 15, "marketState": "CLOSED", "quoteType": "EQUITY", "symbol": "TMRVL.NS", "underlyingSymbol": null, "shortName": "THE MANDHANA RETAI", "longName": "The Mandhana Retail Ventures Limited", "currency": "INR", "quoteSourceName": "Delayed Quote", "currencySymbol": "\u20b9", "fromCurrency": null, "lastMarket": null, "marketCap": 257297296}, "balanceSheetHistory": {"balanceSheetStatements": [{"maxAge": 1, "endDate": "2020-03-31", "cash": 54481000, "netReceivables": 466132000, "inventory": 1575000, "otherCurrentAssets": 34795000, "totalCurrentAssets": 556983000, "propertyPlantEquipment": 16962000, "otherAssets": 872000, "totalAssets": 574817000, "accountsPayable": 124455000, "otherCurrentLiab": 37849000, "otherLiab": 3766000, "totalCurrentLiabilities": 210915000, "totalLiab": 214681000, "commonStock": 220826000, "retainedEarnings": 138810000, "treasuryStock": 500000, "otherStockholderEquity": 500000, "totalStockholderEquity": 360136000, "netTangibleAssets": 360136000}, {"maxAge": 1, "endDate": "2019-03-31", "cash": 4087000, "netReceivables": 443305000, "inventory": 402268000, "otherCurrentAssets": 6119000, "totalCurrentAssets": 859471000, "propertyPlantEquipment": 223147000, "intangibleAssets": 2681000, "otherAssets": 119891000, "deferredLongTermAssetCharges": 91111000, "totalAssets": 1205190000, "accountsPayable": 368590000, "otherCurrentLiab": 38110000, "otherLiab": 19397000, "totalCurrentLiabilities": 517407000, "totalLiab": 536804000, "commonStock": 220826000, "retainedEarnings": 447060000, "treasuryStock": 500000, "otherStockholderEquity": 500000, "totalStockholderEquity": 668386000, "netTangibleAssets": 665705000}, {"maxAge": 1, "endDate": "2018-03-31", "cash": 14501000, "netReceivables": 386273000, "inventory": 548468000, "otherCurrentAssets": 3157000, "totalCurrentAssets": 957355000, "propertyPlantEquipment": 256548000, "intangibleAssets": 3997000, "otherAssets": 125426000, "deferredLongTermAssetCharges": 95585000, "totalAssets": 1343326000, "accountsPayable": 435759000, "otherCurrentLiab": 112708000, "otherLiab": 17076000, "totalCurrentLiabilities": 652046000, "totalLiab": 669122000, "commonStock": 220826000, "retainedEarnings": 450913000, "treasuryStock": 2465000, "otherStockholderEquity": 2465000, "totalStockholderEquity": 674204000, "netTangibleAssets": 670207000}, {"maxAge": 1, "endDate": "2017-03-31", "cash": 4558000, "netReceivables": 286880000, "inventory": 613198000, "otherCurrentAssets": 3980000, "totalCurrentAssets": 911616000, "propertyPlantEquipment": 244667000, "intangibleAssets": 4345000, "otherAssets": 170444000, "deferredLongTermAssetCharges": 134143000, "totalAssets": 1331072000, "accountsPayable": 412039000, "shortLongTermDebt": 21695000, "otherCurrentLiab": 196818000, "otherLiab": 34651000, "totalCurrentLiabilities": 713527000, "totalLiab": 748178000, "commonStock": 220826000, "retainedEarnings": 360641000, "treasuryStock": 1427000, "otherStockholderEquity": 1427000, "totalStockholderEquity": 582894000, "netTangibleAssets": 578549000}], "maxAge": 86400}, "earningsTrend": {"trend": [{"maxAge": 1, "period": "0q", "endDate": null, "growth": {}, "earningsEstimate": {"avg": 0.0, "low": 0.0, "high": 0.0, "yearAgoEps": {}, "numberOfAnalysts": 0, "growth": {}}, "revenueEstimate": {"avg": 0, "low": 0, "high": 0, "numberOfAnalysts": 0, "yearAgoRevenue": {}, "growth": {}}, "epsTrend": {"current": 0.0, "7daysAgo": 0.0, "30daysAgo": 0.0, "60daysAgo": 0.0, "90daysAgo": 0.0}, "epsRevisions": {"upLast7days": 0, "upLast30days": 0, "downLast30days": 0, "downLast90days": {}}}, {"maxAge": 1, "period": "+1q", "endDate": null, "growth": {}, "earningsEstimate": {"avg": 0.0, "low": 0.0, "high": 0.0, "yearAgoEps": {}, "numberOfAnalysts": 0, "growth": {}}, "revenueEstimate": {"avg": 0, "low": 0, "high": 0, "numberOfAnalysts": 0, "yearAgoRevenue": {}, "growth": {}}, "epsTrend": {"current": 0.0, "7daysAgo": 0.0, "30daysAgo": 0.0, "60daysAgo": 0.0, "90daysAgo": 0.0}, "epsRevisions": {"upLast7days": 0, "upLast30days": 0, "downLast30days": 0, "downLast90days": {}}}, {"maxAge": 1, "period": "0y", "endDate": null, "growth": {}, "earningsEstimate": {"avg": 0.0, "low": 0.0, "high": 0.0, "yearAgoEps": {}, "numberOfAnalysts": 0, "growth": {}}, "revenueEstimate": {"avg": 0, "low": 0, "high": 0, "numberOfAnalysts": 0, "yearAgoRevenue": {}, "growth": {}}, "epsTrend": {"current": 0.0, "7daysAgo": 0.0, "30daysAgo": 0.0, "60daysAgo": 0.0, "90daysAgo": 0.0}, "epsRevisions": {"upLast7days": 0, "upLast30days": 0, "downLast30days": 0, "downLast90days": {}}}, {"maxAge": 1, "period": "+1y", "endDate": null, "growth": {}, "earningsEstimate": {"avg": 0.0, "low": 0.0, "high": 0.0, "yearAgoEps": {}, "numberOfAnalysts": 0, "growth": {}}, "revenueEstimate": {"avg": 0, "low": 0, "high": 0, "numberOfAnalysts": 0, "yearAgoRevenue": {}, "growth": {}}, "epsTrend": {"current": 0.0, "7daysAgo": 0.0, "30daysAgo": 0.0, "60daysAgo": 0.0, "90daysAgo": 0.0}, "epsRevisions": {"upLast7days": 0, "upLast30days": 0, "downLast30days": 0, "downLast90days": {}}}, {"maxAge": 1, "period": "+5y", "endDate": null, "growth": {}, "earningsEstimate": {"avg": {}, "low": {}, "high": {}, "yearAgoEps": {}, "numberOfAnalysts": {}, "growth": {}}, "revenueEstimate": {"avg": {}, "low": {}, "high": {}, "numberOfAnalysts": {}, "yearAgoRevenue": {}, "growth": {}}, "epsTrend": {"current": {}, "7daysAgo": {}, "30daysAgo": {}, "60daysAgo": {}, "90daysAgo": {}}, "epsRevisions": {"upLast7days": {}, "upLast30days": {}, "downLast30days": {}, "downLast90days": {}}}, {"maxAge": 1, "period": "-5y", "endDate": null, "growth": {}, "earningsEstimate": {"avg": {}, "low": {}, "high": {}, "yearAgoEps": {}, "numberOfAnalysts": {}, "growth": {}}, "revenueEstimate": {"avg": {}, "low": {}, "high": {}, "numberOfAnalysts": {}, "yearAgoRevenue": {}, "growth": {}}, "epsTrend": {"current": {}, "7daysAgo": {}, "30daysAgo": {}, "60daysAgo": {}, "90daysAgo": {}}, "epsRevisions": {"upLast7days": {}, "upLast30days": {}, "downLast30days": {}, "downLast90days": {}}}], "maxAge": 1}, "institutionOwnership": {"ownershipList": [], "maxAge": 1}, "majorHoldersBreakdown": {"maxAge": 1, "insidersPercentHeld": 0.51397, "institutionsPercentHeld": 0.01987, "institutionsFloatPercentHeld": 0.04089, "institutionsCount": 1}, "balanceSheetHistoryQuarterly": {"balanceSheetStatements": [{"maxAge": 1, "endDate": "2020-12-31", "totalStockholderEquity": 354902000, "netTangibleAssets": 354902000}, {"maxAge": 1, "endDate": "2020-09-30", "cash": 115588000, "shortTermInvestments": 30349000, "netReceivables": 191613000, "inventory": 1541000, "otherCurrentAssets": 56947000, "totalCurrentAssets": 396038000, "longTermInvestments": 831000, "propertyPlantEquipment": 1655000, "otherAssets": 50000, "totalAssets": 398574000, "accountsPayable": 21816000, "otherCurrentLiab": 18683000, "otherLiab": 2710000, "totalCurrentLiabilities": 40962000, "totalLiab": 43672000, "commonStock": 220826000, "treasuryStock": 134076000, "otherStockholderEquity": 134076000, "totalStockholderEquity": 354902000, "netTangibleAssets": 354902000}, {"maxAge": 1, "endDate": "2020-06-30", "totalStockholderEquity": 360136000, "netTangibleAssets": 360136000}, {"maxAge": 1, "endDate": "2020-03-31", "cash": 54481000, "netReceivables": 466132000, "inventory": 1575000, "otherCurrentAssets": 34795000, "totalCurrentAssets": 556983000, "propertyPlantEquipment": 16962000, "otherAssets": 872000, "totalAssets": 574817000, "accountsPayable": 124455000, "otherCurrentLiab": 37849000, "otherLiab": 3766000, "totalCurrentLiabilities": 210915000, "totalLiab": 214681000, "commonStock": 220826000, "retainedEarnings": 138810000, "treasuryStock": 500000, "otherStockholderEquity": 500000, "totalStockholderEquity": 360136000, "netTangibleAssets": 360136000}], "maxAge": 86400}, "earningsHistory": {"history": [{"maxAge": 1, "epsActual": {}, "epsEstimate": {}, "epsDifference": {}, "surprisePercent": {}, "quarter": {}, "period": "-4q"}, {"maxAge": 1, "epsActual": {}, "epsEstimate": {}, "epsDifference": {}, "surprisePercent": {}, "quarter": {}, "period": "-3q"}, {"maxAge": 1, "epsActual": {}, "epsEstimate": {}, "epsDifference": {}, "surprisePercent": {}, "quarter": {}, "period": "-2q"}, {"maxAge": 1, "epsActual": {}, "epsEstimate": {}, "epsDifference": {}, "surprisePercent": {}, "quarter": {}, "period": "-1q"}], "maxAge": 86400}, "summaryProfile": {"address1": "006-008, Peninsula Centre", "address2": "Dr. S.S. Rao Road Parel", "city": "Mumbai", "zip": "400012", "country": "India", "phone": "91 22 4353 9126", "fax": "91 22 4353 9216", "website": "http://www.mrvlindia.com", "industry": "Apparel Retail", "sector": "Consumer Cyclical", "longBusinessSummary": "The Mandhana Retail Ventures Limited does not have significant operations. Previously, it was engaged in the designing, retailing, marketing, and distribution of men's and women's wear, and accessories under the Being Human brand name in India and internationally. The company was formerly known as Mandhana Retail Ventures Limited and changed its name to The Mandhana Retail Ventures Limited in September 2016. The Mandhana Retail Ventures Limited was founded in 2000 and is based in Mumbai, India.", "fullTimeEmployees": 40, "companyOfficers": [], "maxAge": 86400}, "netSharePurchaseActivity": {"maxAge": 1, "period": "6m", "buyInfoCount": 0, "buyInfoShares": 0, "sellInfoCount": 0, "netInfoCount": 0, "netInfoShares": 0, "netPercentInsiderShares": 0.0, "totalInsiderShares": 11250929}, "insiderTransactions": {"transactions": [{"maxAge": 1, "shares": 200000, "filerUrl": "", "transactionText": "", "filerName": "Mahan Synthetic Textiles Pvt Ltd", "filerRelation": "Promoter", "moneyText": "", "startDate": "2018-10-09", "ownership": "D"}, {"maxAge": 1, "shares": 300000, "filerUrl": "", "transactionText": "", "filerName": "Mandhana (Biharilal Chhaganlal) HUF", "filerRelation": "Promoter", "moneyText": "", "startDate": "2018-10-03", "ownership": "D"}, {"maxAge": 1, "shares": 466666, "filerUrl": "", "transactionText": "", "filerName": "Mandhana (Biharilal C)", "filerRelation": "UNREPORTED", "moneyText": "", "startDate": "2018-06-07", "ownership": "D"}, {"maxAge": 1, "shares": 3105, "filerUrl": "", "transactionText": "", "filerName": "Mandhana (Priyavrat Purushottam)", "filerRelation": "Director (Executive)", "moneyText": "", "startDate": "2017-01-06", "ownership": "D"}, {"maxAge": 1, "shares": 197084, "filerUrl": "", "transactionText": "", "filerName": "Mandhana (Priyavrat Purushottam)", "filerRelation": "Director (Executive)", "moneyText": "", "startDate": "2016-12-14", "ownership": "D"}, {"maxAge": 1, "shares": 65333, "filerUrl": "", "transactionText": "", "filerName": "Mandhana (Biharilal Chhaganlal) HUF", "filerRelation": "UNREPORTED", "moneyText": "", "startDate": "2016-12-14", "ownership": "D"}, {"maxAge": 1, "shares": 93121, "filerUrl": "", "transactionText": "", "filerName": "Mandhana (Purushottam C)", "filerRelation": "UNREPORTED", "moneyText": "", "startDate": "2016-12-14", "ownership": "D"}, {"maxAge": 1, "shares": 571535, "filerUrl": "", "transactionText": "", "filerName": "Mandhana (Prema Purushottam)", "filerRelation": "UNREPORTED", "moneyText": "", "startDate": "2016-12-14", "ownership": "D"}, {"maxAge": 1, "shares": 980400, "filerUrl": "", "transactionText": "", "filerName": "Mandhana (Purushottam Chhaganlal) HUF", "filerRelation": "UNREPORTED", "moneyText": "", "startDate": "2016-12-14", "ownership": "D"}, {"maxAge": 1, "shares": 35043, "filerUrl": "", "transactionText": "", "filerName": "Mandhana (Biharilal C)", "filerRelation": "UNREPORTED", "moneyText": "", "startDate": "2016-12-14", "ownership": "D"}, {"maxAge": 1, "shares": 103786, "filerUrl": "", "transactionText": "", "filerName": "Mandhana (Sangeeta Manish)", "filerRelation": "Managing Director", "moneyText": "", "startDate": "2016-12-14", "ownership": "D"}, {"maxAge": 1, "shares": 300901, "filerUrl": "", "transactionText": "", "filerName": "Mandhana (Sudha Biharilal)", "filerRelation": "UNREPORTED", "moneyText": "", "startDate": "2016-12-14", "ownership": "D"}, {"maxAge": 1, "shares": 511239, "filerUrl": "", "transactionText": "", "filerName": "Mandhana (Arnav M)", "filerRelation": "UNREPORTED", "moneyText": "", "startDate": "2016-12-14", "ownership": "D"}, {"maxAge": 1, "shares": 273333, "filerUrl": "", "transactionText": "", "filerName": "Mandhana (Vinay B)", "filerRelation": "UNREPORTED", "moneyText": "", "startDate": "2016-12-14", "ownership": "D"}, {"maxAge": 1, "shares": 56000, "filerUrl": "", "transactionText": "", "filerName": "Mandhana (Manish Biharilal) HUF", "filerRelation": "UNREPORTED", "moneyText": "", "startDate": "2016-12-14", "ownership": "D"}], "maxAge": 1}, "sectorTrend": {"maxAge": 1, "symbol": null, "estimates": []}, "incomeStatementHistoryQuarterly": {"incomeStatementHistory": [{"maxAge": 1, "endDate": "2020-12-31", "totalRevenue": -371000, "costOfRevenue": -361000, "grossProfit": -10000, "researchDevelopment": {}, "sellingGeneralAdministrative": 9874000, "nonRecurring": {}, "otherOperatingExpenses": 7405000, "totalOperatingExpenses": 17018000, "operatingIncome": -17389000, "totalOtherIncomeExpenseNet": 8414000, "ebit": -17389000, "interestExpense": -42000, "incomeBeforeTax": -8975000, "incomeTaxExpense": 0, "minorityInterest": {}, "netIncomeFromContinuingOps": -8975000, "discontinuedOperations": {}, "extraordinaryItems": {}, "effectOfAccountingCharges": {}, "otherItems": {}, "netIncome": -8975000, "netIncomeApplicableToCommonShares": -8975000}, {"maxAge": 1, "endDate": "2020-09-30", "totalRevenue": 87000, "costOfRevenue": 16000, "grossProfit": 71000, "researchDevelopment": {}, "sellingGeneralAdministrative": 10779000, "nonRecurring": {}, "otherOperatingExpenses": 9119000, "totalOperatingExpenses": 20070000, "operatingIncome": -19983000, "totalOtherIncomeExpenseNet": 22355000, "ebit": -19983000, "interestExpense": -24000, "incomeBeforeTax": 2372000, "incomeTaxExpense": 0, "minorityInterest": {}, "netIncomeFromContinuingOps": 2372000, "discontinuedOperations": {}, "extraordinaryItems": {}, "effectOfAccountingCharges": {}, "otherItems": {}, "netIncome": 2372000, "netIncomeApplicableToCommonShares": 2372000}, {"maxAge": 1, "endDate": "2020-06-30", "totalRevenue": 98000, "costOfRevenue": 18000, "grossProfit": 80000, "researchDevelopment": {}, "sellingGeneralAdministrative": 10248000, "nonRecurring": {}, "otherOperatingExpenses": 12573000, "totalOperatingExpenses": 22990000, "operatingIncome": -22892000, "totalOtherIncomeExpenseNet": 16088000, "ebit": -22892000, "interestExpense": -979000, "incomeBeforeTax": -6804000, "incomeTaxExpense": 0, "minorityInterest": {}, "netIncomeFromContinuingOps": -6804000, "discontinuedOperations": {}, "extraordinaryItems": {}, "effectOfAccountingCharges": {}, "otherItems": {}, "netIncome": -6804000, "netIncomeApplicableToCommonShares": -6804000}, {"maxAge": 1, "endDate": "2020-03-31", "totalRevenue": 130762000, "costOfRevenue": 124817000, "grossProfit": 5945000, "researchDevelopment": {}, "sellingGeneralAdministrative": -430648000, "nonRecurring": {}, "otherOperatingExpenses": 498690000, "totalOperatingExpenses": 208515000, "operatingIncome": -77753000, "totalOtherIncomeExpenseNet": -85703000, "ebit": -77753000, "interestExpense": -16835000, "incomeBeforeTax": -163456000, "incomeTaxExpense": 93003000, "minorityInterest": {}, "netIncomeFromContinuingOps": -256459000, "discontinuedOperations": {}, "extraordinaryItems": {}, "effectOfAccountingCharges": {}, "otherItems": {}, "netIncome": -256459000, "netIncomeApplicableToCommonShares": -256459000}], "maxAge": 86400}, "cashflowStatementHistoryQuarterly": {"cashflowStatements": [{"maxAge": 1, "endDate": "2020-12-31", "netIncome": -8975000, "changeToLiabilities": 0}, {"maxAge": 1, "endDate": "2020-09-30", "netIncome": 2372000, "changeToLiabilities": 0}, {"maxAge": 1, "endDate": "2020-06-30", "netIncome": -6804000, "changeToLiabilities": 0}, {"maxAge": 1, "endDate": "2020-03-31", "netIncome": -256459000, "changeToLiabilities": 0}], "maxAge": 86400}, "earnings": {"maxAge": 86400, "earningsChart": {"quarterly": [], "earningsDate": ["2021-02-09 05:30:S"]}, "financialsChart": {"yearly": [{"date": 2017, "revenue": 2595880000, "earnings": 139798000}, {"date": 2018, "revenue": 2594493000, "earnings": 90272000}, {"date": 2019, "revenue": 2198725000, "earnings": -5891000}, {"date": 2020, "revenue": 1518954000, "earnings": -310502000}], "quarterly": [{"date": "1Q2020", "revenue": 130762000, "earnings": -256459000}, {"date": "2Q2020", "revenue": 98000, "earnings": -6804000}, {"date": "3Q2020", "revenue": 87000, "earnings": 2372000}, {"date": "4Q2020", "revenue": -371000, "earnings": -8975000}]}, "financialCurrency": "INR"}, "financialData": {"maxAge": 86400, "currentPrice": 11.6, "targetHighPrice": 300.0, "targetLowPrice": 300.0, "targetMeanPrice": 300.0, "targetMedianPrice": 300.0, "recommendationMean": 2.0, "recommendationKey": "buy", "numberOfAnalystOpinions": 1, "totalCash": 145936992, "totalCashPerShare": 6.667, "ebitda": -99963504, "totalDebt": 0, "totalRevenue": 130576000, "revenuePerShare": 5.929, "grossProfits": 789191000, "grossMargins": 0.046609998, "ebitdaMargins": -0.76556, "operatingMargins": -0.94195, "profitMargins": -2.06673, "financialCurrency": "INR"}}}