{"TNPETRO.BO": {"recommendationTrend": {"trend": [{"period": "0m", "strongBuy": 0, "buy": 0, "hold": 0, "sell": 0, "strongSell": 0}, {"period": "-1m", "strongBuy": 0, "buy": 0, "hold": 0, "sell": 0, "strongSell": 0}, {"period": "-2m", "strongBuy": 0, "buy": 0, "hold": 0, "sell": 0, "strongSell": 0}, {"period": "-3m", "strongBuy": 0, "buy": 0, "hold": 0, "sell": 0, "strongSell": 0}], "maxAge": 86400}, "cashflowStatementHistory": {"cashflowStatements": [{"maxAge": 1, "endDate": "2020-03-31", "netIncome": 632811000, "depreciation": 215503000, "changeToNetincome": -135297000, "changeToAccountReceivables": 218069000, "changeToLiabilities": -83618000, "changeToInventory": 5009000, "changeToOperatingActivities": 4909000, "totalCashFromOperatingActivities": 857386000, "capitalExpenditures": -634884000, "investments": -65455000, "otherCashflowsFromInvestingActivities": 145308000, "totalCashflowsFromInvestingActivities": -554222000, "dividendsPaid": -105000000, "netBorrowings": -31742000, "otherCashflowsFromFinancingActivities": -94046000, "totalCashFromFinancingActivities": -230788000, "changeInCash": 72376000}, {"maxAge": 1, "endDate": "2019-03-31", "netIncome": 570324000, "depreciation": 199966000, "changeToNetincome": 90176000, "changeToAccountReceivables": -53571000, "changeToLiabilities": -342790000, "changeToInventory": 271303000, "changeToOperatingActivities": 45584000, "totalCashFromOperatingActivities": 780992000, "capitalExpenditures": -429007000, "investments": -255691000, "otherCashflowsFromInvestingActivities": 71891000, "totalCashflowsFromInvestingActivities": -612807000, "dividendsPaid": -54992000, "netBorrowings": 38714000, "otherCashflowsFromFinancingActivities": -68535000, "totalCashFromFinancingActivities": -84813000, "changeInCash": 83372000}, {"maxAge": 1, "endDate": "2018-03-31", "netIncome": 533128000, "depreciation": 222210000, "changeToNetincome": 93439000, "changeToAccountReceivables": 14657000, "changeToLiabilities": 3205000, "changeToInventory": -352221000, "changeToOperatingActivities": 308758000, "totalCashFromOperatingActivities": 823176000, "capitalExpenditures": -236019000, "investments": -483519000, "otherCashflowsFromInvestingActivities": 38783000, "totalCashflowsFromInvestingActivities": -680755000, "dividendsPaid": -1410000, "netBorrowings": -54790000, "otherCashflowsFromFinancingActivities": -67182000, "totalCashFromFinancingActivities": -123382000, "changeInCash": 19039000}, {"maxAge": 1, "endDate": "2017-03-31", "netIncome": 134414000, "depreciation": 157614000, "changeToNetincome": 605864000, "changeToAccountReceivables": -369487000, "changeToLiabilities": -254370000, "changeToInventory": -90138000, "changeToOperatingActivities": 278160000, "totalCashFromOperatingActivities": 462057000, "capitalExpenditures": -196792000, "investments": -483519000, "otherCashflowsFromInvestingActivities": 4059000, "totalCashflowsFromInvestingActivities": -192733000, "dividendsPaid": -9000, "netBorrowings": -207187000, "otherCashflowsFromFinancingActivities": -86209000, "totalCashFromFinancingActivities": -293405000, "changeInCash": -24081000}], "maxAge": 86400}, "institutionOwnership": {"ownershipList": [], "maxAge": 1}, "balanceSheetHistoryQuarterly": {"balanceSheetStatements": [{"maxAge": 1, "endDate": "2020-06-30", "totalStockholderEquity": 4815900000, "netTangibleAssets": 4815900000}, {"maxAge": 1, "endDate": "2020-03-31", "cash": 1203693000, "shortTermInvestments": 809115000, "netReceivables": 538604000, "inventory": 782622000, "otherCurrentAssets": 224751000, "totalCurrentAssets": 3578417000, "longTermInvestments": 14672000, "propertyPlantEquipment": 2945733000, "otherAssets": 202051000, "totalAssets": 6740873000, "accountsPayable": 570691000, "otherCurrentLiab": 354092000, "otherLiab": 495922000, "totalCurrentLiabilities": 1417359000, "totalLiab": 1924997000, "commonStock": 899715000, "retainedEarnings": 3168509000, "treasuryStock": 286495000, "capitalSurplus": 461157000, "otherStockholderEquity": 286495000, "totalStockholderEquity": 4815876000, "netTangibleAssets": 4815876000}, {"maxAge": 1, "endDate": "2019-12-31", "totalStockholderEquity": 4563100000, "netTangibleAssets": 4563100000}, {"maxAge": 1, "endDate": "2019-09-30", "cash": 2039600000, "shortTermInvestments": 56800000, "netReceivables": 826700000, "inventory": 978400000, "otherCurrentAssets": 334300000, "totalCurrentAssets": 4235800000, "longTermInvestments": 14000000, "propertyPlantEquipment": 2428600000, "otherAssets": 238500000, "totalAssets": 6916900000, "accountsPayable": 567500000, "otherCurrentLiab": 575400000, "otherLiab": 529000000, "totalCurrentLiabilities": 1824800000, "totalLiab": 2353800000, "commonStock": 899700000, "treasuryStock": 3663400000, "otherStockholderEquity": 3663400000, "totalStockholderEquity": 4563100000, "netTangibleAssets": 4563100000}], "maxAge": 86400}, "earningsHistory": {"history": [{"maxAge": 1, "epsActual": {}, "epsEstimate": {}, "epsDifference": {}, "surprisePercent": {}, "quarter": {}, "period": "-4q"}, {"maxAge": 1, "epsActual": {}, "epsEstimate": {}, "epsDifference": {}, "surprisePercent": {}, "quarter": {}, "period": "-3q"}, {"maxAge": 1, "epsActual": {}, "epsEstimate": {}, "epsDifference": {}, "surprisePercent": {}, "quarter": {}, "period": "-2q"}, {"maxAge": 1, "epsActual": {}, "epsEstimate": {}, "epsDifference": {}, "surprisePercent": {}, "quarter": {}, "period": "-1q"}], "maxAge": 86400}, "indexTrend": {"maxAge": 1, "symbol": "SP5", "peRatio": 19.7411, "pegRatio": 1.34172, "estimates": [{"period": "0q", "growth": 0.549}, {"period": "+1q", "growth": 0.431}, {"period": "0y", "growth": 0.305}, {"period": "+1y", "growth": 0.109}, {"period": "+5y", "growth": 0.120865}, {"period": "-5y"}]}, "industryTrend": {"maxAge": 1, "symbol": null, "estimates": []}, "insiderTransactions": {"transactions": [{"maxAge": 1, "shares": 22799, "filerUrl": "", "transactionText": "", "filerName": "Muthiah (Ashwin Chidambaram)", "filerRelation": "Non Executive Vice Chairman", "moneyText": "", "startDate": "2012-03-19", "ownership": "D"}, {"maxAge": 1, "shares": 1550, "filerUrl": "", "transactionText": "", "filerName": "Muthiah (Ashwin Chidambaram)", "filerRelation": "Non Executive Vice Chairman", "moneyText": "", "startDate": "2012-03-15", "ownership": "D"}, {"maxAge": 1, "shares": 34166, "filerUrl": "", "transactionText": "", "filerName": "Muthiah (Ashwin Chidambaram)", "filerRelation": "Non Executive Vice Chairman", "moneyText": "", "startDate": "2012-03-15", "ownership": "D"}, {"maxAge": 1, "shares": 27085, "filerUrl": "", "transactionText": "", "filerName": "Muthiah (Ashwin Chidambaram)", "filerRelation": "Non Executive Vice Chairman", "moneyText": "", "startDate": "2012-03-14", "ownership": "D"}, {"maxAge": 1, "shares": 77991, "filerUrl": "", "transactionText": "", "filerName": "Muthiah (Ashwin Chidambaram)", "filerRelation": "Non Executive Vice Chairman", "moneyText": "", "startDate": "2012-03-14", "ownership": "D"}, {"maxAge": 1, "shares": 30508, "filerUrl": "", "transactionText": "", "filerName": "Muthiah (Ashwin Chidambaram)", "filerRelation": "Non Executive Vice Chairman", "moneyText": "", "startDate": "2012-03-13", "ownership": "D"}, {"maxAge": 1, "shares": 67617, "filerUrl": "", "transactionText": "", "filerName": "Muthiah (Ashwin Chidambaram)", "filerRelation": "Non Executive Vice Chairman", "moneyText": "", "startDate": "2012-03-07", "ownership": "D"}, {"maxAge": 1, "shares": 65000, "filerUrl": "", "transactionText": "", "filerName": "Muthiah (Ashwin Chidambaram)", "filerRelation": "Non Executive Vice Chairman", "moneyText": "", "startDate": "2012-02-27", "ownership": "D"}, {"maxAge": 1, "shares": 68664, "filerUrl": "", "transactionText": "", "filerName": "Muthiah (Ashwin Chidambaram)", "filerRelation": "Non Executive Vice Chairman", "moneyText": "", "startDate": "2012-02-24", "ownership": "D"}, {"maxAge": 1, "shares": 82000, "filerUrl": "", "transactionText": "", "filerName": "Muthiah (Ashwin Chidambaram)", "filerRelation": "Non Executive Vice Chairman", "moneyText": "", "startDate": "2012-02-23", "ownership": "D"}, {"maxAge": 1, "shares": 55814, "filerUrl": "", "transactionText": "", "filerName": "Muthiah (Ashwin Chidambaram)", "filerRelation": "Non Executive Vice Chairman", "moneyText": "", "startDate": "2012-02-22", "ownership": "D"}, {"maxAge": 1, "shares": 88000, "filerUrl": "", "transactionText": "", "filerName": "Muthiah (Ashwin Chidambaram)", "filerRelation": "Non Executive Vice Chairman", "moneyText": "", "startDate": "2012-02-21", "ownership": "D"}], "maxAge": 1}, "quoteType": {"exchange": "BSE", "quoteType": "EQUITY", "symbol": "TNPETRO.BO", "underlyingSymbol": "TNPETRO.BO", "shortName": "TAMILNADU PETROPRODUCTS LTD.", "longName": "Tamilnadu Petroproducts Limited", "firstTradeDateEpochUtc": "2000-01-03 09:15:00", "timeZoneFullName": "Asia/Kolkata", "timeZoneShortName": "IST", "uuid": "aac21f63-99e6-3c8a-a420-2585b843bc52", "gmtOffSetMilliseconds": 19800000, "maxAge": 1}, "incomeStatementHistory": {"incomeStatementHistory": [{"maxAge": 1, "endDate": "2020-03-31", "totalRevenue": 12249645000, "costOfRevenue": 6854838000, "grossProfit": 5394807000, "researchDevelopment": {}, "sellingGeneralAdministrative": 421615000, "nonRecurring": {}, "otherOperatingExpenses": 4040305000, "totalOperatingExpenses": 11532261000, "operatingIncome": 717384000, "totalOtherIncomeExpenseNet": 71067000, "ebit": 717384000, "interestExpense": -73006000, "incomeBeforeTax": 788451000, "incomeTaxExpense": 155640000, "minorityInterest": {}, "netIncomeFromContinuingOps": 632811000, "discontinuedOperations": {}, "extraordinaryItems": {}, "effectOfAccountingCharges": {}, "otherItems": {}, "netIncome": 632811000, "netIncomeApplicableToCommonShares": 632811000}, {"maxAge": 1, "endDate": "2019-03-31", "totalRevenue": 12453273000, "costOfRevenue": 7133008000, "grossProfit": 5320265000, "researchDevelopment": {}, "sellingGeneralAdministrative": 374544000, "nonRecurring": {}, "otherOperatingExpenses": 4027635000, "totalOperatingExpenses": 11735153000, "operatingIncome": 718120000, "totalOtherIncomeExpenseNet": 27004000, "ebit": 718120000, "interestExpense": -50210000, "incomeBeforeTax": 745124000, "incomeTaxExpense": 174800000, "minorityInterest": {}, "netIncomeFromContinuingOps": 570324000, "discontinuedOperations": {}, "extraordinaryItems": {}, "effectOfAccountingCharges": {}, "otherItems": {}, "netIncome": 570324000, "netIncomeApplicableToCommonShares": 570324000}, {"maxAge": 1, "endDate": "2018-03-31", "totalRevenue": 10489038000, "costOfRevenue": 5799022000, "grossProfit": 4690016000, "researchDevelopment": {}, "sellingGeneralAdministrative": 337043000, "nonRecurring": {}, "otherOperatingExpenses": 3426281000, "totalOperatingExpenses": 9784556000, "operatingIncome": 704482000, "totalOtherIncomeExpenseNet": 81522000, "ebit": 704482000, "interestExpense": -50420000, "incomeBeforeTax": 786004000, "incomeTaxExpense": 252876000, "minorityInterest": {}, "netIncomeFromContinuingOps": 533128000, "discontinuedOperations": {}, "extraordinaryItems": {}, "effectOfAccountingCharges": {}, "otherItems": {}, "netIncome": 533128000, "netIncomeApplicableToCommonShares": 533128000}, {"maxAge": 1, "endDate": "2017-03-31", "totalRevenue": 8888516000, "costOfRevenue": 5282678000, "grossProfit": 3605838000, "researchDevelopment": {}, "sellingGeneralAdministrative": 298884000, "nonRecurring": {}, "otherOperatingExpenses": 2577757000, "totalOperatingExpenses": 8316933000, "operatingIncome": 571583000, "totalOtherIncomeExpenseNet": -112993000, "ebit": 571583000, "interestExpense": -71731000, "incomeBeforeTax": 458590000, "incomeTaxExpense": 324176000, "minorityInterest": {}, "netIncomeFromContinuingOps": 134414000, "discontinuedOperations": {}, "extraordinaryItems": {}, "effectOfAccountingCharges": {}, "otherItems": {}, "netIncome": 134414000, "netIncomeApplicableToCommonShares": 134414000}], "maxAge": 86400}, "fundOwnership": {"ownershipList": [], "maxAge": 1}, "summaryDetail": {"maxAge": 1, "priceHint": 2, "previousClose": 73.2, "open": 73.9, "dayLow": 71.5, "dayHigh": 74.35, "regularMarketPreviousClose": 73.2, "regularMarketOpen": 73.9, "regularMarketDayLow": 71.5, "regularMarketDayHigh": 74.35, "trailingPE": 11.444637, "volume": 94752, "regularMarketVolume": 94752, "averageVolume": 50510, "averageVolume10days": 21999, "averageDailyVolume10Day": 21999, "bid": 0.0, "ask": 73.1, "bidSize": 0, "askSize": 0, "marketCap": 6500441088, "fiftyTwoWeekLow": 18.55, "fiftyTwoWeekHigh": 74.35, "fiftyDayAverage": 42.14697, "twoHundredDayAverage": 38.958454, "trailingAnnualDividendRate": 1.5, "trailingAnnualDividendYield": 0.020491805, "currency": "INR", "fromCurrency": null, "lastMarket": null, "algorithm": null, "tradeable": false}, "sectorTrend": {"maxAge": 1, "symbol": null, "estimates": []}, "incomeStatementHistoryQuarterly": {"incomeStatementHistory": [{"maxAge": 1, "endDate": "2020-06-30", "totalRevenue": 2200400000, "costOfRevenue": 1457000000, "grossProfit": 743400000, "researchDevelopment": {}, "sellingGeneralAdministrative": 106900000, "nonRecurring": {}, "otherOperatingExpenses": 414900000, "totalOperatingExpenses": 2035500000, "operatingIncome": 164900000, "totalOtherIncomeExpenseNet": 12000000, "ebit": 164900000, "interestExpense": -16400000, "incomeBeforeTax": 176900000, "incomeTaxExpense": 42100000, "minorityInterest": {}, "netIncomeFromContinuingOps": 134800000, "discontinuedOperations": {}, "extraordinaryItems": {}, "effectOfAccountingCharges": {}, "otherItems": {}, "netIncome": 134800000, "netIncomeApplicableToCommonShares": 134800000}, {"maxAge": 1, "endDate": "2020-03-31", "totalRevenue": 2603845000, "costOfRevenue": -157562000, "grossProfit": 2761407000, "researchDevelopment": {}, "sellingGeneralAdministrative": 115415000, "nonRecurring": {}, "otherOperatingExpenses": 2558805000, "totalOperatingExpenses": 2571061000, "operatingIncome": 32784000, "totalOtherIncomeExpenseNet": 52467000, "ebit": 32784000, "interestExpense": -5906000, "incomeBeforeTax": 85251000, "incomeTaxExpense": 12840000, "minorityInterest": {}, "netIncomeFromContinuingOps": 72411000, "discontinuedOperations": {}, "extraordinaryItems": {}, "effectOfAccountingCharges": {}, "otherItems": {}, "netIncome": 72411000, "netIncomeApplicableToCommonShares": 72411000}, {"maxAge": 1, "endDate": "2019-12-31", "totalRevenue": 2814800000, "costOfRevenue": 2053400000, "grossProfit": 761400000, "researchDevelopment": {}, "sellingGeneralAdministrative": 100200000, "nonRecurring": {}, "otherOperatingExpenses": 418700000, "totalOperatingExpenses": 2626500000, "operatingIncome": 188300000, "totalOtherIncomeExpenseNet": 6100000, "ebit": 188300000, "interestExpense": -23500000, "incomeBeforeTax": 194400000, "incomeTaxExpense": 52100000, "minorityInterest": {}, "netIncomeFromContinuingOps": 142300000, "discontinuedOperations": {}, "extraordinaryItems": {}, "effectOfAccountingCharges": {}, "otherItems": {}, "netIncome": 142300000, "netIncomeApplicableToCommonShares": 142300000}, {"maxAge": 1, "endDate": "2019-09-30", "totalRevenue": 3400500000, "costOfRevenue": 2434400000, "grossProfit": 966100000, "researchDevelopment": {}, "sellingGeneralAdministrative": 102300000, "nonRecurring": {}, "otherOperatingExpenses": 563500000, "totalOperatingExpenses": 3153900000, "operatingIncome": 246600000, "totalOtherIncomeExpenseNet": 8800000, "ebit": 246600000, "interestExpense": -23600000, "incomeBeforeTax": 255400000, "incomeTaxExpense": 36500000, "minorityInterest": {}, "netIncomeFromContinuingOps": 218900000, "discontinuedOperations": {}, "extraordinaryItems": {}, "effectOfAccountingCharges": {}, "otherItems": {}, "netIncome": 218900000, "netIncomeApplicableToCommonShares": 218900000}], "maxAge": 86400}, "cashflowStatementHistoryQuarterly": {"cashflowStatements": [{"maxAge": 1, "endDate": "2020-06-30", "netIncome": 134800000, "changeToLiabilities": 0}, {"maxAge": 1, "endDate": "2020-03-31", "netIncome": 72411000, "changeToLiabilities": 0}, {"maxAge": 1, "endDate": "2019-12-31", "netIncome": 142300000, "changeToLiabilities": 0}, {"maxAge": 1, "endDate": "2019-09-30", "netIncome": 218900000, "changeToLiabilities": 0}], "maxAge": 86400}, "insiderHolders": {"holders": [{"maxAge": 1, "name": "Muthiah (Ashwin Chidambaram)", "relation": "Non Executive Vice Chairman", "url": "", "transactionDescription": "Acquisition", "latestTransDate": "2012-03-19", "positionDirect": 622195, "positionDirectDate": "2012-03-19"}], "maxAge": 1}, "earnings": {"maxAge": 86400, "earningsChart": {"quarterly": [], "earningsDate": ["2020-08-04 05:30:S"]}, "financialsChart": {"yearly": [{"date": 2017, "revenue": 8888516000, "earnings": 134414000}, {"date": 2018, "revenue": 10489038000, "earnings": 533128000}, {"date": 2019, "revenue": 12453273000, "earnings": 570324000}, {"date": 2020, "revenue": 12249645000, "earnings": 632811000}], "quarterly": [{"date": "3Q2019", "revenue": 3400500000, "earnings": 218900000}, {"date": "4Q2019", "revenue": 2814800000, "earnings": 142300000}, {"date": "1Q2020", "revenue": 2603845000, "earnings": 72411000}, {"date": "2Q2020", "revenue": 2200400000, "earnings": 134800000}]}, "financialCurrency": "INR"}, "calendarEvents": {"maxAge": 1, "earnings": {"earningsDate": ["2020-08-04 05:30:S"]}}, "upgradeDowngradeHistory": {"history": [], "maxAge": 86400}, "price": {"maxAge": 1, "regularMarketChangePercent": -0.012978101, "regularMarketChange": -0.94999695, "regularMarketTime": "2021-04-30 15:58:45", "priceHint": 2, "regularMarketPrice": 72.25, "regularMarketDayHigh": 74.35, "regularMarketDayLow": 71.5, "regularMarketVolume": 94752, "averageDailyVolume10Day": 21999, "averageDailyVolume3Month": 50510, "regularMarketPreviousClose": 73.2, "regularMarketSource": "FREE_REALTIME", "regularMarketOpen": 73.9, "exchange": "BSE", "exchangeName": "BSE", "exchangeDataDelayedBy": 0, "marketState": "CLOSED", "quoteType": "EQUITY", "symbol": "TNPETRO.BO", "underlyingSymbol": null, "shortName": "TAMILNADU PETROPRODUCTS LTD.", "longName": "Tamilnadu Petroproducts Limited", "currency": "INR", "quoteSourceName": "Delayed Quote", "currencySymbol": "\u20b9", "fromCurrency": null, "lastMarket": null, "marketCap": 6500441088}, "balanceSheetHistory": {"balanceSheetStatements": [{"maxAge": 1, "endDate": "2020-03-31", "cash": 1203693000, "shortTermInvestments": 809115000, "netReceivables": 538604000, "inventory": 782622000, "otherCurrentAssets": 224751000, "totalCurrentAssets": 3578417000, "longTermInvestments": 14672000, "propertyPlantEquipment": 2945733000, "otherAssets": 202051000, "totalAssets": 6740873000, "accountsPayable": 570691000, "otherCurrentLiab": 354092000, "otherLiab": 495922000, "totalCurrentLiabilities": 1417359000, "totalLiab": 1924997000, "commonStock": 899715000, "retainedEarnings": 3168509000, "treasuryStock": 286495000, "capitalSurplus": 461157000, "otherStockholderEquity": 286495000, "totalStockholderEquity": 4815876000, "netTangibleAssets": 4815876000}, {"maxAge": 1, "endDate": "2019-03-31", "cash": 1131317000, "shortTermInvestments": 751927000, "netReceivables": 728554000, "inventory": 787631000, "otherCurrentAssets": 264907000, "totalCurrentAssets": 3683581000, "longTermInvestments": 13572000, "propertyPlantEquipment": 2505862000, "otherAssets": 91446000, "totalAssets": 6294461000, "accountsPayable": 654310000, "otherCurrentLiab": 395933000, "otherLiab": 490990000, "totalCurrentLiabilities": 1552062000, "totalLiab": 2043052000, "commonStock": 899715000, "retainedEarnings": 2644163000, "treasuryStock": 246374000, "capitalSurplus": 461157000, "otherStockholderEquity": 246374000, "totalStockholderEquity": 4251409000, "netTangibleAssets": 4251409000}, {"maxAge": 1, "endDate": "2018-03-31", "cash": 1047945000, "shortTermInvestments": 380809000, "netReceivables": 730722000, "inventory": 1058934000, "otherCurrentAssets": 326932000, "totalCurrentAssets": 3578044000, "longTermInvestments": 31892000, "propertyPlantEquipment": 2297353000, "otherAssets": 53790000, "totalAssets": 5961079000, "accountsPayable": 964058000, "otherCurrentLiab": 555834000, "otherLiab": 387539000, "totalCurrentLiabilities": 1905344000, "totalLiab": 2292883000, "commonStock": 899715000, "retainedEarnings": 2128077000, "treasuryStock": 179247000, "capitalSurplus": 461157000, "otherStockholderEquity": 179247000, "totalStockholderEquity": 3668196000, "netTangibleAssets": 3668196000}, {"maxAge": 1, "endDate": "2017-03-31", "cash": 1028906000, "shortTermInvestments": 5373000, "netReceivables": 708182000, "inventory": 706713000, "otherCurrentAssets": 287328000, "totalCurrentAssets": 2767006000, "longTermInvestments": 4088000, "propertyPlantEquipment": 2311088000, "otherAssets": 160960000, "totalAssets": 5243142000, "accountsPayable": 982192000, "shortLongTermDebt": 31037000, "otherCurrentLiab": 61840000, "longTermDebt": 21616000, "otherLiab": 599925000, "totalCurrentLiabilities": 1484478000, "totalLiab": 2106019000, "commonStock": 899715000, "retainedEarnings": 1594949000, "treasuryStock": 181302000, "capitalSurplus": 461157000, "otherStockholderEquity": 181302000, "totalStockholderEquity": 3137123000, "netTangibleAssets": 3137123000}], "maxAge": 86400}, "earningsTrend": {"trend": [{"maxAge": 1, "period": "0q", "endDate": null, "growth": {}, "earningsEstimate": {"avg": 0.0, "low": 0.0, "high": 0.0, "yearAgoEps": {}, "numberOfAnalysts": 0, "growth": {}}, "revenueEstimate": {"avg": 0, "low": 0, "high": 0, "numberOfAnalysts": 0, "yearAgoRevenue": {}, "growth": {}}, "epsTrend": {"current": 0.0, "7daysAgo": 0.0, "30daysAgo": 0.0, "60daysAgo": 0.0, "90daysAgo": 0.0}, "epsRevisions": {"upLast7days": 0, "upLast30days": 0, "downLast30days": 0, "downLast90days": {}}}, {"maxAge": 1, "period": "+1q", "endDate": null, "growth": {}, "earningsEstimate": {"avg": 0.0, "low": 0.0, "high": 0.0, "yearAgoEps": {}, "numberOfAnalysts": 0, "growth": {}}, "revenueEstimate": {"avg": 0, "low": 0, "high": 0, "numberOfAnalysts": 0, "yearAgoRevenue": {}, "growth": {}}, "epsTrend": {"current": 0.0, "7daysAgo": 0.0, "30daysAgo": 0.0, "60daysAgo": 0.0, "90daysAgo": 0.0}, "epsRevisions": {"upLast7days": 0, "upLast30days": 0, "downLast30days": 0, "downLast90days": {}}}, {"maxAge": 1, "period": "0y", "endDate": null, "growth": {}, "earningsEstimate": {"avg": 0.0, "low": 0.0, "high": 0.0, "yearAgoEps": {}, "numberOfAnalysts": 0, "growth": {}}, "revenueEstimate": {"avg": 0, "low": 0, "high": 0, "numberOfAnalysts": 0, "yearAgoRevenue": {}, "growth": {}}, "epsTrend": {"current": 0.0, "7daysAgo": 0.0, "30daysAgo": 0.0, "60daysAgo": 0.0, "90daysAgo": 0.0}, "epsRevisions": {"upLast7days": 0, "upLast30days": 0, "downLast30days": 0, "downLast90days": {}}}, {"maxAge": 1, "period": "+1y", "endDate": null, "growth": {}, "earningsEstimate": {"avg": 0.0, "low": 0.0, "high": 0.0, "yearAgoEps": {}, "numberOfAnalysts": 0, "growth": {}}, "revenueEstimate": {"avg": 0, "low": 0, "high": 0, "numberOfAnalysts": 0, "yearAgoRevenue": {}, "growth": {}}, "epsTrend": {"current": 0.0, "7daysAgo": 0.0, "30daysAgo": 0.0, "60daysAgo": 0.0, "90daysAgo": 0.0}, "epsRevisions": {"upLast7days": 0, "upLast30days": 0, "downLast30days": 0, "downLast90days": {}}}, {"maxAge": 1, "period": "+5y", "endDate": null, "growth": {}, "earningsEstimate": {"avg": {}, "low": {}, "high": {}, "yearAgoEps": {}, "numberOfAnalysts": {}, "growth": {}}, "revenueEstimate": {"avg": {}, "low": {}, "high": {}, "numberOfAnalysts": {}, "yearAgoRevenue": {}, "growth": {}}, "epsTrend": {"current": {}, "7daysAgo": {}, "30daysAgo": {}, "60daysAgo": {}, "90daysAgo": {}}, "epsRevisions": {"upLast7days": {}, "upLast30days": {}, "downLast30days": {}, "downLast90days": {}}}, {"maxAge": 1, "period": "-5y", "endDate": null, "growth": {}, "earningsEstimate": {"avg": {}, "low": {}, "high": {}, "yearAgoEps": {}, "numberOfAnalysts": {}, "growth": {}}, "revenueEstimate": {"avg": {}, "low": {}, "high": {}, "numberOfAnalysts": {}, "yearAgoRevenue": {}, "growth": {}}, "epsTrend": {"current": {}, "7daysAgo": {}, "30daysAgo": {}, "60daysAgo": {}, "90daysAgo": {}}, "epsRevisions": {"upLast7days": {}, "upLast30days": {}, "downLast30days": {}, "downLast90days": {}}}], "maxAge": 1}, "financialData": {"maxAge": 86400, "currentPrice": 72.25, "recommendationKey": "none", "grossProfits": 5394807000, "financialCurrency": "INR"}}}