{"TNPL.NS": {"assetProfile": {"address1": "No. 67, Mount Road", "address2": "Guindy", "city": "Chennai", "zip": "600032", "country": "India", "phone": "91 44 2235 4415", "fax": "91 44 2235 0834", "website": "http://www.tnpl.com", "industry": "Paper & Paper Products", "sector": "Basic Materials", "longBusinessSummary": "Tamil Nadu Newsprint and Papers Limited manufactures and sells paper and paper boards in India. The company operates through Paper & Paper Board, Energy, and Cement segments. It offers surface-sized and non-surface sized papers for printing and writing; and coated and uncoated boards under the AURA brand for the packing industry. The company also generates power through TGs and wind mills. In addition, it manufactures and sells cement. The company exports its products to Sri Lanka, Iran, Nigeria, Sudan, Uganda, Turkey, Kenya, South Africa, Malaysia, and Ghana. Tamil Nadu Newsprint and Papers Limited was incorporated in 1979 and is based in Chennai, India.", "fullTimeEmployees": 2567, "companyOfficers": [{"maxAge": 1, "name": "Mr. S.  Sivashanmugaraja IAS", "age": 56, "title": "MD, CEO & Director", "yearBorn": 1964, "fiscalYear": 2020, "totalPay": 5385000, "exercisedValue": 0, "unexercisedValue": 0}, {"maxAge": 1, "name": "Ms. Sathya  Ananth", "age": 54, "title": "GM of Fin. & Interim CFO", "yearBorn": 1966, "exercisedValue": 0, "unexercisedValue": 0}, {"maxAge": 1, "name": "Mr. S. Venkata Ramakrishnan", "age": 57, "title": "Exec. Director of Operations", "yearBorn": 1963, "exercisedValue": 0, "unexercisedValue": 0}, {"maxAge": 1, "name": "Mr. K.  Manoharan", "age": 57, "title": "Chief Information Officer", "yearBorn": 1963, "exercisedValue": 0, "unexercisedValue": 0}, {"maxAge": 1, "name": "Mr. B.  Ravishankar", "age": 53, "title": "Company Sec. & Compliance Officer", "yearBorn": 1967, "exercisedValue": 0, "unexercisedValue": 0}, {"maxAge": 1, "name": "Mr. Santosh  Wakhloo", "age": 50, "title": "Exec. Director of Marketing", "yearBorn": 1970, "exercisedValue": 0, "unexercisedValue": 0}, {"maxAge": 1, "name": "Mr. A.  Balasubramanian", "age": 55, "title": "Chief Gen. Mang. of E&I and Commercials", "yearBorn": 1965, "exercisedValue": 0, "unexercisedValue": 0}, {"maxAge": 1, "name": "Mr. Kushal Pal Singh", "age": 59, "title": "Chief Gen. Mang. of Board Plant", "yearBorn": 1961, "exercisedValue": 0, "unexercisedValue": 0}, {"maxAge": 1, "name": "Mr. K.  Thangaraju", "age": 60, "title": "Chief Gen. Mang. of Production", "yearBorn": 1960, "exercisedValue": 0, "unexercisedValue": 0}, {"maxAge": 1, "name": "Mr. P. Kasi Visvanathan", "age": 53, "title": "Chief Gen. Mang. of Marketing - Paper", "yearBorn": 1967, "exercisedValue": 0, "unexercisedValue": 0}], "compensationAsOfEpochDate": "2020-12-31 05:30:00", "maxAge": 86400}, "recommendationTrend": {"trend": [{"period": "0m", "strongBuy": 0, "buy": 0, "hold": 0, "sell": 0, "strongSell": 0}, {"period": "-1m", "strongBuy": 2, "buy": 0, "hold": 1, "sell": 0, "strongSell": 0}, {"period": "-2m", "strongBuy": 1, "buy": 1, "hold": 1, "sell": 0, "strongSell": 0}, {"period": "-3m", "strongBuy": 1, "buy": 1, "hold": 0, "sell": 0, "strongSell": 0}], "maxAge": 86400}, "cashflowStatementHistory": {"cashflowStatements": [{"maxAge": 1, "endDate": "2020-03-31", "netIncome": 1300323000, "depreciation": 2302975000, "changeToNetincome": 2265044000, "changeToAccountReceivables": -863397000, "changeToLiabilities": -2161918000, "changeToInventory": 153406000, "changeToOperatingActivities": -591454000, "totalCashFromOperatingActivities": 2414447000, "capitalExpenditures": -2138290000, "otherCashflowsFromInvestingActivities": 61125000, "totalCashflowsFromInvestingActivities": -2071708000, "dividendsPaid": -519080000, "netBorrowings": 2573932000, "otherCashflowsFromFinancingActivities": -2412390000, "totalCashFromFinancingActivities": -357538000, "changeInCash": -14799000}, {"maxAge": 1, "endDate": "2019-03-31", "netIncome": 943868000, "depreciation": 2266838000, "changeToNetincome": 3307502000, "changeToAccountReceivables": 1493679000, "changeToLiabilities": 4394754000, "changeToInventory": -3772104000, "changeToOperatingActivities": -445752000, "totalCashFromOperatingActivities": 8188785000, "capitalExpenditures": -541696000, "otherCashflowsFromInvestingActivities": 69695000, "totalCashflowsFromInvestingActivities": -469331000, "dividendsPaid": -346053000, "netBorrowings": -5728341000, "otherCashflowsFromFinancingActivities": -2414454000, "totalCashFromFinancingActivities": -8488848000, "changeInCash": -769394000}, {"maxAge": 1, "endDate": "2018-03-31", "netIncome": -421545000, "depreciation": 2218328000, "changeToNetincome": 2305000000, "changeToAccountReceivables": -612135000, "changeToLiabilities": 2276623000, "changeToInventory": 882037000, "changeToOperatingActivities": 1678545000, "totalCashFromOperatingActivities": 8326853000, "capitalExpenditures": -1216316000, "otherCashflowsFromInvestingActivities": 67784000, "totalCashflowsFromInvestingActivities": -1148203000, "dividendsPaid": -519080000, "netBorrowings": -2636080000, "otherCashflowsFromFinancingActivities": -2581589000, "totalCashFromFinancingActivities": -5736749000, "changeInCash": 1441901000}, {"maxAge": 1, "endDate": "2017-03-31", "netIncome": 2645639000, "depreciation": 2076786000, "changeToNetincome": 2035685000, "changeToAccountReceivables": -104407000, "changeToLiabilities": -409809000, "changeToInventory": -1830139000, "changeToOperatingActivities": -1573989000, "totalCashFromOperatingActivities": 2839766000, "capitalExpenditures": -989477000, "otherCashflowsFromInvestingActivities": 86977000, "totalCashflowsFromInvestingActivities": -901024000, "dividendsPaid": -519080000, "netBorrowings": 724429000, "otherCashflowsFromFinancingActivities": -2731684000, "totalCashFromFinancingActivities": -2526335000, "changeInCash": -587593000}], "maxAge": 86400}, "indexTrend": {"maxAge": 1, "symbol": "SP5", "peRatio": 19.7411, "pegRatio": 1.34172, "estimates": [{"period": "0q", "growth": 0.549}, {"period": "+1q", "growth": 0.431}, {"period": "0y", "growth": 0.305}, {"period": "+1y", "growth": 0.109}, {"period": "+5y", "growth": 0.120865}, {"period": "-5y"}]}, "defaultKeyStatistics": {"maxAge": 1, "priceHint": 2, "enterpriseValue": 27161690112, "profitMargins": -0.02331, "floatShares": 40114022, "sharesOutstanding": 69210600, "heldPercentInsiders": 0.40566003, "heldPercentInstitutions": 0.2723, "beta": 0.846505, "category": null, "bookValue": 236.488, "priceToBook": 0.58311623, "fundFamily": null, "legalType": null, "lastFiscalYearEnd": "2020-03-31 05:30:00", "nextFiscalYearEnd": "2022-03-31 05:30:00", "mostRecentQuarter": "2020-12-31 05:30:00", "netIncomeToCommon": -593276992, "trailingEps": -8.572, "forwardEps": 40.95, "lastSplitFactor": null, "enterpriseToRevenue": 1.067, "enterpriseToEbitda": 8.816}, "industryTrend": {"maxAge": 1, "symbol": null, "estimates": []}, "quoteType": {"exchange": "NSI", "quoteType": "EQUITY", "symbol": "TNPL.NS", "underlyingSymbol": "TNPL.NS", "shortName": "TAMIL NADU NEWSPRI", "longName": "Tamil Nadu Newsprint and Papers Limited", "firstTradeDateEpochUtc": "2002-08-12 09:15:00", "timeZoneFullName": "Asia/Kolkata", "timeZoneShortName": "IST", "uuid": "3ee05554-247b-32ea-9c64-2421852314fa", "gmtOffSetMilliseconds": 19800000, "maxAge": 1}, "incomeStatementHistory": {"incomeStatementHistory": [{"maxAge": 1, "endDate": "2020-03-31", "totalRevenue": 34711128000, "costOfRevenue": 23424112000, "grossProfit": 11287016000, "researchDevelopment": {}, "sellingGeneralAdministrative": 3006824000, "nonRecurring": {}, "otherOperatingExpenses": 1893698000, "totalOperatingExpenses": 30637077000, "operatingIncome": 4074051000, "totalOtherIncomeExpenseNet": -2168704000, "ebit": 4074051000, "interestExpense": -2045592000, "incomeBeforeTax": 1905347000, "incomeTaxExpense": 605024000, "minorityInterest": {}, "netIncomeFromContinuingOps": 1300323000, "discontinuedOperations": {}, "extraordinaryItems": {}, "effectOfAccountingCharges": {}, "otherItems": {}, "netIncome": 1300323000, "netIncomeApplicableToCommonShares": 1300323000}, {"maxAge": 1, "endDate": "2019-03-31", "totalRevenue": 40827146000, "costOfRevenue": 28970551000, "grossProfit": 11856595000, "researchDevelopment": {}, "sellingGeneralAdministrative": 2747054000, "nonRecurring": {}, "otherOperatingExpenses": 2284258000, "totalOperatingExpenses": 36268701000, "operatingIncome": 4558445000, "totalOtherIncomeExpenseNet": -3006477000, "ebit": 4558445000, "interestExpense": -2094907000, "incomeBeforeTax": 1551968000, "incomeTaxExpense": 608100000, "minorityInterest": {}, "netIncomeFromContinuingOps": 943868000, "discontinuedOperations": {}, "extraordinaryItems": {}, "effectOfAccountingCharges": {}, "otherItems": {}, "netIncome": 943868000, "netIncomeApplicableToCommonShares": 943868000}, {"maxAge": 1, "endDate": "2018-03-31", "totalRevenue": 30983328000, "costOfRevenue": 22392400000, "grossProfit": 8590928000, "researchDevelopment": {}, "sellingGeneralAdministrative": 2579701000, "nonRecurring": {}, "otherOperatingExpenses": 1675952000, "totalOperatingExpenses": 28866381000, "operatingIncome": 2116947000, "totalOtherIncomeExpenseNet": -2396820000, "ebit": 2116947000, "interestExpense": -2221381000, "incomeBeforeTax": -279873000, "incomeTaxExpense": 141672000, "minorityInterest": {}, "netIncomeFromContinuingOps": -421545000, "discontinuedOperations": {}, "extraordinaryItems": {}, "effectOfAccountingCharges": {}, "otherItems": {}, "netIncome": -421545000, "netIncomeApplicableToCommonShares": -421545000}, {"maxAge": 1, "endDate": "2017-03-31", "totalRevenue": 29575605000, "costOfRevenue": 17654862000, "grossProfit": 11920743000, "researchDevelopment": {}, "sellingGeneralAdministrative": 2603214000, "nonRecurring": {}, "otherOperatingExpenses": 1728618000, "totalOperatingExpenses": 24063480000, "operatingIncome": 5512125000, "totalOtherIncomeExpenseNet": -2450043000, "ebit": 5512125000, "interestExpense": -2380922000, "incomeBeforeTax": 3062082000, "incomeTaxExpense": 416443000, "minorityInterest": {}, "netIncomeFromContinuingOps": 2645639000, "discontinuedOperations": {}, "extraordinaryItems": {}, "effectOfAccountingCharges": {}, "otherItems": {}, "netIncome": 2645639000, "netIncomeApplicableToCommonShares": 2645639000}], "maxAge": 86400}, "fundOwnership": {"ownershipList": [{"maxAge": 1, "reportDate": "2021-03-31", "organization": "Avantis Emerging Markets Equity Fund", "pctHeld": 0.0001, "position": 9273, "value": 1358958}], "maxAge": 1}, "summaryDetail": {"maxAge": 1, "priceHint": 2, "previousClose": 138.05, "open": 138.05, "dayLow": 137.55, "dayHigh": 140.25, "regularMarketPreviousClose": 138.05, "regularMarketOpen": 138.05, "regularMarketDayLow": 137.55, "regularMarketDayHigh": 140.25, "dividendRate": 6.0, "dividendYield": 0.0435, "exDividendDate": "2020-09-10 05:30:00", "fiveYearAvgDividendYield": 3.29, "beta": 0.846505, "forwardPE": 3.367521, "volume": 108414, "regularMarketVolume": 108414, "averageVolume": 342943, "averageVolume10days": 265751, "averageDailyVolume10Day": 265751, "bid": 0.0, "ask": 0.0, "bidSize": 0, "askSize": 0, "marketCap": 9554511872, "fiftyTwoWeekLow": 87.0, "fiftyTwoWeekHigh": 161.8, "priceToSalesTrailing12Months": 0.3754195, "fiftyDayAverage": 139.8294, "twoHundredDayAverage": 120.25461, "trailingAnnualDividendRate": 6.0, "trailingAnnualDividendYield": 0.04346251, "currency": "INR", "fromCurrency": null, "lastMarket": null, "algorithm": null, "tradeable": false}, "insiderHolders": {"holders": [{"maxAge": 1, "name": "Goldman Sachs Investments Mauritius I Ltd", "relation": "Investment Advisor", "url": "", "transactionDescription": "Sale", "latestTransDate": "2010-05-28", "positionDirect": 2088305, "positionDirectDate": "2010-05-28"}, {"maxAge": 1, "name": "HDFC Trustee Company Ltd", "relation": "Investment Advisor", "url": "", "transactionDescription": "Acquisition", "latestTransDate": "2010-09-22", "positionDirect": 2643620, "positionDirectDate": "2010-09-22"}, {"maxAge": 1, "name": "Reliance Capital Trustee Company, Ltd. A/c Reliance Growth F", "relation": "Investment Management Company", "url": "", "transactionDescription": "Sale", "latestTransDate": "2012-12-04", "positionDirect": 2106786, "positionDirectDate": "2012-12-04"}, {"maxAge": 1, "name": "Warburg Value Fund", "relation": "Institution- Corporation", "url": "", "transactionDescription": "Acquisition", "latestTransDate": "2013-11-20", "positionDirect": 3466018, "positionDirectDate": "2013-11-20"}], "maxAge": 1}, "calendarEvents": {"maxAge": 1, "earnings": {"earningsDate": []}, "exDividendDate": "2020-09-10 05:30:00"}, "upgradeDowngradeHistory": {"history": [], "maxAge": 86400}, "price": {"maxAge": 1, "regularMarketChangePercent": -0.0010866291, "regularMarketChange": -0.15000916, "regularMarketTime": "2021-04-30 15:29:57", "priceHint": 2, "regularMarketPrice": 137.9, "regularMarketDayHigh": 140.25, "regularMarketDayLow": 137.55, "regularMarketVolume": 108414, "averageDailyVolume10Day": 265751, "averageDailyVolume3Month": 342943, "regularMarketPreviousClose": 138.05, "regularMarketSource": "FREE_REALTIME", "regularMarketOpen": 138.05, "exchange": "NSI", "exchangeName": "NSE", "exchangeDataDelayedBy": 15, "marketState": "CLOSED", "quoteType": "EQUITY", "symbol": "TNPL.NS", "underlyingSymbol": null, "shortName": "TAMIL NADU NEWSPRI", "longName": "Tamil Nadu Newsprint and Papers Limited", "currency": "INR", "quoteSourceName": "Delayed Quote", "currencySymbol": "\u20b9", "fromCurrency": null, "lastMarket": null, "marketCap": 9554511872}, "balanceSheetHistory": {"balanceSheetStatements": [{"maxAge": 1, "endDate": "2020-03-31", "cash": 44105000, "netReceivables": 6058673000, "inventory": 9235388000, "otherCurrentAssets": 543257000, "totalCurrentAssets": 16065104000, "propertyPlantEquipment": 37823098000, "intangibleAssets": 85642000, "otherAssets": 1792634000, "totalAssets": 55766478000, "accountsPayable": 9919463000, "shortLongTermDebt": 3987130000, "otherCurrentLiab": 1635254000, "longTermDebt": 12114004000, "otherLiab": 3756177000, "totalCurrentLiabilities": 22549511000, "totalLiab": 38637367000, "commonStock": 692106000, "retainedEarnings": 14712475000, "treasuryStock": -72781000, "capitalSurplus": 1797311000, "otherStockholderEquity": -72781000, "totalStockholderEquity": 17129111000, "netTangibleAssets": 17043469000}, {"maxAge": 1, "endDate": "2019-03-31", "cash": 502351000, "netReceivables": 5041897000, "inventory": 9310399000, "otherCurrentAssets": 684871000, "totalCurrentAssets": 15632477000, "propertyPlantEquipment": 38894533000, "intangibleAssets": 78751000, "otherAssets": 709062000, "totalAssets": 55314823000, "accountsPayable": 12081381000, "shortLongTermDebt": 4285116000, "otherCurrentLiab": 2710265000, "longTermDebt": 12469925000, "otherLiab": 3371229000, "totalCurrentLiabilities": 22956865000, "totalLiab": 38798019000, "commonStock": 692106000, "retainedEarnings": 14070927000, "treasuryStock": -43540000, "capitalSurplus": 1797311000, "otherStockholderEquity": -43540000, "totalStockholderEquity": 16516804000, "netTangibleAssets": 16438053000}, {"maxAge": 1, "endDate": "2018-03-31", "cash": 272013000, "netReceivables": 6915623000, "inventory": 5529485000, "otherCurrentAssets": 598823000, "totalCurrentAssets": 13362289000, "propertyPlantEquipment": 40585363000, "intangibleAssets": 251517000, "otherAssets": 1047397000, "totalAssets": 55246566000, "accountsPayable": 7686627000, "shortLongTermDebt": 4666928000, "otherCurrentLiab": 3061810000, "longTermDebt": 14503248000, "otherLiab": 3320562000, "totalCurrentLiabilities": 21391475000, "totalLiab": 39215285000, "commonStock": 692106000, "retainedEarnings": 13544244000, "treasuryStock": -2380000, "capitalSurplus": 1797311000, "otherStockholderEquity": -2380000, "totalStockholderEquity": 16031281000, "netTangibleAssets": 15779764000}, {"maxAge": 1, "endDate": "2017-03-31", "cash": 214462000, "netReceivables": 5902276000, "inventory": 6232647000, "otherCurrentAssets": 1163846000, "totalCurrentAssets": 13603224000, "propertyPlantEquipment": 41316248000, "intangibleAssets": 210107000, "otherAssets": 1214345000, "totalAssets": 56343924000, "accountsPayable": 5411368000, "shortLongTermDebt": 4287127000, "otherCurrentLiab": 1961521000, "longTermDebt": 16521242000, "otherLiab": 3110659000, "totalCurrentLiabilities": 19665499000, "totalLiab": 39297400000, "commonStock": 692106000, "retainedEarnings": 14590540000, "treasuryStock": -33433000, "capitalSurplus": 1797311000, "otherStockholderEquity": -33433000, "totalStockholderEquity": 17046524000, "netTangibleAssets": 16836417000}], "maxAge": 86400}, "earningsTrend": {"trend": [{"maxAge": 1, "period": "0q", "endDate": null, "growth": {}, "earningsEstimate": {"avg": 0.0, "low": 0.0, "high": 0.0, "yearAgoEps": {}, "numberOfAnalysts": 0, "growth": {}}, "revenueEstimate": {"avg": 0, "low": 0, "high": 0, "numberOfAnalysts": 0, "yearAgoRevenue": {}, "growth": {}}, "epsTrend": {"current": 0.0, "7daysAgo": 0.0, "30daysAgo": 0.0, "60daysAgo": 0.0, "90daysAgo": 0.0}, "epsRevisions": {"upLast7days": 0, "upLast30days": 0, "downLast30days": 0, "downLast90days": {}}}, {"maxAge": 1, "period": "+1q", "endDate": null, "growth": {}, "earningsEstimate": {"avg": 0.0, "low": 0.0, "high": 0.0, "yearAgoEps": {}, "numberOfAnalysts": 0, "growth": {}}, "revenueEstimate": {"avg": 0, "low": 0, "high": 0, "numberOfAnalysts": 0, "yearAgoRevenue": {}, "growth": {}}, "epsTrend": {"current": 0.0, "7daysAgo": 0.0, "30daysAgo": 0.0, "60daysAgo": 0.0, "90daysAgo": 0.0}, "epsRevisions": {"upLast7days": 0, "upLast30days": 0, "downLast30days": 0, "downLast90days": {}}}, {"maxAge": 1, "period": "0y", "endDate": null, "growth": {}, "earningsEstimate": {"avg": 0.0, "low": 0.0, "high": 0.0, "yearAgoEps": {}, "numberOfAnalysts": 0, "growth": {}}, "revenueEstimate": {"avg": 0, "low": 0, "high": 0, "numberOfAnalysts": 0, "yearAgoRevenue": {}, "growth": {}}, "epsTrend": {"current": 0.0, "7daysAgo": 0.0, "30daysAgo": 0.0, "60daysAgo": 0.0, "90daysAgo": 0.0}, "epsRevisions": {"upLast7days": 0, "upLast30days": 0, "downLast30days": 0, "downLast90days": {}}}, {"maxAge": 1, "period": "+1y", "endDate": null, "growth": {}, "earningsEstimate": {"avg": 0.0, "low": 0.0, "high": 0.0, "yearAgoEps": {}, "numberOfAnalysts": 0, "growth": {}}, "revenueEstimate": {"avg": 0, "low": 0, "high": 0, "numberOfAnalysts": 0, "yearAgoRevenue": {}, "growth": {}}, "epsTrend": {"current": 0.0, "7daysAgo": 0.0, "30daysAgo": 0.0, "60daysAgo": 0.0, "90daysAgo": 0.0}, "epsRevisions": {"upLast7days": 0, "upLast30days": 0, "downLast30days": 0, "downLast90days": {}}}, {"maxAge": 1, "period": "+5y", "endDate": null, "growth": 0.079, "earningsEstimate": {"avg": {}, "low": {}, "high": {}, "yearAgoEps": {}, "numberOfAnalysts": {}, "growth": {}}, "revenueEstimate": {"avg": {}, "low": {}, "high": {}, "numberOfAnalysts": {}, "yearAgoRevenue": {}, "growth": {}}, "epsTrend": {"current": {}, "7daysAgo": {}, "30daysAgo": {}, "60daysAgo": {}, "90daysAgo": {}}, "epsRevisions": {"upLast7days": {}, "upLast30days": {}, "downLast30days": {}, "downLast90days": {}}}, {"maxAge": 1, "period": "-5y", "endDate": null, "growth": 0.29411, "earningsEstimate": {"avg": {}, "low": {}, "high": {}, "yearAgoEps": {}, "numberOfAnalysts": {}, "growth": {}}, "revenueEstimate": {"avg": {}, "low": {}, "high": {}, "numberOfAnalysts": {}, "yearAgoRevenue": {}, "growth": {}}, "epsTrend": {"current": {}, "7daysAgo": {}, "30daysAgo": {}, "60daysAgo": {}, "90daysAgo": {}}, "epsRevisions": {"upLast7days": {}, "upLast30days": {}, "downLast30days": {}, "downLast90days": {}}}], "maxAge": 1}, "institutionOwnership": {"ownershipList": [], "maxAge": 1}, "majorHoldersBreakdown": {"maxAge": 1, "insidersPercentHeld": 0.40566003, "institutionsPercentHeld": 0.2723, "institutionsFloatPercentHeld": 0.45816, "institutionsCount": 10}, "balanceSheetHistoryQuarterly": {"balanceSheetStatements": [{"maxAge": 1, "endDate": "2020-12-31", "totalStockholderEquity": 16399900000, "netTangibleAssets": 16325400000}, {"maxAge": 1, "endDate": "2020-09-30", "cash": 83100000, "netReceivables": 3264800000, "inventory": 10837700000, "otherCurrentAssets": 2241200000, "totalCurrentAssets": 16426800000, "longTermInvestments": 5000000, "propertyPlantEquipment": 39025100000, "intangibleAssets": 74500000, "otherAssets": 2376100000, "totalAssets": 57907500000, "accountsPayable": 10513300000, "otherCurrentLiab": 9428600000, "longTermDebt": 10627000000, "otherLiab": 3578100000, "totalCurrentLiabilities": 27112800000, "totalLiab": 41507600000, "commonStock": 692100000, "treasuryStock": 15707800000, "otherStockholderEquity": 15707800000, "totalStockholderEquity": 16399900000, "netTangibleAssets": 16325400000}, {"maxAge": 1, "endDate": "2020-06-30", "totalStockholderEquity": 17129100000, "netTangibleAssets": 17043500000}, {"maxAge": 1, "endDate": "2020-03-31", "cash": 44105000, "netReceivables": 6058673000, "inventory": 9235388000, "otherCurrentAssets": 543257000, "totalCurrentAssets": 16065104000, "propertyPlantEquipment": 37823098000, "intangibleAssets": 85642000, "otherAssets": 1792634000, "totalAssets": 55766478000, "accountsPayable": 9919463000, "shortLongTermDebt": 3987130000, "otherCurrentLiab": 1635254000, "longTermDebt": 12114004000, "otherLiab": 3756177000, "totalCurrentLiabilities": 22549511000, "totalLiab": 38637367000, "commonStock": 692106000, "retainedEarnings": 14712475000, "treasuryStock": -72781000, "capitalSurplus": 1797311000, "otherStockholderEquity": -72781000, "totalStockholderEquity": 17129111000, "netTangibleAssets": 17043469000}], "maxAge": 86400}, "earningsHistory": {"history": [{"maxAge": 1, "epsActual": {}, "epsEstimate": {}, "epsDifference": {}, "surprisePercent": {}, "quarter": {}, "period": "-4q"}, {"maxAge": 1, "epsActual": {}, "epsEstimate": {}, "epsDifference": {}, "surprisePercent": {}, "quarter": {}, "period": "-3q"}, {"maxAge": 1, "epsActual": {}, "epsEstimate": {}, "epsDifference": {}, "surprisePercent": {}, "quarter": {}, "period": "-2q"}, {"maxAge": 1, "epsActual": {}, "epsEstimate": {}, "epsDifference": {}, "surprisePercent": {}, "quarter": {}, "period": "-1q"}], "maxAge": 86400}, "summaryProfile": {"address1": "No. 67, Mount Road", "address2": "Guindy", "city": "Chennai", "zip": "600032", "country": "India", "phone": "91 44 2235 4415", "fax": "91 44 2235 0834", "website": "http://www.tnpl.com", "industry": "Paper & Paper Products", "sector": "Basic Materials", "longBusinessSummary": "Tamil Nadu Newsprint and Papers Limited manufactures and sells paper and paper boards in India. The company operates through Paper & Paper Board, Energy, and Cement segments. It offers surface-sized and non-surface sized papers for printing and writing; and coated and uncoated boards under the AURA brand for the packing industry. The company also generates power through TGs and wind mills. In addition, it manufactures and sells cement. The company exports its products to Sri Lanka, Iran, Nigeria, Sudan, Uganda, Turkey, Kenya, South Africa, Malaysia, and Ghana. Tamil Nadu Newsprint and Papers Limited was incorporated in 1979 and is based in Chennai, India.", "fullTimeEmployees": 2567, "companyOfficers": [], "maxAge": 86400}, "netSharePurchaseActivity": {"maxAge": 1, "period": "6m", "buyInfoCount": 0, "buyInfoShares": 0, "sellInfoCount": 0, "netInfoCount": 0, "netInfoShares": 0, "netPercentInsiderShares": 0.0, "totalInsiderShares": 28050016}, "insiderTransactions": {"transactions": [{"maxAge": 1, "shares": 17000, "filerUrl": "", "transactionText": "", "filerName": "Warburg Value Fund", "filerRelation": "Institution- Corporation", "moneyText": "", "startDate": "2013-11-20", "ownership": "D"}, {"maxAge": 1, "shares": 50950, "filerUrl": "", "transactionText": "", "filerName": "Reliance Capital Trustee Company, Ltd. A/c Reliance Growth F", "filerRelation": "Investment Management Company", "moneyText": "", "startDate": "2012-12-04", "ownership": "D"}, {"maxAge": 1, "shares": 250000, "filerUrl": "", "transactionText": "", "filerName": "HDFC Trustee Company Ltd", "filerRelation": "Investment Advisor", "moneyText": "", "startDate": "2010-09-22", "ownership": "D"}, {"maxAge": 1, "shares": 1500000, "filerUrl": "", "transactionText": "", "filerName": "Goldman Sachs Investments Mauritius I Ltd", "filerRelation": "Investment Advisor", "moneyText": "", "startDate": "2010-05-28", "ownership": "D"}, {"maxAge": 1, "shares": 2869529, "filerUrl": "", "transactionText": "", "filerName": "Goldman Sachs Investments Mauritius I Ltd", "filerRelation": "Institution- Corporation", "moneyText": "", "startDate": "2010-05-03", "ownership": "D"}], "maxAge": 1}, "sectorTrend": {"maxAge": 1, "symbol": null, "estimates": []}, "incomeStatementHistoryQuarterly": {"incomeStatementHistory": [{"maxAge": 1, "endDate": "2020-12-31", "totalRevenue": 5504600000, "costOfRevenue": 3999600000, "grossProfit": 1505000000, "researchDevelopment": {}, "sellingGeneralAdministrative": 744700000, "nonRecurring": {}, "otherOperatingExpenses": 556800000, "totalOperatingExpenses": 5883600000, "operatingIncome": -379000000, "totalOtherIncomeExpenseNet": -105200000, "ebit": -379000000, "interestExpense": -484600000, "incomeBeforeTax": -484200000, "incomeTaxExpense": -168200000, "minorityInterest": {}, "netIncomeFromContinuingOps": -316000000, "discontinuedOperations": {}, "extraordinaryItems": {}, "effectOfAccountingCharges": {}, "otherItems": {}, "netIncome": -316000000, "netIncomeApplicableToCommonShares": -316000000}, {"maxAge": 1, "endDate": "2020-09-30", "totalRevenue": 5969300000, "costOfRevenue": 3921800000, "grossProfit": 2047500000, "researchDevelopment": {}, "sellingGeneralAdministrative": 729900000, "nonRecurring": {}, "otherOperatingExpenses": 478300000, "totalOperatingExpenses": 5717200000, "operatingIncome": 252100000, "totalOtherIncomeExpenseNet": -397600000, "ebit": 252100000, "interestExpense": -498800000, "incomeBeforeTax": -145500000, "incomeTaxExpense": -49800000, "minorityInterest": {}, "netIncomeFromContinuingOps": -95700000, "discontinuedOperations": {}, "extraordinaryItems": {}, "effectOfAccountingCharges": {}, "otherItems": {}, "netIncome": -95700000, "netIncomeApplicableToCommonShares": -95700000}, {"maxAge": 1, "endDate": "2020-06-30", "totalRevenue": 4964700000, "costOfRevenue": 3019700000, "grossProfit": 1945000000, "researchDevelopment": {}, "sellingGeneralAdministrative": 804200000, "nonRecurring": {}, "otherOperatingExpenses": 411400000, "totalOperatingExpenses": 4818100000, "operatingIncome": 146600000, "totalOtherIncomeExpenseNet": -453800000, "ebit": 146600000, "interestExpense": -502000000, "incomeBeforeTax": -307200000, "incomeTaxExpense": -107100000, "minorityInterest": {}, "netIncomeFromContinuingOps": -200100000, "discontinuedOperations": {}, "extraordinaryItems": {}, "effectOfAccountingCharges": {}, "otherItems": {}, "netIncome": -200100000, "netIncomeApplicableToCommonShares": -200100000}, {"maxAge": 1, "endDate": "2020-03-31", "totalRevenue": 9011728000, "costOfRevenue": 6505212000, "grossProfit": 2506516000, "researchDevelopment": {}, "sellingGeneralAdministrative": 878324000, "nonRecurring": {}, "otherOperatingExpenses": 227098000, "totalOperatingExpenses": 8194177000, "operatingIncome": 817551000, "totalOtherIncomeExpenseNet": -798704000, "ebit": 817551000, "interestExpense": -428792000, "incomeBeforeTax": 18847000, "incomeTaxExpense": 324000, "minorityInterest": {}, "netIncomeFromContinuingOps": 18523000, "discontinuedOperations": {}, "extraordinaryItems": {}, "effectOfAccountingCharges": {}, "otherItems": {}, "netIncome": 18523000, "netIncomeApplicableToCommonShares": 18523000}], "maxAge": 86400}, "cashflowStatementHistoryQuarterly": {"cashflowStatements": [{"maxAge": 1, "endDate": "2020-12-31", "netIncome": -316000000, "changeToLiabilities": 0}, {"maxAge": 1, "endDate": "2020-09-30", "netIncome": -95700000, "changeToLiabilities": 0}, {"maxAge": 1, "endDate": "2020-06-30", "netIncome": -200100000, "changeToLiabilities": 0}, {"maxAge": 1, "endDate": "2020-03-31", "netIncome": 18523000, "changeToLiabilities": 0}], "maxAge": 86400}, "earnings": {"maxAge": 86400, "earningsChart": {"quarterly": [], "earningsDate": []}, "financialsChart": {"yearly": [{"date": 2017, "revenue": 29575605000, "earnings": 2645639000}, {"date": 2018, "revenue": 30983328000, "earnings": -421545000}, {"date": 2019, "revenue": 40827146000, "earnings": 943868000}, {"date": 2020, "revenue": 34711128000, "earnings": 1300323000}], "quarterly": [{"date": "1Q2020", "revenue": 9011728000, "earnings": 18523000}, {"date": "2Q2020", "revenue": 4964700000, "earnings": -200100000}, {"date": "3Q2020", "revenue": 5969300000, "earnings": -95700000}, {"date": "4Q2020", "revenue": 5504600000, "earnings": -316000000}]}, "financialCurrency": "INR"}, "financialData": {"maxAge": 86400, "currentPrice": 137.9, "targetHighPrice": 510.0, "targetLowPrice": 510.0, "targetMeanPrice": 510.0, "targetMedianPrice": 510.0, "recommendationMean": 1.5, "recommendationKey": "strong_buy", "numberOfAnalystOpinions": 1, "totalCash": 83100000, "totalCashPerShare": 1.202, "ebitda": 3081095680, "totalDebt": 17699100672, "totalRevenue": 25450227712, "debtToEquity": 107.922, "revenuePerShare": 367.736, "grossProfits": 11287016000, "revenueGrowth": -0.346, "grossMargins": 0.3145, "ebitdaMargins": 0.12106, "operatingMargins": 0.032899998, "profitMargins": -0.02331, "financialCurrency": "INR"}}}