{"TNSTLTU.BO": {"cashflowStatementHistory": {"cashflowStatements": [{"maxAge": 1, "endDate": "2020-03-31", "netIncome": -24620391, "depreciation": 3314970, "changeToNetincome": -2285556, "changeToAccountReceivables": 12318257, "changeToLiabilities": 1742494, "changeToInventory": 8856322, "changeToOperatingActivities": -2450712, "totalCashFromOperatingActivities": -3124616, "capitalExpenditures": -69850, "otherCashflowsFromInvestingActivities": 25653610, "totalCashflowsFromInvestingActivities": 26132147, "netBorrowings": -42221694, "otherCashflowsFromFinancingActivities": 1446892, "totalCashFromFinancingActivities": -40774802, "changeInCash": -17767270}, {"maxAge": 1, "endDate": "2019-03-31", "netIncome": 913155, "depreciation": 3347224, "changeToNetincome": 4777489, "changeToAccountReceivables": 44420291, "changeToLiabilities": -44133286, "changeToInventory": 5694416, "changeToOperatingActivities": -10888452, "totalCashFromOperatingActivities": 4130837, "capitalExpenditures": -1482226, "otherCashflowsFromInvestingActivities": 779158, "totalCashflowsFromInvestingActivities": -274016, "netBorrowings": 23031075, "otherCashflowsFromFinancingActivities": -6414435, "totalCashFromFinancingActivities": 16616640, "changeInCash": 20473461}, {"maxAge": 1, "endDate": "2018-03-31", "netIncome": 6993420, "depreciation": 3369671, "changeToNetincome": 4694195, "changeToAccountReceivables": -8160784, "changeToLiabilities": 2350090, "changeToInventory": -6813262, "changeToOperatingActivities": 4272970, "totalCashFromOperatingActivities": 6706300, "capitalExpenditures": -4392627, "otherCashflowsFromInvestingActivities": 79749570, "totalCashflowsFromInvestingActivities": 75891866, "netBorrowings": -65410001, "otherCashflowsFromFinancingActivities": -4736160, "totalCashFromFinancingActivities": -70146161, "changeInCash": 12452005}, {"maxAge": 1, "endDate": "2017-03-31", "netIncome": 11765890, "depreciation": 3003320, "changeToNetincome": 2839350, "changeToAccountReceivables": -35139980, "changeToLiabilities": 34406710, "changeToInventory": -8177080, "changeToOperatingActivities": -1498220, "totalCashFromOperatingActivities": 7199990, "capitalExpenditures": -9056760, "otherCashflowsFromInvestingActivities": 1301190, "totalCashflowsFromInvestingActivities": -6579950, "netBorrowings": -84160, "otherCashflowsFromFinancingActivities": -5625970, "totalCashFromFinancingActivities": -5710130, "changeInCash": -5090090}], "maxAge": 86400}, "institutionOwnership": {"ownershipList": [], "maxAge": 1}, "balanceSheetHistoryQuarterly": {"balanceSheetStatements": [{"maxAge": 1, "endDate": "2020-06-30", "totalStockholderEquity": 88791000, "netTangibleAssets": 88791000}, {"maxAge": 1, "endDate": "2020-03-31", "cash": 18381843, "netReceivables": 126423997, "inventory": 87636366, "otherCurrentAssets": 2600545, "totalCurrentAssets": 235042751, "propertyPlantEquipment": 19079963, "otherAssets": 7101296, "totalAssets": 261224010, "accountsPayable": 3313212, "shortLongTermDebt": 610770, "otherCurrentLiab": 26428453, "longTermDebt": 790478, "otherLiab": 132373888, "totalCurrentLiabilities": 39268399, "totalLiab": 172432765, "commonStock": 51248000, "retainedEarnings": 34365357, "treasuryStock": 3177888, "otherStockholderEquity": 3177888, "totalStockholderEquity": 88791245, "netTangibleAssets": 88791245}, {"maxAge": 1, "endDate": "2019-12-31", "totalStockholderEquity": 98508000, "netTangibleAssets": 98508000}, {"maxAge": 1, "endDate": "2019-09-30", "cash": 39812000, "shortTermInvestments": 10221000, "netReceivables": 109681000, "inventory": 93630000, "otherCurrentAssets": 3059000, "totalCurrentAssets": 256403000, "propertyPlantEquipment": 20706000, "otherAssets": 6851000, "totalAssets": 283960000, "accountsPayable": 1693000, "shortLongTermDebt": 3332000, "otherCurrentLiab": 30736000, "longTermDebt": 697000, "otherLiab": 148994000, "totalCurrentLiabilities": 35761000, "totalLiab": 185452000, "commonStock": 51248000, "treasuryStock": 47260000, "otherStockholderEquity": 47260000, "totalStockholderEquity": 98508000, "netTangibleAssets": 98508000}], "maxAge": 86400}, "indexTrend": {"maxAge": 1, "symbol": "SP5", "peRatio": 19.7411, "pegRatio": 1.34172, "estimates": [{"period": "0q", "growth": 0.549}, {"period": "+1q", "growth": 0.431}, {"period": "0y", "growth": 0.305}, {"period": "+1y", "growth": 0.109}, {"period": "+5y", "growth": 0.120859005}, {"period": "-5y"}]}, "quoteType": {"exchange": "BSE", "quoteType": "EQUITY", "symbol": "TNSTLTU.BO", "underlyingSymbol": "TNSTLTU.BO", "shortName": "TAMILNADU STEEL TUBES LTD.", "longName": "Tamilnadu Steel Tubes Limited", "firstTradeDateEpochUtc": "2010-04-06 09:15:00", "timeZoneFullName": "Asia/Kolkata", "timeZoneShortName": "IST", "uuid": "0e31320b-63a1-3e2f-be31-dab820e941f6", "gmtOffSetMilliseconds": 19800000, "maxAge": 1}, "incomeStatementHistory": {"incomeStatementHistory": [{"maxAge": 1, "endDate": "2020-03-31", "totalRevenue": 508578923, "costOfRevenue": 455530486, "grossProfit": 53048437, "researchDevelopment": {}, "sellingGeneralAdministrative": 47638139, "nonRecurring": {}, "otherOperatingExpenses": 28489245, "totalOperatingExpenses": 534972840, "operatingIncome": -26393917, "totalOtherIncomeExpenseNet": 1620025, "ebit": -26393917, "interestExpense": -457659, "incomeBeforeTax": -24773892, "incomeTaxExpense": -153501, "minorityInterest": {}, "netIncomeFromContinuingOps": -24620391, "discontinuedOperations": {}, "extraordinaryItems": {}, "effectOfAccountingCharges": {}, "otherItems": {}, "netIncome": -24620391, "netIncomeApplicableToCommonShares": -24620391}, {"maxAge": 1, "endDate": "2019-03-31", "totalRevenue": 813741293, "costOfRevenue": 726861825, "grossProfit": 86879468, "researchDevelopment": {}, "sellingGeneralAdministrative": 45596427, "nonRecurring": {}, "otherOperatingExpenses": 31501439, "totalOperatingExpenses": 807306915, "operatingIncome": 6434378, "totalOtherIncomeExpenseNet": -6122891, "ebit": 6434378, "interestExpense": -6818737, "incomeBeforeTax": 311487, "incomeTaxExpense": -601668, "minorityInterest": {}, "netIncomeFromContinuingOps": 913155, "discontinuedOperations": {}, "extraordinaryItems": {}, "effectOfAccountingCharges": {}, "otherItems": {}, "netIncome": 913155, "netIncomeApplicableToCommonShares": 913155}, {"maxAge": 1, "endDate": "2018-03-31", "totalRevenue": 906261135, "costOfRevenue": 797521057, "grossProfit": 108740078, "researchDevelopment": {}, "sellingGeneralAdministrative": 52303590, "nonRecurring": {}, "otherOperatingExpenses": 37537793, "totalOperatingExpenses": 890732111, "operatingIncome": 15529024, "totalOtherIncomeExpenseNet": -4829107, "ebit": 15529024, "interestExpense": -4868153, "incomeBeforeTax": 10699917, "incomeTaxExpense": 3706497, "minorityInterest": {}, "netIncomeFromContinuingOps": 6993420, "discontinuedOperations": {}, "extraordinaryItems": {}, "effectOfAccountingCharges": {}, "otherItems": {}, "netIncome": 6993420, "netIncomeApplicableToCommonShares": 6993420}, {"maxAge": 1, "endDate": "2017-03-31", "totalRevenue": 805161020, "costOfRevenue": 702684980, "grossProfit": 102476040, "researchDevelopment": {}, "sellingGeneralAdministrative": 40135300, "nonRecurring": {}, "otherOperatingExpenses": 35452410, "totalOperatingExpenses": 781276010, "operatingIncome": 23885010, "totalOtherIncomeExpenseNet": -5514870, "ebit": 23885010, "interestExpense": -5781720, "incomeBeforeTax": 18370140, "incomeTaxExpense": 6604250, "minorityInterest": {}, "netIncomeFromContinuingOps": 11765890, "discontinuedOperations": {}, "extraordinaryItems": {}, "effectOfAccountingCharges": {}, "otherItems": {}, "netIncome": 11765890, "netIncomeApplicableToCommonShares": 11765890}], "maxAge": 86400}, "fundOwnership": {"ownershipList": [], "maxAge": 1}, "summaryDetail": {"maxAge": 1, "priceHint": 2, "previousClose": 10.87, "open": 10.87, "dayLow": 10.87, "dayHigh": 10.87, "regularMarketPreviousClose": 10.87, "regularMarketOpen": 10.87, "regularMarketDayLow": 10.87, "regularMarketDayHigh": 10.87, "volume": 100, "regularMarketVolume": 100, "averageVolume": 24, "averageVolume10days": 40, "averageDailyVolume10Day": 40, "bid": 10.52, "ask": 11.41, "marketCap": 55706576, "fiftyTwoWeekLow": 10.87, "fiftyTwoWeekHigh": 26.6, "fiftyDayAverage": 20.348787, "twoHundredDayAverage": 23.695662, "currency": "INR", "fromCurrency": null, "lastMarket": null, "algorithm": null, "tradeable": false}, "incomeStatementHistoryQuarterly": {"incomeStatementHistory": [{"maxAge": 1, "endDate": "2020-06-30", "totalRevenue": 82469000, "costOfRevenue": 68388000, "grossProfit": 14081000, "researchDevelopment": {}, "sellingGeneralAdministrative": 8255000, "nonRecurring": {}, "otherOperatingExpenses": 4004000, "totalOperatingExpenses": 81428000, "operatingIncome": 1041000, "totalOtherIncomeExpenseNet": 111000, "ebit": 1041000, "interestExpense": -21000, "incomeBeforeTax": 1152000, "incomeTaxExpense": 0, "minorityInterest": {}, "netIncomeFromContinuingOps": 1152000, "discontinuedOperations": {}, "extraordinaryItems": {}, "effectOfAccountingCharges": {}, "otherItems": {}, "netIncome": 1152000, "netIncomeApplicableToCommonShares": 1152000}, {"maxAge": 1, "endDate": "2020-03-31", "totalRevenue": 120425923, "costOfRevenue": 105225486, "grossProfit": 15200437, "researchDevelopment": {}, "sellingGeneralAdministrative": 24271139, "nonRecurring": {}, "otherOperatingExpenses": -6591755, "totalOperatingExpenses": 123736840, "operatingIncome": -3310917, "totalOtherIncomeExpenseNet": 727025, "ebit": -3310917, "interestExpense": -248659, "incomeBeforeTax": -2583892, "incomeTaxExpense": -153501, "minorityInterest": {}, "netIncomeFromContinuingOps": -2430391, "discontinuedOperations": {}, "extraordinaryItems": {}, "effectOfAccountingCharges": {}, "otherItems": {}, "netIncome": -2430391, "netIncomeApplicableToCommonShares": -2430391}, {"maxAge": 1, "endDate": "2019-12-31", "totalRevenue": 121127000, "costOfRevenue": 107393000, "grossProfit": 13734000, "researchDevelopment": {}, "sellingGeneralAdministrative": 8822000, "nonRecurring": {}, "otherOperatingExpenses": 11786000, "totalOperatingExpenses": 128828000, "operatingIncome": -7701000, "totalOtherIncomeExpenseNet": 415000, "ebit": -7701000, "interestExpense": -54000, "incomeBeforeTax": -7286000, "incomeTaxExpense": 0, "minorityInterest": {}, "netIncomeFromContinuingOps": -7286000, "discontinuedOperations": {}, "extraordinaryItems": {}, "effectOfAccountingCharges": {}, "otherItems": {}, "netIncome": -7286000, "netIncomeApplicableToCommonShares": -7286000}, {"maxAge": 1, "endDate": "2019-09-30", "totalRevenue": 124396000, "costOfRevenue": 112058000, "grossProfit": 12338000, "researchDevelopment": {}, "sellingGeneralAdministrative": 7167000, "nonRecurring": {}, "otherOperatingExpenses": 13128000, "totalOperatingExpenses": 133181000, "operatingIncome": -8785000, "totalOtherIncomeExpenseNet": 60000, "ebit": -8785000, "interestExpense": -66000, "incomeBeforeTax": -8725000, "incomeTaxExpense": 0, "minorityInterest": {}, "netIncomeFromContinuingOps": -8725000, "discontinuedOperations": {}, "extraordinaryItems": {}, "effectOfAccountingCharges": {}, "otherItems": {}, "netIncome": -8725000, "netIncomeApplicableToCommonShares": -8725000}], "maxAge": 86400}, "cashflowStatementHistoryQuarterly": {"cashflowStatements": [{"maxAge": 1, "endDate": "2020-06-30", "netIncome": 1152000, "changeToLiabilities": 0}, {"maxAge": 1, "endDate": "2020-03-31", "netIncome": -2430391, "changeToLiabilities": 0}, {"maxAge": 1, "endDate": "2019-12-31", "netIncome": -7286000, "changeToLiabilities": 0}, {"maxAge": 1, "endDate": "2019-09-30", "netIncome": -8725000, "changeToLiabilities": 0}], "maxAge": 86400}, "insiderHolders": {"holders": [], "maxAge": 1}, "calendarEvents": {"maxAge": 1, "earnings": {"earningsDate": []}}, "upgradeDowngradeHistory": {"history": [], "maxAge": 86400}, "price": {"maxAge": 1, "regularMarketChangePercent": 0.0, "regularMarketChange": 0.0, "regularMarketTime": "2021-04-30 14:18:30", "priceHint": 2, "regularMarketPrice": 10.87, "regularMarketDayHigh": 10.87, "regularMarketDayLow": 10.87, "regularMarketVolume": 100, "averageDailyVolume10Day": 40, "averageDailyVolume3Month": 24, "regularMarketPreviousClose": 10.87, "regularMarketSource": "FREE_REALTIME", "regularMarketOpen": 10.87, "exchange": "BSE", "exchangeName": "BSE", "exchangeDataDelayedBy": 0, "marketState": "CLOSED", "quoteType": "EQUITY", "symbol": "TNSTLTU.BO", "underlyingSymbol": null, "shortName": "TAMILNADU STEEL TUBES LTD.", "longName": "Tamilnadu Steel Tubes Limited", "currency": "INR", "quoteSourceName": "Delayed Quote", "currencySymbol": "\u20b9", "fromCurrency": null, "lastMarket": null, "marketCap": 55706576}, "balanceSheetHistory": {"balanceSheetStatements": [{"maxAge": 1, "endDate": "2020-03-31", "cash": 18381843, "netReceivables": 126423997, "inventory": 87636366, "otherCurrentAssets": 2600545, "totalCurrentAssets": 235042751, "propertyPlantEquipment": 19079963, "otherAssets": 7101296, "totalAssets": 261224010, "accountsPayable": 3313212, "shortLongTermDebt": 610770, "otherCurrentLiab": 26428453, "longTermDebt": 790478, "otherLiab": 132373888, "totalCurrentLiabilities": 39268399, "totalLiab": 172432765, "commonStock": 51248000, "retainedEarnings": 34365357, "treasuryStock": 3177888, "otherStockholderEquity": 3177888, "totalStockholderEquity": 88791245, "netTangibleAssets": 88791245}, {"maxAge": 1, "endDate": "2019-03-31", "cash": 36149113, "netReceivables": 138003102, "inventory": 99910503, "otherCurrentAssets": 2019718, "totalCurrentAssets": 276082436, "propertyPlantEquipment": 22873470, "otherAssets": 7006391, "totalAssets": 305962297, "accountsPayable": 1570718, "shortLongTermDebt": 2649809, "otherCurrentLiab": 27001635, "longTermDebt": 1161941, "otherLiab": 109231164, "totalCurrentLiabilities": 82157557, "totalLiab": 192550662, "commonStock": 51248000, "retainedEarnings": 58985747, "treasuryStock": 3177888, "otherStockholderEquity": 3177888, "totalStockholderEquity": 113411635, "netTangibleAssets": 113411635}, {"maxAge": 1, "endDate": "2018-03-31", "cash": 15675652, "netReceivables": 182510139, "inventory": 101369159, "otherCurrentAssets": 2062013, "totalCurrentAssets": 301616963, "propertyPlantEquipment": 25167521, "otherAssets": 10514644, "totalAssets": 337299128, "accountsPayable": 45704004, "shortLongTermDebt": 2991492, "otherCurrentLiab": 35175069, "longTermDebt": 2534890, "otherLiab": 110266294, "totalCurrentLiabilities": 111999464, "totalLiab": 224800648, "commonStock": 51248000, "retainedEarnings": 58072592, "treasuryStock": 3177888, "otherStockholderEquity": 3177888, "totalStockholderEquity": 112498480, "netTangibleAssets": 112498480}, {"maxAge": 1, "endDate": "2017-03-31", "cash": 3223650, "netReceivables": 175646650, "inventory": 95752850, "otherCurrentAssets": 2408640, "totalCurrentAssets": 277031790, "propertyPlantEquipment": 24679490, "otherAssets": 9730930, "totalAssets": 311442210, "accountsPayable": 43353910, "shortLongTermDebt": 1137310, "otherCurrentLiab": 36920100, "longTermDebt": 1134310, "otherLiab": 30709930, "totalCurrentLiabilities": 174092910, "totalLiab": 205937150, "commonStock": 51248000, "retainedEarnings": 53136220, "treasuryStock": 1120840, "otherStockholderEquity": 1120840, "totalStockholderEquity": 105505060, "netTangibleAssets": 105505060}], "maxAge": 86400}, "financialData": {"maxAge": 86400, "currentPrice": 10.87, "recommendationKey": "none", "grossProfits": 53048437, "financialCurrency": "INR"}}}