{"TOKYOPLAST.BO": {"cashflowStatementHistory": {"cashflowStatements": [{"maxAge": 1, "endDate": "2020-03-31", "netIncome": 7110000, "changeToLiabilities": 0}, {"maxAge": 1, "endDate": "2019-03-31", "netIncome": -41371578, "depreciation": 24242378, "changeToNetincome": 16961794, "changeToAccountReceivables": 16955883, "changeToLiabilities": 9732346, "changeToInventory": -67491663, "changeToOperatingActivities": 65375487, "totalCashFromOperatingActivities": 24404647, "capitalExpenditures": -34840985, "investments": 7840000, "otherCashflowsFromInvestingActivities": 870412, "totalCashflowsFromInvestingActivities": -25759353, "netBorrowings": 47801041, "otherCashflowsFromFinancingActivities": -6693128, "totalCashFromFinancingActivities": 41107913, "changeInCash": 39753207}, {"maxAge": 1, "endDate": "2018-03-31", "netIncome": 40194280, "depreciation": 25378373, "changeToNetincome": 7616741, "changeToAccountReceivables": -6369150, "changeToLiabilities": -12791238, "changeToInventory": -10147037, "changeToOperatingActivities": -8110096, "totalCashFromOperatingActivities": 35771873, "capitalExpenditures": -9164631, "investments": 7840000, "otherCashflowsFromInvestingActivities": 4356793, "totalCashflowsFromInvestingActivities": -4807838, "dividendsPaid": -4750700, "netBorrowings": -10950611, "otherCashflowsFromFinancingActivities": -12889890, "totalCashFromFinancingActivities": -28591201, "changeInCash": 2372834}, {"maxAge": 1, "endDate": "2017-03-31", "netIncome": 73913018, "depreciation": 24536812, "changeToNetincome": 12149556, "changeToAccountReceivables": -91977864, "changeToLiabilities": 13852068, "changeToInventory": 24034629, "changeToOperatingActivities": -3677247, "totalCashFromOperatingActivities": 52830972, "capitalExpenditures": -49753443, "investments": 7840000, "otherCashflowsFromInvestingActivities": 4302915, "totalCashflowsFromInvestingActivities": -45342933, "dividendsPaid": -4750700, "netBorrowings": -10969158, "otherCashflowsFromFinancingActivities": -14733780, "totalCashFromFinancingActivities": -25702938, "changeInCash": -18214899}], "maxAge": 86400}, "institutionOwnership": {"ownershipList": [], "maxAge": 1}, "balanceSheetHistoryQuarterly": {"balanceSheetStatements": [{"maxAge": 1, "endDate": "2020-06-30", "totalStockholderEquity": 568445000, "netTangibleAssets": 568445000}, {"maxAge": 1, "endDate": "2020-03-31", "cash": 35774000, "shortTermInvestments": 14109000, "netReceivables": 177665000, "inventory": 208395000, "otherCurrentAssets": 133403000, "totalCurrentAssets": 569346000, "longTermInvestments": 1095000, "propertyPlantEquipment": 153395000, "otherAssets": 84361000, "deferredLongTermAssetCharges": 20404000, "totalAssets": 808197000, "accountsPayable": 31028000, "otherCurrentLiab": 44571000, "longTermDebt": 739000, "otherLiab": 37636000, "totalCurrentLiabilities": 199592000, "totalLiab": 239752000, "commonStock": 95014000, "treasuryStock": 473431000, "otherStockholderEquity": 473431000, "totalStockholderEquity": 568445000, "netTangibleAssets": 568445000}, {"maxAge": 1, "endDate": "2019-12-31", "totalStockholderEquity": 567000000, "netTangibleAssets": 567000000}, {"maxAge": 1, "endDate": "2019-09-30", "cash": 25483000, "shortTermInvestments": 68892000, "netReceivables": 209603000, "inventory": 167537000, "otherCurrentAssets": 147480000, "totalCurrentAssets": 618995000, "longTermInvestments": 1095000, "propertyPlantEquipment": 159268000, "otherAssets": 98509000, "deferredLongTermAssetCharges": 13063000, "totalAssets": 877867000, "accountsPayable": 62239000, "otherCurrentLiab": 42832000, "longTermDebt": 952000, "otherLiab": 34614000, "totalCurrentLiabilities": 272276000, "totalLiab": 310867000, "commonStock": 95014000, "treasuryStock": 471986000, "otherStockholderEquity": 471986000, "totalStockholderEquity": 567000000, "netTangibleAssets": 567000000}], "maxAge": 86400}, "indexTrend": {"maxAge": 1, "symbol": "SP5", "peRatio": 19.7411, "pegRatio": 1.34172, "estimates": [{"period": "0q", "growth": 0.549}, {"period": "+1q", "growth": 0.431}, {"period": "0y", "growth": 0.305}, {"period": "+1y", "growth": 0.109}, {"period": "+5y", "growth": 0.120865}, {"period": "-5y"}]}, "insiderTransactions": {"transactions": [{"maxAge": 1, "shares": 22354, "value": 18705, "filerUrl": "", "transactionText": "Acquisition at price 0.84 per share.", "filerName": "Shah (Priti Haresh)", "filerRelation": "Promoter", "moneyText": "", "startDate": "2020-11-10", "ownership": "D"}, {"maxAge": 1, "shares": 16857, "value": 13928, "filerUrl": "", "transactionText": "Acquisition at price 0.83 per share.", "filerName": "Shah (Dharmil Haresh)", "filerRelation": "Promoter", "moneyText": "", "startDate": "2020-11-10", "ownership": "D"}, {"maxAge": 1, "shares": 34152, "value": 27854, "filerUrl": "", "transactionText": "Acquisition at price 0.82 per share.", "filerName": "Shah (Priti Haresh)", "filerRelation": "Promoter", "moneyText": "", "startDate": "2020-11-06", "ownership": "D"}, {"maxAge": 1, "shares": 0, "filerUrl": "", "transactionText": "", "filerName": "Shah (Priti Haresh)", "filerRelation": "Promoter", "moneyText": "", "startDate": "2020-11-06", "ownership": "I"}, {"maxAge": 1, "shares": 0, "filerUrl": "", "transactionText": "", "filerName": "Shah (Dharmil Haresh)", "filerRelation": "Promoter", "moneyText": "", "startDate": "2020-11-06", "ownership": "I"}, {"maxAge": 1, "shares": 87996, "value": 70889, "filerUrl": "", "transactionText": "Acquisition at price 0.81 per share.", "filerName": "Shah (Dharmil Haresh)", "filerRelation": "Promoter", "moneyText": "", "startDate": "2020-11-06", "ownership": "D"}, {"maxAge": 1, "shares": 56830, "value": 46969, "filerUrl": "", "transactionText": "Sale at price 0.83 per share.", "filerName": "Shah (Bharat Malshibhai)", "filerRelation": "Promoter", "moneyText": "", "startDate": "2020-09-30", "ownership": "D"}, {"maxAge": 1, "shares": 2032955, "value": 1679017, "filerUrl": "", "transactionText": "Acquisition at price 0.83 per share.", "filerName": "Shah (Priyaj Haresh)", "filerRelation": "Promoter", "moneyText": "", "startDate": "2020-09-30", "ownership": "D"}, {"maxAge": 1, "shares": 2063273, "value": 1725102, "filerUrl": "", "transactionText": "Acquisition at price 0.84 per share.", "filerName": "Shah (Priyaj Haresh)", "filerRelation": "Promoter", "moneyText": "", "startDate": "2020-09-30", "ownership": "D"}, {"maxAge": 1, "shares": 24316, "value": 20082, "filerUrl": "", "transactionText": "Acquisition at price 0.83 per share.", "filerName": "Shah (Priti Haresh)", "filerRelation": "Promoter", "moneyText": "", "startDate": "2020-09-30", "ownership": "D"}, {"maxAge": 1, "shares": 24770, "value": 21294, "filerUrl": "", "transactionText": "Acquisition at price 0.86 per share.", "filerName": "Shah (Priyaj Haresh)", "filerRelation": "Promoter", "moneyText": "", "startDate": "2020-09-29", "ownership": "D"}, {"maxAge": 1, "shares": 18445, "value": 15001, "filerUrl": "", "transactionText": "Acquisition at price 0.81 per share.", "filerName": "Shah (Priti Haresh)", "filerRelation": "Promoter", "moneyText": "", "startDate": "2020-09-25", "ownership": "D"}, {"maxAge": 1, "shares": 16950, "value": 15787, "filerUrl": "", "transactionText": "Acquisition at price 0.93 per share.", "filerName": "Shah (Priti Haresh)", "filerRelation": "Promoter", "moneyText": "", "startDate": "2020-09-16", "ownership": "D"}, {"maxAge": 1, "shares": 14927, "filerUrl": "", "transactionText": "", "filerName": "Shah (Priti Haresh)", "filerRelation": "Promoter", "moneyText": "", "startDate": "2019-11-26", "ownership": "D"}, {"maxAge": 1, "shares": 21752, "filerUrl": "", "transactionText": "", "filerName": "Shah (Priyaj Haresh)", "filerRelation": "Promoter", "moneyText": "", "startDate": "2019-11-26", "ownership": "D"}, {"maxAge": 1, "shares": 15923, "filerUrl": "", "transactionText": "", "filerName": "Shah (Priti Haresh)", "filerRelation": "Promoter", "moneyText": "", "startDate": "2019-11-20", "ownership": "D"}, {"maxAge": 1, "shares": 26420, "filerUrl": "", "transactionText": "", "filerName": "Shah (Priyaj Haresh)", "filerRelation": "Promoter", "moneyText": "", "startDate": "2019-11-13", "ownership": "D"}, {"maxAge": 1, "shares": 19500, "filerUrl": "", "transactionText": "", "filerName": "Shah (Priti Haresh)", "filerRelation": "Promoter", "moneyText": "", "startDate": "2019-11-13", "ownership": "D"}, {"maxAge": 1, "shares": 14158, "filerUrl": "", "transactionText": "", "filerName": "Shah (Priyaj Haresh)", "filerRelation": "Promoter", "moneyText": "", "startDate": "2019-11-08", "ownership": "D"}, {"maxAge": 1, "shares": 15666, "filerUrl": "", "transactionText": "", "filerName": "Shah (Priyaj Haresh)", "filerRelation": "Promoter", "moneyText": "", "startDate": "2019-11-06", "ownership": "D"}, {"maxAge": 1, "shares": 23134, "filerUrl": "", "transactionText": "", "filerName": "Shah (Priyaj Haresh)", "filerRelation": "Promoter", "moneyText": "", "startDate": "2019-11-04", "ownership": "D"}, {"maxAge": 1, "shares": 56071, "filerUrl": "", "transactionText": "", "filerName": "Shah (Priyaj Haresh)", "filerRelation": "Promoter", "moneyText": "", "startDate": "2019-10-31", "ownership": "D"}, {"maxAge": 1, "shares": 22616, "filerUrl": "", "transactionText": "", "filerName": "Shah (Dharmil Haresh)", "filerRelation": "Promoter", "moneyText": "", "startDate": "2019-09-06", "ownership": "D"}, {"maxAge": 1, "shares": 20374, "filerUrl": "", "transactionText": "", "filerName": "Shah (Dharmil Haresh)", "filerRelation": "Promoter", "moneyText": "", "startDate": "2019-08-22", "ownership": "D"}, {"maxAge": 1, "shares": 20302, "filerUrl": "", "transactionText": "", "filerName": "Shah (Dharmil Haresh)", "filerRelation": "Promoter", "moneyText": "", "startDate": "2019-08-13", "ownership": "D"}, {"maxAge": 1, "shares": 32265, "filerUrl": "", "transactionText": "", "filerName": "Shah (Dharmil Haresh)", "filerRelation": "Promoter", "moneyText": "", "startDate": "2019-07-26", "ownership": "D"}, {"maxAge": 1, "shares": 27403, "filerUrl": "", "transactionText": "", "filerName": "Shah (Dharmil Haresh)", "filerRelation": "Promoter", "moneyText": "", "startDate": "2019-06-28", "ownership": "D"}, {"maxAge": 1, "shares": 23043, "filerUrl": "", "transactionText": "", "filerName": "Shah (Priyaj Haresh)", "filerRelation": "Promoter", "moneyText": "", "startDate": "2019-06-18", "ownership": "D"}, {"maxAge": 1, "shares": 16991, "filerUrl": "", "transactionText": "", "filerName": "Shah (Dharmil Haresh)", "filerRelation": "Promoter", "moneyText": "", "startDate": "2019-06-13", "ownership": "D"}, {"maxAge": 1, "shares": 7216, "filerUrl": "", "transactionText": "", "filerName": "Shah (Priyaj Haresh)", "filerRelation": "Promoter", "moneyText": "", "startDate": "2019-06-13", "ownership": "D"}, {"maxAge": 1, "shares": 26231, "filerUrl": "", "transactionText": "", "filerName": "Shah (Priyaj Haresh)", "filerRelation": "Promoter", "moneyText": "", "startDate": "2019-06-11", "ownership": "D"}, {"maxAge": 1, "shares": 25079, "filerUrl": "", "transactionText": "", "filerName": "Shah (Priyaj Haresh)", "filerRelation": "Promoter", "moneyText": "", "startDate": "2019-06-04", "ownership": "D"}, {"maxAge": 1, "shares": 53028, "filerUrl": "", "transactionText": "", "filerName": "Shah (Dharmil Haresh)", "filerRelation": "Promoter", "moneyText": "", "startDate": "2019-03-29", "ownership": "D"}, {"maxAge": 1, "shares": 90025, "filerUrl": "", "transactionText": "", "filerName": "Shah (Priti Haresh)", "filerRelation": "Promoter", "moneyText": "", "startDate": "2019-03-29", "ownership": "D"}, {"maxAge": 1, "shares": 25351, "filerUrl": "", "transactionText": "", "filerName": "Shah (Dharmil Haresh)", "filerRelation": "Promoter", "moneyText": "", "startDate": "2019-03-25", "ownership": "D"}, {"maxAge": 1, "shares": 33066, "filerUrl": "", "transactionText": "", "filerName": "Shah (Priyaj Haresh)", "filerRelation": "Promoter", "moneyText": "", "startDate": "2019-03-24", "ownership": "D"}, {"maxAge": 1, "shares": 20162, "filerUrl": "", "transactionText": "", "filerName": "Shah (Priyaj Haresh)", "filerRelation": "Promoter", "moneyText": "", "startDate": "2019-03-12", "ownership": "D"}, {"maxAge": 1, "shares": 32649, "filerUrl": "", "transactionText": "", "filerName": "Shah (Priyaj Haresh)", "filerRelation": "Promoter", "moneyText": "", "startDate": "2019-03-05", "ownership": "D"}, {"maxAge": 1, "shares": 36845, "filerUrl": "", "transactionText": "", "filerName": "Shah (Priyaj Haresh)", "filerRelation": "Promoter", "moneyText": "", "startDate": "2019-02-27", "ownership": "D"}, {"maxAge": 1, "shares": 52159, "filerUrl": "", "transactionText": "", "filerName": "Shah (Dharmil Haresh)", "filerRelation": "Promoter", "moneyText": "", "startDate": "2019-02-25", "ownership": "D"}, {"maxAge": 1, "shares": 51553, "filerUrl": "", "transactionText": "", "filerName": "Shah (Dharmil Haresh)", "filerRelation": "Promoter", "moneyText": "", "startDate": "2019-02-12", "ownership": "D"}, {"maxAge": 1, "shares": 4068000, "filerUrl": "", "transactionText": "", "filerName": "Shah (Haresh V)", "filerRelation": "Promoter", "moneyText": "", "startDate": "2018-12-14", "ownership": "D"}, {"maxAge": 1, "shares": 2034000, "filerUrl": "", "transactionText": "", "filerName": "Shah (Priyaj Haresh)", "filerRelation": "UNREPORTED", "moneyText": "", "startDate": "2018-12-14", "ownership": "D"}, {"maxAge": 1, "shares": 2034000, "filerUrl": "", "transactionText": "", "filerName": "Shah (Dharmil Haresh)", "filerRelation": "UNREPORTED", "moneyText": "", "startDate": "2018-12-14", "ownership": "D"}, {"maxAge": 1, "shares": 53933, "filerUrl": "", "transactionText": "", "filerName": "Shah (Priyaj Haresh)", "filerRelation": "UNREPORTED", "moneyText": "", "startDate": "2018-11-28", "ownership": "D"}, {"maxAge": 1, "shares": 477200, "filerUrl": "", "transactionText": "", "filerName": "Tokyo Finance, Ltd.", "filerRelation": "Promoter", "moneyText": "", "startDate": "2018-10-29", "ownership": "D"}, {"maxAge": 1, "shares": 477200, "filerUrl": "", "transactionText": "", "filerName": "Shah (Haresh V)", "filerRelation": "Promoter", "moneyText": "", "startDate": "2018-10-29", "ownership": "D"}, {"maxAge": 1, "shares": 2555850, "filerUrl": "", "transactionText": "", "filerName": "Shah (Velji L.)", "filerRelation": "Promoter", "moneyText": "", "startDate": "2018-08-30", "ownership": "D"}, {"maxAge": 1, "shares": 937550, "filerUrl": "", "transactionText": "", "filerName": "Shah (Malshi Lakhadir)", "filerRelation": "Promoter", "moneyText": "", "startDate": "2018-08-30", "ownership": "D"}, {"maxAge": 1, "shares": 3493400, "filerUrl": "", "transactionText": "", "filerName": "Shah (Haresh V)", "filerRelation": "Promoter", "moneyText": "", "startDate": "2018-08-30", "ownership": "D"}], "maxAge": 1}, "quoteType": {"exchange": "BSE", "quoteType": "EQUITY", "symbol": "TOKYOPLAST.BO", "underlyingSymbol": "TOKYOPLAST.BO", "shortName": "TOKYO PLAST INTERNATIONAL LTD.", "longName": "Tokyo Plast International Limited", "firstTradeDateEpochUtc": "2001-12-07 09:15:00", "timeZoneFullName": "Asia/Kolkata", "timeZoneShortName": "IST", "uuid": "a32f601f-9cef-34b4-8eee-d109994a6a79", "gmtOffSetMilliseconds": 19800000, "maxAge": 1}, "incomeStatementHistory": {"incomeStatementHistory": [{"maxAge": 1, "endDate": "2020-03-31", "totalRevenue": 608489000, "costOfRevenue": 302423000, "grossProfit": 306066000, "researchDevelopment": {}, "sellingGeneralAdministrative": 125920000, "nonRecurring": {}, "otherOperatingExpenses": 141903000, "totalOperatingExpenses": 598090000, "operatingIncome": 10399000, "totalOtherIncomeExpenseNet": -10487000, "ebit": 10399000, "interestExpense": -10751000, "incomeBeforeTax": -88000, "incomeTaxExpense": -7198000, "minorityInterest": {}, "netIncomeFromContinuingOps": 7110000, "discontinuedOperations": {}, "extraordinaryItems": {}, "effectOfAccountingCharges": {}, "otherItems": {}, "netIncome": 7110000, "netIncomeApplicableToCommonShares": 7110000}, {"maxAge": 1, "endDate": "2019-03-31", "totalRevenue": 529802220, "costOfRevenue": 301563780, "grossProfit": 228238440, "researchDevelopment": {}, "sellingGeneralAdministrative": 137339953, "nonRecurring": {}, "otherOperatingExpenses": 95126822, "totalOperatingExpenses": 558272933, "operatingIncome": -28470713, "totalOtherIncomeExpenseNet": -8458466, "ebit": -28470713, "interestExpense": -11733566, "incomeBeforeTax": -36929179, "incomeTaxExpense": 4442399, "minorityInterest": {}, "netIncomeFromContinuingOps": -41371578, "discontinuedOperations": {}, "extraordinaryItems": {}, "effectOfAccountingCharges": {}, "otherItems": {}, "netIncome": -41371578, "netIncomeApplicableToCommonShares": -41371578}, {"maxAge": 1, "endDate": "2018-03-31", "totalRevenue": 653530439, "costOfRevenue": 339823868, "grossProfit": 313706571, "researchDevelopment": {}, "sellingGeneralAdministrative": 144765145, "nonRecurring": {}, "otherOperatingExpenses": 99637046, "totalOperatingExpenses": 609604432, "operatingIncome": 43926007, "totalOtherIncomeExpenseNet": 5639671, "ebit": 43926007, "interestExpense": -11912972, "incomeBeforeTax": 49565678, "incomeTaxExpense": 9371398, "minorityInterest": {}, "netIncomeFromContinuingOps": 40194280, "discontinuedOperations": {}, "extraordinaryItems": {}, "effectOfAccountingCharges": {}, "otherItems": {}, "netIncome": 40194280, "netIncomeApplicableToCommonShares": 40194280}, {"maxAge": 1, "endDate": "2017-03-31", "totalRevenue": 721842098, "costOfRevenue": 378583975, "grossProfit": 343258123, "researchDevelopment": {}, "sellingGeneralAdministrative": 126460738, "nonRecurring": {}, "otherOperatingExpenses": 112966636, "totalOperatingExpenses": 642548161, "operatingIncome": 79293937, "totalOtherIncomeExpenseNet": 9763988, "ebit": 79293937, "interestExpense": -14733781, "incomeBeforeTax": 89057925, "incomeTaxExpense": 15144907, "minorityInterest": {}, "netIncomeFromContinuingOps": 73913018, "discontinuedOperations": {}, "extraordinaryItems": {}, "effectOfAccountingCharges": {}, "otherItems": {}, "netIncome": 73913018, "netIncomeApplicableToCommonShares": 73913018}], "maxAge": 86400}, "fundOwnership": {"ownershipList": [], "maxAge": 1}, "summaryDetail": {"maxAge": 1, "priceHint": 2, "previousClose": 71.3, "open": 70.0, "dayLow": 69.0, "dayHigh": 75.85, "regularMarketPreviousClose": 71.3, "regularMarketOpen": 70.0, "regularMarketDayLow": 69.0, "regularMarketDayHigh": 75.85, "trailingPE": 135.80954, "volume": 450, "regularMarketVolume": 450, "averageVolume": 5802, "averageVolume10days": 3225, "averageDailyVolume10Day": 3225, "bid": 71.0, "ask": 72.5, "bidSize": 0, "askSize": 0, "marketCap": 705408000, "fiftyTwoWeekLow": 48.0, "fiftyTwoWeekHigh": 86.5, "fiftyDayAverage": 72.50455, "twoHundredDayAverage": 64.36985, "trailingAnnualDividendRate": 0.5, "trailingAnnualDividendYield": 0.0070126224, "currency": "INR", "fromCurrency": null, "lastMarket": null, "algorithm": null, "tradeable": false}, "incomeStatementHistoryQuarterly": {"incomeStatementHistory": [{"maxAge": 1, "endDate": "2020-06-30", "totalRevenue": 95870000, "costOfRevenue": 48075000, "grossProfit": 47795000, "researchDevelopment": {}, "sellingGeneralAdministrative": 28128000, "nonRecurring": {}, "otherOperatingExpenses": 25997000, "totalOperatingExpenses": 108970000, "operatingIncome": -13100000, "totalOtherIncomeExpenseNet": -2157000, "ebit": -13100000, "interestExpense": -2187000, "incomeBeforeTax": -15257000, "incomeTaxExpense": -461000, "minorityInterest": {}, "netIncomeFromContinuingOps": -14796000, "discontinuedOperations": {}, "extraordinaryItems": {}, "effectOfAccountingCharges": {}, "otherItems": {}, "netIncome": -14796000, "netIncomeApplicableToCommonShares": -14796000}, {"maxAge": 1, "endDate": "2020-03-31", "totalRevenue": 122089000, "costOfRevenue": 48135000, "grossProfit": 73954000, "researchDevelopment": {}, "sellingGeneralAdministrative": 30700000, "nonRecurring": {}, "otherOperatingExpenses": 41827000, "totalOperatingExpenses": 127623000, "operatingIncome": -5534000, "totalOtherIncomeExpenseNet": -4135000, "ebit": -5534000, "interestExpense": -2349000, "incomeBeforeTax": -9669000, "incomeTaxExpense": -8875000, "minorityInterest": {}, "netIncomeFromContinuingOps": -794000, "discontinuedOperations": {}, "extraordinaryItems": {}, "effectOfAccountingCharges": {}, "otherItems": {}, "netIncome": -794000, "netIncomeApplicableToCommonShares": -794000}, {"maxAge": 1, "endDate": "2019-12-31", "totalRevenue": 177171000, "costOfRevenue": 90387000, "grossProfit": 86784000, "researchDevelopment": {}, "sellingGeneralAdministrative": 37656000, "nonRecurring": {}, "otherOperatingExpenses": 36106000, "totalOperatingExpenses": 171156000, "operatingIncome": 6015000, "totalOtherIncomeExpenseNet": -2395000, "ebit": 6015000, "interestExpense": -2860000, "incomeBeforeTax": 3620000, "incomeTaxExpense": 1811000, "minorityInterest": {}, "netIncomeFromContinuingOps": 1809000, "discontinuedOperations": {}, "extraordinaryItems": {}, "effectOfAccountingCharges": {}, "otherItems": {}, "netIncome": 1809000, "netIncomeApplicableToCommonShares": 1809000}, {"maxAge": 1, "endDate": "2019-09-30", "totalRevenue": 194643000, "costOfRevenue": 103660000, "grossProfit": 90983000, "researchDevelopment": {}, "sellingGeneralAdministrative": 29216000, "nonRecurring": {}, "otherOperatingExpenses": 35711000, "totalOperatingExpenses": 175278000, "operatingIncome": 19365000, "totalOtherIncomeExpenseNet": -1141000, "ebit": 19365000, "interestExpense": -2710000, "incomeBeforeTax": 18224000, "incomeTaxExpense": 197000, "minorityInterest": {}, "netIncomeFromContinuingOps": 18027000, "discontinuedOperations": {}, "extraordinaryItems": {}, "effectOfAccountingCharges": {}, "otherItems": {}, "netIncome": 18027000, "netIncomeApplicableToCommonShares": 18027000}], "maxAge": 86400}, "cashflowStatementHistoryQuarterly": {"cashflowStatements": [{"maxAge": 1, "endDate": "2020-06-30", "netIncome": -14796000, "changeToLiabilities": 0}, {"maxAge": 1, "endDate": "2020-03-31", "netIncome": -794000, "changeToLiabilities": 0}, {"maxAge": 1, "endDate": "2019-12-31", "netIncome": 1809000, "changeToLiabilities": 0}, {"maxAge": 1, "endDate": "2019-09-30", "netIncome": 18027000, "changeToLiabilities": 0}], "maxAge": 86400}, "insiderHolders": {"holders": [{"maxAge": 1, "name": "Shah (Bharat Malshibhai)", "relation": "Promoter", "url": "", "transactionDescription": "Sale", "latestTransDate": "2020-09-30", "positionDirect": 8235, "positionDirectDate": "2020-09-30"}, {"maxAge": 1, "name": "Shah (Dharmil Haresh)", "relation": "Promoter", "url": "", "transactionDescription": "Acquisition", "latestTransDate": "2020-11-10", "positionDirect": 2475579, "positionDirectDate": "2020-11-10"}, {"maxAge": 1, "name": "Shah (Haresh V)", "relation": "Promoter", "url": "", "transactionDescription": "Other", "latestTransDate": "2018-12-14", "positionDirect": 0, "positionDirectDate": "2018-12-14"}, {"maxAge": 1, "name": "Shah (Malshi Lakhadir)", "relation": "Promoter", "url": "", "transactionDescription": "Gift", "latestTransDate": "2018-08-30", "positionDirectDate": "2018-08-30"}, {"maxAge": 1, "name": "Shah (Priti Haresh)", "relation": "Promoter", "url": "", "transactionDescription": "Acquisition", "latestTransDate": "2020-11-10", "positionDirect": 497746, "positionDirectDate": "2020-11-10"}, {"maxAge": 1, "name": "Shah (Priyaj Haresh)", "relation": "Promoter", "url": "", "transactionDescription": "Acquisition", "latestTransDate": "2020-09-30", "positionDirect": 441240, "positionDirectDate": "2020-09-30"}, {"maxAge": 1, "name": "Shah (Velji L.)", "relation": "Promoter", "url": "", "transactionDescription": "Gift", "latestTransDate": "2018-08-30", "positionDirectDate": "2018-08-30"}, {"maxAge": 1, "name": "Tokyo Finance, Ltd.", "relation": "Promoter", "url": "", "transactionDescription": "Other", "latestTransDate": "2018-10-29", "positionDirect": 0, "positionDirectDate": "2018-10-29"}], "maxAge": 1}, "calendarEvents": {"maxAge": 1, "earnings": {"earningsDate": []}}, "upgradeDowngradeHistory": {"history": [], "maxAge": 86400}, "price": {"maxAge": 1, "regularMarketChangePercent": 0.0, "regularMarketChange": 0.0, "regularMarketTime": "2021-04-29 15:28:08", "priceHint": 2, "regularMarketPrice": 71.3, "regularMarketDayHigh": 75.85, "regularMarketDayLow": 69.0, "regularMarketVolume": 450, "averageDailyVolume10Day": 3225, "averageDailyVolume3Month": 5802, "regularMarketPreviousClose": 71.3, "regularMarketSource": "FREE_REALTIME", "regularMarketOpen": 70.0, "exchange": "BSE", "exchangeName": "BSE", "exchangeDataDelayedBy": 0, "marketState": "CLOSED", "quoteType": "EQUITY", "symbol": "TOKYOPLAST.BO", "underlyingSymbol": null, "shortName": "TOKYO PLAST INTERNATIONAL LTD.", "longName": "Tokyo Plast International Limited", "currency": "INR", "quoteSourceName": "Delayed Quote", "currencySymbol": "\u20b9", "fromCurrency": null, "lastMarket": null, "marketCap": 705408000}, "balanceSheetHistory": {"balanceSheetStatements": [{"maxAge": 1, "endDate": "2020-03-31", "cash": 35774000, "shortTermInvestments": 14109000, "netReceivables": 177665000, "inventory": 208395000, "otherCurrentAssets": 133403000, "totalCurrentAssets": 569346000, "longTermInvestments": 1095000, "propertyPlantEquipment": 153395000, "otherAssets": 84361000, "deferredLongTermAssetCharges": 20404000, "totalAssets": 808197000, "accountsPayable": 31028000, "otherCurrentLiab": 44571000, "longTermDebt": 739000, "otherLiab": 37636000, "totalCurrentLiabilities": 199592000, "totalLiab": 239752000, "commonStock": 95014000, "treasuryStock": 473431000, "otherStockholderEquity": 473431000, "totalStockholderEquity": 568445000, "netTangibleAssets": 568445000}, {"maxAge": 1, "endDate": "2019-03-31", "cash": 47565748, "netReceivables": 335281256, "inventory": 127257473, "otherCurrentAssets": 84732215, "totalCurrentAssets": 595957129, "longTermInvestments": 200000, "propertyPlantEquipment": 159658514, "otherAssets": 123598701, "deferredLongTermAssetCharges": 13063151, "totalAssets": 879414344, "accountsPayable": 59688180, "shortLongTermDebt": 828820, "otherCurrentLiab": 33316318, "longTermDebt": 1225218, "otherLiab": 31914637, "totalCurrentLiabilities": 285297424, "totalLiab": 318437279, "commonStock": 95014000, "retainedEarnings": 439739507, "treasuryStock": 26223558, "otherStockholderEquity": 26223558, "totalStockholderEquity": 560977065, "netTangibleAssets": 560977065}, {"maxAge": 1, "endDate": "2018-03-31", "cash": 7812541, "netReceivables": 346820712, "inventory": 59765810, "otherCurrentAssets": 89072529, "totalCurrentAssets": 504646064, "longTermInvestments": 11400000, "propertyPlantEquipment": 155683095, "otherAssets": 201625084, "deferredLongTermAssetCharges": 17774716, "totalAssets": 873354243, "accountsPayable": 51119704, "shortLongTermDebt": 645345, "otherCurrentLiab": 46768771, "longTermDebt": 569822, "otherLiab": 27089336, "totalCurrentLiabilities": 243101193, "totalLiab": 270760351, "commonStock": 95014000, "retainedEarnings": 481321917, "treasuryStock": 26257975, "otherStockholderEquity": 26257975, "totalStockholderEquity": 602593892, "netTangibleAssets": 602593892}, {"maxAge": 1, "endDate": "2017-03-31", "cash": 5439707, "netReceivables": 299424281, "inventory": 49618773, "otherCurrentAssets": 93376310, "totalCurrentAssets": 448444850, "longTermInvestments": 11400000, "propertyPlantEquipment": 164634808, "otherAssets": 212524420, "deferredLongTermAssetCharges": 16581896, "totalAssets": 837004078, "accountsPayable": 63162894, "shortLongTermDebt": 600813, "otherCurrentLiab": 27562018, "longTermDebt": 912599, "otherLiab": 22101731, "totalCurrentLiabilities": 247035597, "totalLiab": 270049927, "commonStock": 95014000, "retainedEarnings": 445664972, "treasuryStock": 26275179, "otherStockholderEquity": 26275179, "totalStockholderEquity": 566954151, "netTangibleAssets": 566954151}], "maxAge": 86400}, "financialData": {"maxAge": 86400, "currentPrice": 71.3, "recommendationKey": "none", "grossProfits": 306066000, "financialCurrency": "INR"}}}