{"TORNTPOWER.NS": {"assetProfile": {"address1": "Samanvay", "address2": "600 Tapovan Ambavadi", "city": "Ahmedabad", "zip": "380015", "country": "India", "phone": "91 79 2662 8000", "fax": "91 79 2676 4159", "website": "http://www.torrentpower.com", "industry": "Utilities\u2014Renewable", "sector": "Utilities", "longBusinessSummary": "Torrent Power Limited, an integrated power utility, engages in the generation, transmission, and distribution of electricity in the states of Gujarat, Maharashtra, Uttar Pradesh, and Karnataka in India. It owns thermal and renewable power plants with a generating capacity of approximately 3,879 MW. The company also distributes electricity to approximately 3 million customers in the cities of Ahmedabad, Gandhinagar, Surat, and Dahej SEZ covering an area of approximately 425 square kilometers, as well as operates as a franchisee for electricity distribution in the cities of Bhiwandi, Agra and Shil-Mumbra-Kalwa covering an area of approximately 1,007 square kilometers. In addition, it is also involved in the manufacture and supply of power cables. Torrent Power Limited was incorporated in 2004 and is based in Ahmedabad, India. Torrent Power Limited is a subsidiary of Torrent Investments Private Limited.", "fullTimeEmployees": 7874, "companyOfficers": [{"maxAge": 1, "name": "Mr. Jinal  Mehta", "age": 37, "title": "MD & Whole-Time Director", "yearBorn": 1983, "fiscalYear": 2020, "totalPay": 112300000, "exercisedValue": 0, "unexercisedValue": 0}, {"maxAge": 1, "name": "Mr. Sanjay  Dalal", "age": 59, "title": "Chief Financial Officer", "yearBorn": 1961, "fiscalYear": 2020, "totalPay": 59200000, "exercisedValue": 0, "unexercisedValue": 0}, {"maxAge": 1, "name": "Mr. Rahul C. Shah", "age": 42, "title": "Company Sec. & Compliance Officer", "yearBorn": 1978, "fiscalYear": 2020, "totalPay": 4906300, "exercisedValue": 0, "unexercisedValue": 0}, {"maxAge": 1, "name": "Mr. Deepak  Dalal", "age": 75, "title": "Exec. Officer", "yearBorn": 1945, "fiscalYear": 2015, "exercisedValue": 0, "unexercisedValue": 0}, {"maxAge": 1, "name": "Mr. Amar Nath Singh", "age": 62, "title": "VP", "yearBorn": 1958, "fiscalYear": 2015, "exercisedValue": 0, "unexercisedValue": 0}, {"maxAge": 1, "name": "Mr. Asis  Ghosh", "age": 62, "title": "VP", "yearBorn": 1958, "fiscalYear": 2015, "exercisedValue": 0, "unexercisedValue": 0}, {"maxAge": 1, "name": "Mr. Harnish  Patel", "age": 64, "title": "VP", "yearBorn": 1956, "fiscalYear": 2015, "exercisedValue": 0, "unexercisedValue": 0}, {"maxAge": 1, "name": "Mr. Jayesh N. Desai", "age": 64, "title": "Exec. Director", "yearBorn": 1956, "fiscalYear": 2015, "exercisedValue": 0, "unexercisedValue": 0}, {"maxAge": 1, "name": "Mr. L. N. Lalwani", "age": 61, "title": "Exec. Director", "yearBorn": 1959, "fiscalYear": 2015, "exercisedValue": 0, "unexercisedValue": 0}, {"maxAge": 1, "name": "Mr. Pradeep  Mehta", "age": 65, "title": "VP", "yearBorn": 1955, "fiscalYear": 2015, "exercisedValue": 0, "unexercisedValue": 0}], "compensationAsOfEpochDate": "2020-12-31 05:30:00", "maxAge": 86400}, "recommendationTrend": {"trend": [{"period": "0m", "strongBuy": 0, "buy": 0, "hold": 0, "sell": 0, "strongSell": 0}, {"period": "-1m", "strongBuy": 0, "buy": 0, "hold": 0, "sell": 0, "strongSell": 0}, {"period": "-2m", "strongBuy": 0, "buy": 0, "hold": 0, "sell": 0, "strongSell": 0}, {"period": "-3m", "strongBuy": 0, "buy": 0, "hold": 0, "sell": 0, "strongSell": 0}], "maxAge": 86400}, "cashflowStatementHistory": {"cashflowStatements": [{"maxAge": 1, "endDate": "2020-03-31", "netIncome": 11741500000, "depreciation": 13143500000, "changeToNetincome": 10069600000, "changeToAccountReceivables": -1150800000, "changeToLiabilities": 2094500000, "changeToInventory": 287900000, "changeToOperatingActivities": 26200000, "totalCashFromOperatingActivities": 36354100000, "capitalExpenditures": -13471600000, "investments": 2813800000, "otherCashflowsFromInvestingActivities": -883500000, "totalCashflowsFromInvestingActivities": -11541300000, "dividendsPaid": -5575100000, "netBorrowings": -8592500000, "otherCashflowsFromFinancingActivities": -8491200000, "totalCashFromFinancingActivities": -25061900000, "changeInCash": -249100000}, {"maxAge": 1, "endDate": "2019-03-31", "netIncome": 8989400000, "depreciation": 12265300000, "changeToNetincome": 7671700000, "changeToAccountReceivables": -1206400000, "changeToLiabilities": 1780400000, "changeToInventory": -1721500000, "changeToOperatingActivities": -3581600000, "totalCashFromOperatingActivities": 24246000000, "capitalExpenditures": -19886700000, "investments": -173600000, "otherCashflowsFromInvestingActivities": 767700000, "totalCashflowsFromInvestingActivities": -18284600000, "dividendsPaid": -2403100000, "netBorrowings": 4175400000, "otherCashflowsFromFinancingActivities": -7938000000, "totalCashFromFinancingActivities": -6165700000, "changeInCash": -204300000}, {"maxAge": 1, "endDate": "2018-03-31", "netIncome": 9423100000, "depreciation": 11315000000, "changeToNetincome": 7772100000, "changeToAccountReceivables": -1651700000, "changeToLiabilities": -763100000, "changeToInventory": -855100000, "changeToOperatingActivities": 2348200000, "totalCashFromOperatingActivities": 27635000000, "capitalExpenditures": -23779300000, "investments": -1616400000, "otherCashflowsFromInvestingActivities": 781700000, "totalCashflowsFromInvestingActivities": -24184400000, "dividendsPaid": -1057400000, "netBorrowings": 5276400000, "otherCashflowsFromFinancingActivities": -7333100000, "totalCashFromFinancingActivities": -3114100000, "changeInCash": 336500000}, {"maxAge": 1, "endDate": "2017-03-31", "netIncome": 4289500000, "depreciation": 10058600000, "changeToNetincome": 9005100000, "changeToAccountReceivables": 678100000, "changeToLiabilities": -20600000, "changeToInventory": 508600000, "changeToOperatingActivities": -1074000000, "totalCashFromOperatingActivities": 23560000000, "capitalExpenditures": -24499800000, "investments": -310700000, "otherCashflowsFromInvestingActivities": 3549400000, "totalCashflowsFromInvestingActivities": -21217000000, "dividendsPaid": -1057400000, "netBorrowings": 2442400000, "otherCashflowsFromFinancingActivities": -9184200000, "totalCashFromFinancingActivities": -6741800000, "changeInCash": -4398800000}], "maxAge": 86400}, "indexTrend": {"maxAge": 1, "symbol": "SP5", "peRatio": 19.7411, "pegRatio": 1.34172, "estimates": [{"period": "0q", "growth": 0.549}, {"period": "+1q", "growth": 0.431}, {"period": "0y", "growth": 0.305}, {"period": "+1y", "growth": 0.109}, {"period": "+5y", "growth": 0.120865}, {"period": "-5y"}]}, "defaultKeyStatistics": {"maxAge": 1, "priceHint": 2, "enterpriseValue": 234368368640, "profitMargins": 0.05128, "floatShares": 214081507, "sharesOutstanding": 480616992, "heldPercentInsiders": 0.65199, "heldPercentInstitutions": 0.22589001, "beta": 0.402466, "category": null, "bookValue": 202.361, "priceToBook": 1.9583813, "fundFamily": null, "legalType": null, "lastFiscalYearEnd": "2020-03-31 05:30:00", "nextFiscalYearEnd": "2022-03-31 05:30:00", "mostRecentQuarter": "2020-12-31 05:30:00", "earningsQuarterlyGrowth": -0.236, "netIncomeToCommon": 6190799872, "trailingEps": 12.88, "forwardEps": 30.27, "lastSplitFactor": null, "enterpriseToRevenue": 1.941, "enterpriseToEbitda": 6.687}, "industryTrend": {"maxAge": 1, "symbol": null, "estimates": []}, "quoteType": {"exchange": "NSI", "quoteType": "EQUITY", "symbol": "TORNTPOWER.NS", "underlyingSymbol": "TORNTPOWER.NS", "shortName": "TORRENT POWER", "longName": "Torrent Power Limited", "firstTradeDateEpochUtc": "2006-11-28 09:15:00", "timeZoneFullName": "Asia/Kolkata", "timeZoneShortName": "IST", "uuid": "b8337753-9af3-30d8-84c8-05bcdbfc7175", "gmtOffSetMilliseconds": 19800000, "maxAge": 1}, "incomeStatementHistory": {"incomeStatementHistory": [{"maxAge": 1, "endDate": "2020-03-31", "totalRevenue": 136406300000, "costOfRevenue": 86539900000, "grossProfit": 49866400000, "researchDevelopment": {}, "sellingGeneralAdministrative": 5479000000, "nonRecurring": {}, "otherOperatingExpenses": 8307100000, "totalOperatingExpenses": 113368700000, "operatingIncome": 23037600000, "totalOtherIncomeExpenseNet": -18289200000, "ebit": 23037600000, "interestExpense": -9281800000, "incomeBeforeTax": 4748400000, "incomeTaxExpense": -7040400000, "minorityInterest": 356300000, "netIncomeFromContinuingOps": 11788800000, "discontinuedOperations": {}, "extraordinaryItems": {}, "effectOfAccountingCharges": {}, "otherItems": {}, "netIncome": 11741500000, "netIncomeApplicableToCommonShares": 11741500000}, {"maxAge": 1, "endDate": "2019-03-31", "totalRevenue": 131509700000, "costOfRevenue": 89527700000, "grossProfit": 41982000000, "researchDevelopment": {}, "sellingGeneralAdministrative": 5114600000, "nonRecurring": {}, "otherOperatingExpenses": 4653300000, "totalOperatingExpenses": 111600500000, "operatingIncome": 19909200000, "totalOtherIncomeExpenseNet": -7273100000, "ebit": 19909200000, "interestExpense": -8891800000, "incomeBeforeTax": 12636100000, "incomeTaxExpense": 3597800000, "minorityInterest": 373900000, "netIncomeFromContinuingOps": 9038300000, "discontinuedOperations": {}, "extraordinaryItems": {}, "effectOfAccountingCharges": {}, "otherItems": {}, "netIncome": 8989400000, "netIncomeApplicableToCommonShares": 8989400000}, {"maxAge": 1, "endDate": "2018-03-31", "totalRevenue": 115120900000, "costOfRevenue": 70568300000, "grossProfit": 44552600000, "researchDevelopment": {}, "sellingGeneralAdministrative": 4862900000, "nonRecurring": {}, "otherOperatingExpenses": 7843900000, "totalOperatingExpenses": 94623300000, "operatingIncome": 20497600000, "totalOtherIncomeExpenseNet": -6487700000, "ebit": 20497600000, "interestExpense": -8397200000, "incomeBeforeTax": 14009900000, "incomeTaxExpense": 4488700000, "minorityInterest": 359200000, "netIncomeFromContinuingOps": 9521200000, "discontinuedOperations": {}, "extraordinaryItems": {}, "effectOfAccountingCharges": {}, "otherItems": {}, "netIncome": 9423100000, "netIncomeApplicableToCommonShares": 9423100000}, {"maxAge": 1, "endDate": "2017-03-31", "totalRevenue": 100001000000, "costOfRevenue": 63526400000, "grossProfit": 36474600000, "researchDevelopment": {}, "sellingGeneralAdministrative": 4342600000, "nonRecurring": {}, "otherOperatingExpenses": 7149900000, "totalOperatingExpenses": 85221300000, "operatingIncome": 14779700000, "totalOtherIncomeExpenseNet": -8906300000, "ebit": 14779700000, "interestExpense": -10246700000, "incomeBeforeTax": 5873400000, "incomeTaxExpense": 1575500000, "minorityInterest": 289300000, "netIncomeFromContinuingOps": 4297900000, "discontinuedOperations": {}, "extraordinaryItems": {}, "effectOfAccountingCharges": {}, "otherItems": {}, "netIncome": 4289500000, "netIncomeApplicableToCommonShares": 4289500000}], "maxAge": 86400}, "fundOwnership": {"ownershipList": [{"maxAge": 1, "reportDate": "2021-01-31", "organization": "Vanguard International Stock Index-Emerging Markets Stk", "pctHeld": 0.0042, "position": 2022002, "value": 624394217}, {"maxAge": 1, "reportDate": "2021-01-31", "organization": "Vanguard International Stock Index-Total Intl Stock Indx", "pctHeld": 0.004, "position": 1913762, "value": 590969705}, {"maxAge": 1, "reportDate": "2021-03-31", "organization": "iShares Core MSCI Emerging Markets ETF", "pctHeld": 0.0034, "position": 1619617, "value": 686393684}, {"maxAge": 1, "reportDate": "2021-02-28", "organization": "WisdomTree Tr-WisdomTree Emerging Markets Small Cap Dividend Fund", "pctHeld": 0.0026, "position": 1239109, "value": 473091816}, {"maxAge": 1, "reportDate": "2021-01-31", "organization": "DFA Emerging Markets Core Equity Portfolio", "pctHeld": 0.0021, "position": 1025378, "value": 316636726}, {"maxAge": 1, "reportDate": "2021-01-31", "organization": "Goldman Sachs Emerging Markets Equity Insights Fund", "pctHeld": 0.0015, "position": 723060, "value": 223280928}, {"maxAge": 1, "reportDate": "2021-01-31", "organization": "DFA Emerging Markets Small Cap Series", "pctHeld": 0.0013, "position": 635503, "value": 196243326}, {"maxAge": 1, "reportDate": "2021-03-31", "organization": "SEI Institutional International Tr-Emerging Markets Equity Fund", "pctHeld": 0.0007, "position": 333564, "value": 141364423}, {"maxAge": 1, "reportDate": "2021-03-31", "organization": "iShares MSCI India Small Cap ETF", "pctHeld": 0.0007, "position": 314353, "value": 133222801}, {"maxAge": 1, "reportDate": "2021-01-31", "organization": "Vanguard Intl Equity Index Fds-FTSE All World ex U.S. Index Fund", "pctHeld": 0.0005, "position": 241361, "value": 74532276}], "maxAge": 1}, "summaryDetail": {"maxAge": 1, "priceHint": 2, "previousClose": 394.65, "open": 391.6, "dayLow": 384.4, "dayHigh": 399.35, "regularMarketPreviousClose": 394.65, "regularMarketOpen": 391.6, "regularMarketDayLow": 384.4, "regularMarketDayHigh": 399.35, "dividendRate": 17.1, "dividendYield": 0.0433, "exDividendDate": "2021-02-16 05:30:00", "payoutRatio": 0.90059996, "beta": 0.402466, "trailingPE": 30.768633, "forwardPE": 13.09217, "volume": 518023, "regularMarketVolume": 518023, "averageVolume": 2199110, "averageVolume10days": 812344, "averageDailyVolume10Day": 812344, "bid": 0.0, "ask": 0.0, "bidSize": 0, "askSize": 0, "marketCap": 190588977152, "fiftyTwoWeekLow": 280.2, "fiftyTwoWeekHigh": 434.45, "priceToSalesTrailing12Months": 1.5787649, "fiftyDayAverage": 400.52353, "twoHundredDayAverage": 337.139, "trailingAnnualDividendRate": 5.5, "trailingAnnualDividendYield": 0.0139363995, "currency": "INR", "fromCurrency": null, "lastMarket": null, "algorithm": null, "tradeable": false}, "insiderHolders": {"holders": [{"maxAge": 1, "name": "Bhatt (Markand)", "relation": "Wholetime Director", "url": "", "transactionDescription": "Acquisition", "latestTransDate": "2013-03-13", "positionDirect": 11059, "positionDirectDate": "2013-03-13"}, {"maxAge": 1, "name": "Mehta (Jinal Sudhir)", "relation": "Director (Non-Executive)", "url": "", "transactionDescription": "Acquisition", "latestTransDate": "2013-02-26", "positionDirect": 8000, "positionDirectDate": "2013-02-26"}, {"maxAge": 1, "name": "Torrent Pvt. Ltd.", "relation": "Promoter", "url": "", "transactionDescription": "Acquisition", "latestTransDate": "2012-09-04", "positionDirect": 252438986, "positionDirectDate": "2012-09-04"}], "maxAge": 1}, "calendarEvents": {"maxAge": 1, "earnings": {"earningsDate": []}, "exDividendDate": "2021-02-16 05:30:00"}, "upgradeDowngradeHistory": {"history": [], "maxAge": 86400}, "price": {"maxAge": 1, "regularMarketChangePercent": 0.0041809045, "regularMarketChange": 1.6499939, "regularMarketTime": "2021-04-30 15:29:55", "priceHint": 2, "regularMarketPrice": 396.3, "regularMarketDayHigh": 399.35, "regularMarketDayLow": 384.4, "regularMarketVolume": 518023, "averageDailyVolume10Day": 812344, "averageDailyVolume3Month": 2199110, "regularMarketPreviousClose": 394.65, "regularMarketSource": "FREE_REALTIME", "regularMarketOpen": 391.6, "exchange": "NSI", "exchangeName": "NSE", "exchangeDataDelayedBy": 15, "marketState": "CLOSED", "quoteType": "EQUITY", "symbol": "TORNTPOWER.NS", "underlyingSymbol": null, "shortName": "TORRENT POWER", "longName": "Torrent Power Limited", "currency": "INR", "quoteSourceName": "Delayed Quote", "currencySymbol": "\u20b9", "fromCurrency": null, "lastMarket": null, "marketCap": 190588977152}, "balanceSheetHistory": {"balanceSheetStatements": [{"maxAge": 1, "endDate": "2020-03-31", "cash": 911600000, "shortTermInvestments": 783900000, "netReceivables": 28274500000, "inventory": 6873000000, "otherCurrentAssets": 5045400000, "totalCurrentAssets": 48236600000, "longTermInvestments": 1048300000, "propertyPlantEquipment": 181217100000, "intangibleAssets": 151700000, "otherAssets": 5576700000, "deferredLongTermAssetCharges": 198600000, "totalAssets": 236230400000, "accountsPayable": 10379100000, "shortLongTermDebt": 10708800000, "otherCurrentLiab": 21867100000, "longTermDebt": 77963000000, "otherLiab": 18981600000, "minorityInterest": 356300000, "totalCurrentLiabilities": 47063600000, "totalLiab": 144338700000, "commonStock": 4806200000, "retainedEarnings": 84147900000, "treasuryStock": 2581000000, "capitalSurplus": 300000, "otherStockholderEquity": 2581000000, "totalStockholderEquity": 91535400000, "netTangibleAssets": 91383700000}, {"maxAge": 1, "endDate": "2019-03-31", "cash": 1160700000, "shortTermInvestments": 1351400000, "netReceivables": 27170300000, "inventory": 6780500000, "otherCurrentAssets": 2901400000, "totalCurrentAssets": 45850500000, "longTermInvestments": 2778500000, "propertyPlantEquipment": 183558500000, "intangibleAssets": 173100000, "otherAssets": 13179700000, "deferredLongTermAssetCharges": 35600000, "totalAssets": 245540300000, "accountsPayable": 8097500000, "shortLongTermDebt": 8386500000, "otherCurrentLiab": 19684700000, "longTermDebt": 85764500000, "otherLiab": 27829400000, "deferredLongTermLiab": 1558400000, "minorityInterest": 373900000, "totalCurrentLiabilities": 41870200000, "totalLiab": 155464100000, "commonStock": 4806200000, "retainedEarnings": 82916800000, "treasuryStock": 1979000000, "capitalSurplus": 300000, "otherStockholderEquity": 1979000000, "totalStockholderEquity": 89702300000, "netTangibleAssets": 89529200000}, {"maxAge": 1, "endDate": "2018-03-31", "cash": 1365000000, "shortTermInvestments": 1726000000, "netReceivables": 16431800000, "inventory": 5179300000, "otherCurrentAssets": 2689300000, "totalCurrentAssets": 34301200000, "longTermInvestments": 1846500000, "propertyPlantEquipment": 182479600000, "intangibleAssets": 152700000, "otherAssets": 7140900000, "deferredLongTermAssetCharges": 30600000, "totalAssets": 225920900000, "accountsPayable": 6587100000, "shortLongTermDebt": 7343900000, "otherCurrentLiab": 12493100000, "longTermDebt": 85637000000, "otherLiab": 34954100000, "deferredLongTermLiab": 1535700000, "minorityInterest": 359200000, "totalCurrentLiabilities": 27775300000, "totalLiab": 148366400000, "commonStock": 4806200000, "retainedEarnings": 70752000000, "treasuryStock": 1636800000, "capitalSurplus": 300000, "otherStockholderEquity": 1636800000, "totalStockholderEquity": 77195300000, "netTangibleAssets": 77042600000}, {"maxAge": 1, "endDate": "2017-03-31", "cash": 1028500000, "shortTermInvestments": 1583500000, "netReceivables": 13185000000, "inventory": 4139000000, "otherCurrentAssets": 3515800000, "totalCurrentAssets": 30187200000, "longTermInvestments": 7200000, "propertyPlantEquipment": 171255400000, "intangibleAssets": 100100000, "otherAssets": 6375400000, "totalAssets": 207925300000, "accountsPayable": 7337900000, "shortLongTermDebt": 4981200000, "otherCurrentLiab": 11004400000, "longTermDebt": 81934000000, "otherLiab": 31747300000, "deferredLongTermLiab": 1590900000, "minorityInterest": 289300000, "totalCurrentLiabilities": 25033800000, "totalLiab": 138715100000, "commonStock": 4806200000, "retainedEarnings": 62819800000, "treasuryStock": 1294600000, "capitalSurplus": 300000, "otherStockholderEquity": 1294600000, "totalStockholderEquity": 68920900000, "netTangibleAssets": 68820800000}], "maxAge": 86400}, "earningsTrend": {"trend": [{"maxAge": 1, "period": "0q", "endDate": "2018-12-31", "growth": {}, "earningsEstimate": {"avg": 0.0, "low": 0.0, "high": 0.0, "yearAgoEps": {}, "numberOfAnalysts": 0, "growth": {}}, "revenueEstimate": {"avg": 0, "low": 0, "high": 0, "numberOfAnalysts": 0, "yearAgoRevenue": {}, "growth": {}}, "epsTrend": {"current": 0.0, "7daysAgo": 0.0, "30daysAgo": 0.0, "60daysAgo": 0.0, "90daysAgo": 0.0}, "epsRevisions": {"upLast7days": 0, "upLast30days": 0, "downLast30days": 0, "downLast90days": {}}}, {"maxAge": 1, "period": "+1q", "endDate": "2019-03-31", "growth": {}, "earningsEstimate": {"avg": 0.0, "low": 0.0, "high": 0.0, "yearAgoEps": 6.61, "numberOfAnalysts": 0, "growth": {}}, "revenueEstimate": {"avg": 0, "low": 0, "high": 0, "numberOfAnalysts": 0, "yearAgoRevenue": {}, "growth": {}}, "epsTrend": {"current": 0.0, "7daysAgo": 0.0, "30daysAgo": 0.0, "60daysAgo": 0.0, "90daysAgo": 0.0}, "epsRevisions": {"upLast7days": 0, "upLast30days": 0, "downLast30days": 0, "downLast90days": {}}}, {"maxAge": 1, "period": "0y", "endDate": "2019-03-31", "growth": {}, "earningsEstimate": {"avg": 0.0, "low": 0.0, "high": 0.0, "yearAgoEps": {}, "numberOfAnalysts": 0, "growth": {}}, "revenueEstimate": {"avg": 133540000000, "low": 133540000000, "high": 133540000000, "numberOfAnalysts": 1, "yearAgoRevenue": 115121000000, "growth": 0.16}, "epsTrend": {"current": 0.0, "7daysAgo": 25.59, "30daysAgo": 25.59, "60daysAgo": 25.59, "90daysAgo": 25.59}, "epsRevisions": {"upLast7days": 0, "upLast30days": 1, "downLast30days": 0, "downLast90days": {}}}, {"maxAge": 1, "period": "+1y", "endDate": "2020-03-31", "growth": {}, "earningsEstimate": {"avg": 0.0, "low": 0.0, "high": 0.0, "yearAgoEps": {}, "numberOfAnalysts": 0, "growth": {}}, "revenueEstimate": {"avg": 152236000000, "low": 152236000000, "high": 152236000000, "numberOfAnalysts": 1, "yearAgoRevenue": 133540000000, "growth": 0.14}, "epsTrend": {"current": 0.0, "7daysAgo": 30.27, "30daysAgo": 30.27, "60daysAgo": 30.27, "90daysAgo": 30.27}, "epsRevisions": {"upLast7days": 0, "upLast30days": 1, "downLast30days": 0, "downLast90days": {}}}, {"maxAge": 1, "period": "+5y", "endDate": null, "growth": {}, "earningsEstimate": {"avg": {}, "low": {}, "high": {}, "yearAgoEps": {}, "numberOfAnalysts": {}, "growth": {}}, "revenueEstimate": {"avg": {}, "low": {}, "high": {}, "numberOfAnalysts": {}, "yearAgoRevenue": {}, "growth": {}}, "epsTrend": {"current": {}, "7daysAgo": {}, "30daysAgo": {}, "60daysAgo": {}, "90daysAgo": {}}, "epsRevisions": {"upLast7days": {}, "upLast30days": {}, "downLast30days": {}, "downLast90days": {}}}, {"maxAge": 1, "period": "-5y", "endDate": null, "growth": {}, "earningsEstimate": {"avg": {}, "low": {}, "high": {}, "yearAgoEps": {}, "numberOfAnalysts": {}, "growth": {}}, "revenueEstimate": {"avg": {}, "low": {}, "high": {}, "numberOfAnalysts": {}, "yearAgoRevenue": {}, "growth": {}}, "epsTrend": {"current": {}, "7daysAgo": {}, "30daysAgo": {}, "60daysAgo": {}, "90daysAgo": {}}, "epsRevisions": {"upLast7days": {}, "upLast30days": {}, "downLast30days": {}, "downLast90days": {}}}], "maxAge": 1}, "institutionOwnership": {"ownershipList": [], "maxAge": 1}, "majorHoldersBreakdown": {"maxAge": 1, "insidersPercentHeld": 0.65199, "institutionsPercentHeld": 0.22589001, "institutionsFloatPercentHeld": 0.64909, "institutionsCount": 66}, "balanceSheetHistoryQuarterly": {"balanceSheetStatements": [{"maxAge": 1, "endDate": "2020-12-31", "totalStockholderEquity": 97230200000, "netTangibleAssets": 97002400000}, {"maxAge": 1, "endDate": "2020-09-30", "cash": 2378400000, "shortTermInvestments": 29638400000, "netReceivables": 17290900000, "inventory": 4901700000, "otherCurrentAssets": 765800000, "totalCurrentAssets": 54975200000, "longTermInvestments": 151700000, "propertyPlantEquipment": 177893300000, "intangibleAssets": 227800000, "otherAssets": 5512600000, "deferredLongTermAssetCharges": 224700000, "totalAssets": 238760600000, "accountsPayable": 11035900000, "otherCurrentLiab": 34650600000, "longTermDebt": 74100000000, "otherLiab": 19091900000, "minorityInterest": 356000000, "totalCurrentLiabilities": 47674200000, "totalLiab": 141174400000, "commonStock": 4806200000, "treasuryStock": 92424000000, "otherStockholderEquity": 92424000000, "totalStockholderEquity": 97230200000, "netTangibleAssets": 97002400000}, {"maxAge": 1, "endDate": "2020-06-30", "totalStockholderEquity": 91535400000, "netTangibleAssets": 91383700000}, {"maxAge": 1, "endDate": "2020-03-31", "cash": 911600000, "shortTermInvestments": 783900000, "netReceivables": 28274500000, "inventory": 6873000000, "otherCurrentAssets": 5045400000, "totalCurrentAssets": 48236600000, "longTermInvestments": 1048300000, "propertyPlantEquipment": 181217100000, "intangibleAssets": 151700000, "otherAssets": 5576700000, "deferredLongTermAssetCharges": 198600000, "totalAssets": 236230400000, "accountsPayable": 10379100000, "shortLongTermDebt": 10708800000, "otherCurrentLiab": 21867100000, "longTermDebt": 77963000000, "otherLiab": 18981600000, "minorityInterest": 356300000, "totalCurrentLiabilities": 47063600000, "totalLiab": 144338700000, "commonStock": 4806200000, "retainedEarnings": 84147900000, "treasuryStock": 2581000000, "capitalSurplus": 300000, "otherStockholderEquity": 2581000000, "totalStockholderEquity": 91535400000, "netTangibleAssets": 91383700000}], "maxAge": 86400}, "earningsHistory": {"history": [{"maxAge": 1, "epsActual": {}, "epsEstimate": {}, "epsDifference": {}, "surprisePercent": {}, "quarter": {}, "period": "-4q"}, {"maxAge": 1, "epsActual": 6.61, "epsEstimate": 4.28, "epsDifference": 2.33, "surprisePercent": 0.544, "quarter": "2017-09-30", "period": "-3q"}, {"maxAge": 1, "epsActual": 4.51, "epsEstimate": 4.51, "epsDifference": 0.0, "surprisePercent": 0.0, "quarter": "2018-03-31", "period": "-2q"}, {"maxAge": 1, "epsActual": 8.58, "epsEstimate": 7.7, "epsDifference": 0.88, "surprisePercent": 0.11399999, "quarter": "2018-09-30", "period": "-1q"}], "maxAge": 86400}, "summaryProfile": {"address1": "Samanvay", "address2": "600 Tapovan Ambavadi", "city": "Ahmedabad", "zip": "380015", "country": "India", "phone": "91 79 2662 8000", "fax": "91 79 2676 4159", "website": "http://www.torrentpower.com", "industry": "Utilities\u2014Renewable", "sector": "Utilities", "longBusinessSummary": "Torrent Power Limited, an integrated power utility, engages in the generation, transmission, and distribution of electricity in the states of Gujarat, Maharashtra, Uttar Pradesh, and Karnataka in India. It owns thermal and renewable power plants with a generating capacity of approximately 3,879 MW. The company also distributes electricity to approximately 3 million customers in the cities of Ahmedabad, Gandhinagar, Surat, and Dahej SEZ covering an area of approximately 425 square kilometers, as well as operates as a franchisee for electricity distribution in the cities of Bhiwandi, Agra and Shil-Mumbra-Kalwa covering an area of approximately 1,007 square kilometers. In addition, it is also involved in the manufacture and supply of power cables. Torrent Power Limited was incorporated in 2004 and is based in Ahmedabad, India. Torrent Power Limited is a subsidiary of Torrent Investments Private Limited.", "fullTimeEmployees": 7874, "companyOfficers": [], "maxAge": 86400}, "netSharePurchaseActivity": {"maxAge": 1, "period": "6m", "buyInfoCount": 0, "buyInfoShares": 0, "sellInfoCount": 0, "netInfoCount": 0, "netInfoShares": 0, "netPercentInsiderShares": 0.0, "totalInsiderShares": 313287552}, "insiderTransactions": {"transactions": [{"maxAge": 1, "shares": 1286, "filerUrl": "", "transactionText": "", "filerName": "Bhatt (Markand)", "filerRelation": "Wholetime Director", "moneyText": "", "startDate": "2013-03-13", "ownership": "D"}, {"maxAge": 1, "shares": 1000, "filerUrl": "", "transactionText": "", "filerName": "Bhatt (Markand)", "filerRelation": "Wholetime Director", "moneyText": "", "startDate": "2013-03-12", "ownership": "D"}, {"maxAge": 1, "shares": 1000, "filerUrl": "", "transactionText": "", "filerName": "Bhatt (Markand)", "filerRelation": "Wholetime Director", "moneyText": "", "startDate": "2013-03-11", "ownership": "D"}, {"maxAge": 1, "shares": 100, "filerUrl": "", "transactionText": "", "filerName": "Bhatt (Markand)", "filerRelation": "Wholetime Director", "moneyText": "", "startDate": "2013-03-08", "ownership": "D"}, {"maxAge": 1, "shares": 8000, "filerUrl": "", "transactionText": "", "filerName": "Mehta (Jinal Sudhir)", "filerRelation": "Director (Non-Executive)", "moneyText": "", "startDate": "2013-02-26", "ownership": "D"}, {"maxAge": 1, "shares": 2000, "filerUrl": "", "transactionText": "", "filerName": "Bhatt (Markand)", "filerRelation": "Wholetime Director", "moneyText": "", "startDate": "2013-02-26", "ownership": "D"}, {"maxAge": 1, "shares": 1000, "filerUrl": "", "transactionText": "", "filerName": "Bhatt (Markand)", "filerRelation": "Wholetime Director", "moneyText": "", "startDate": "2013-02-18", "ownership": "D"}, {"maxAge": 1, "shares": 2000, "filerUrl": "", "transactionText": "", "filerName": "Bhatt (Markand)", "filerRelation": "Wholetime Director", "moneyText": "", "startDate": "2013-02-15", "ownership": "D"}, {"maxAge": 1, "shares": 1614, "filerUrl": "", "transactionText": "", "filerName": "Bhatt (Markand)", "filerRelation": "Wholetime Director", "moneyText": "", "startDate": "2013-02-15", "ownership": "D"}, {"maxAge": 1, "shares": 2990000, "filerUrl": "", "transactionText": "", "filerName": "Torrent Pvt. Ltd.", "filerRelation": "Promoter", "moneyText": "", "startDate": "2012-09-04", "ownership": "D"}, {"maxAge": 1, "shares": 531, "filerUrl": "", "transactionText": "", "filerName": "Torrent Pvt. Ltd.", "filerRelation": "Promoter", "moneyText": "", "startDate": "2012-02-14", "ownership": "D"}, {"maxAge": 1, "shares": 3767, "filerUrl": "", "transactionText": "", "filerName": "Torrent Pvt. Ltd.", "filerRelation": "Promoter", "moneyText": "", "startDate": "2012-02-13", "ownership": "D"}, {"maxAge": 1, "shares": 7034, "filerUrl": "", "transactionText": "", "filerName": "Torrent Pvt. Ltd.", "filerRelation": "Promoter", "moneyText": "", "startDate": "2012-02-09", "ownership": "D"}, {"maxAge": 1, "shares": 5814, "filerUrl": "", "transactionText": "", "filerName": "Torrent Pvt. Ltd.", "filerRelation": "Promoter", "moneyText": "", "startDate": "2011-12-30", "ownership": "D"}, {"maxAge": 1, "shares": 2724, "filerUrl": "", "transactionText": "", "filerName": "Torrent Pvt. Ltd.", "filerRelation": "Promoter", "moneyText": "", "startDate": "2011-12-28", "ownership": "D"}, {"maxAge": 1, "shares": 3481, "filerUrl": "", "transactionText": "", "filerName": "Torrent Pvt. Ltd.", "filerRelation": "Promoter", "moneyText": "", "startDate": "2011-12-27", "ownership": "D"}, {"maxAge": 1, "shares": 4948, "filerUrl": "", "transactionText": "", "filerName": "Torrent Pvt. Ltd.", "filerRelation": "Promoter", "moneyText": "", "startDate": "2011-12-22", "ownership": "D"}, {"maxAge": 1, "shares": 5921, "filerUrl": "", "transactionText": "", "filerName": "Torrent Pvt. Ltd.", "filerRelation": "Promoter", "moneyText": "", "startDate": "2011-12-21", "ownership": "D"}, {"maxAge": 1, "shares": 17896, "filerUrl": "", "transactionText": "", "filerName": "Torrent Pvt. Ltd.", "filerRelation": "Promoter", "moneyText": "", "startDate": "2011-12-20", "ownership": "D"}, {"maxAge": 1, "shares": 8254, "filerUrl": "", "transactionText": "", "filerName": "Torrent Pvt. Ltd.", "filerRelation": "Promoter", "moneyText": "", "startDate": "2011-12-19", "ownership": "D"}, {"maxAge": 1, "shares": 6678, "filerUrl": "", "transactionText": "", "filerName": "Torrent Pvt. Ltd.", "filerRelation": "Promoter", "moneyText": "", "startDate": "2011-12-16", "ownership": "D"}, {"maxAge": 1, "shares": 54073, "filerUrl": "", "transactionText": "", "filerName": "Torrent Pvt. Ltd.", "filerRelation": "Promoter", "moneyText": "", "startDate": "2011-12-15", "ownership": "D"}, {"maxAge": 1, "shares": 44434, "filerUrl": "", "transactionText": "", "filerName": "Torrent Pvt. Ltd.", "filerRelation": "Promoter", "moneyText": "", "startDate": "2011-12-15", "ownership": "D"}, {"maxAge": 1, "shares": 10374, "filerUrl": "", "transactionText": "", "filerName": "Torrent Pvt. Ltd.", "filerRelation": "Promoter", "moneyText": "", "startDate": "2011-12-14", "ownership": "D"}, {"maxAge": 1, "shares": 11034, "filerUrl": "", "transactionText": "", "filerName": "Torrent Pvt. Ltd.", "filerRelation": "Promoter", "moneyText": "", "startDate": "2011-12-13", "ownership": "D"}, {"maxAge": 1, "shares": 23026, "filerUrl": "", "transactionText": "", "filerName": "Torrent Pvt. Ltd.", "filerRelation": "Promoter", "moneyText": "", "startDate": "2011-12-12", "ownership": "D"}], "maxAge": 1}, "sectorTrend": {"maxAge": 1, "symbol": null, "estimates": []}, "incomeStatementHistoryQuarterly": {"incomeStatementHistory": [{"maxAge": 1, "endDate": "2020-12-31", "totalRevenue": 29527500000, "costOfRevenue": 17709900000, "grossProfit": 11817600000, "researchDevelopment": {}, "sellingGeneralAdministrative": 1339000000, "nonRecurring": {}, "otherOperatingExpenses": 1775800000, "totalOperatingExpenses": 24017400000, "operatingIncome": 5510100000, "totalOtherIncomeExpenseNet": -1523300000, "ebit": 5510100000, "interestExpense": -1896900000, "incomeBeforeTax": 3986800000, "incomeTaxExpense": 769500000, "minorityInterest": {}, "netIncomeFromContinuingOps": 3217300000, "discontinuedOperations": {}, "extraordinaryItems": {}, "effectOfAccountingCharges": {}, "otherItems": {}, "netIncome": 3205000000, "netIncomeApplicableToCommonShares": 3205000000}, {"maxAge": 1, "endDate": "2020-09-30", "totalRevenue": 31287300000, "costOfRevenue": 18980300000, "grossProfit": 12307000000, "researchDevelopment": {}, "sellingGeneralAdministrative": 1460800000, "nonRecurring": {}, "otherOperatingExpenses": 3735000000, "totalOperatingExpenses": 27341300000, "operatingIncome": 3946000000, "totalOtherIncomeExpenseNet": -1646100000, "ebit": 3946000000, "interestExpense": -2019800000, "incomeBeforeTax": 2299900000, "incomeTaxExpense": 278200000, "minorityInterest": 356000000, "netIncomeFromContinuingOps": 2021700000, "discontinuedOperations": {}, "extraordinaryItems": {}, "effectOfAccountingCharges": {}, "otherItems": {}, "netIncome": 2008400000, "netIncomeApplicableToCommonShares": 2008400000}, {"maxAge": 1, "endDate": "2020-06-30", "totalRevenue": 30070500000, "costOfRevenue": 16316000000, "grossProfit": 13754500000, "researchDevelopment": {}, "sellingGeneralAdministrative": 1530600000, "nonRecurring": {}, "otherOperatingExpenses": 2530000000, "totalOperatingExpenses": 23535800000, "operatingIncome": 6534700000, "totalOtherIncomeExpenseNet": -1856500000, "ebit": 6534700000, "interestExpense": -2203200000, "incomeBeforeTax": 4678200000, "incomeTaxExpense": 939500000, "minorityInterest": 356000000, "netIncomeFromContinuingOps": 3738700000, "discontinuedOperations": {}, "extraordinaryItems": {}, "effectOfAccountingCharges": {}, "otherItems": {}, "netIncome": 3726600000, "netIncomeApplicableToCommonShares": 3726600000}, {"maxAge": 1, "endDate": "2020-03-31", "totalRevenue": 29835000000, "costOfRevenue": 20259700000, "grossProfit": 9575300000, "researchDevelopment": {}, "sellingGeneralAdministrative": 1403900000, "nonRecurring": {}, "otherOperatingExpenses": -618600000, "totalOperatingExpenses": 24395100000, "operatingIncome": 5439900000, "totalOtherIncomeExpenseNet": -12370500000, "ebit": 5439900000, "interestExpense": -1960600000, "incomeBeforeTax": -6930600000, "incomeTaxExpense": -4191200000, "minorityInterest": 356300000, "netIncomeFromContinuingOps": -2739400000, "discontinuedOperations": {}, "extraordinaryItems": {}, "effectOfAccountingCharges": {}, "otherItems": {}, "netIncome": -2749200000, "netIncomeApplicableToCommonShares": -2749200000}], "maxAge": 86400}, "cashflowStatementHistoryQuarterly": {"cashflowStatements": [{"maxAge": 1, "endDate": "2020-12-31", "netIncome": 3205000000, "changeToLiabilities": 0}, {"maxAge": 1, "endDate": "2020-09-30", "netIncome": 2008400000, "changeToLiabilities": 0}, {"maxAge": 1, "endDate": "2020-06-30", "netIncome": 3726600000, "changeToLiabilities": 0}, {"maxAge": 1, "endDate": "2020-03-31", "netIncome": -2749200000, "changeToLiabilities": 0}], "maxAge": 86400}, "earnings": {"maxAge": 86400, "earningsChart": {"quarterly": [{"date": "3Q2017", "actual": 6.61, "estimate": 4.28}, {"date": "1Q2018", "actual": 4.51, "estimate": 4.51}, {"date": "3Q2018", "actual": 8.58, "estimate": 7.7}], "currentQuarterEstimateDate": "4Q", "currentQuarterEstimateYear": 2018, "earningsDate": []}, "financialsChart": {"yearly": [{"date": 2017, "revenue": 100001000000, "earnings": 4289500000}, {"date": 2018, "revenue": 115120900000, "earnings": 9423100000}, {"date": 2019, "revenue": 131509700000, "earnings": 8989400000}, {"date": 2020, "revenue": 136406300000, "earnings": 11741500000}], "quarterly": [{"date": "1Q2020", "revenue": 29835000000, "earnings": -2749200000}, {"date": "2Q2020", "revenue": 30070500000, "earnings": 3726600000}, {"date": "3Q2020", "revenue": 31287300000, "earnings": 2008400000}, {"date": "4Q2020", "revenue": 29527500000, "earnings": 3205000000}]}, "financialCurrency": "INR"}, "financialData": {"maxAge": 86400, "currentPrice": 396.3, "targetHighPrice": 250.0, "targetLowPrice": 250.0, "targetMeanPrice": 250.0, "targetMedianPrice": 250.0, "recommendationKey": "none", "numberOfAnalystOpinions": 1, "totalCash": 32016799744, "totalCashPerShare": 66.631, "ebitda": 35050151936, "totalDebt": 76396003328, "totalRevenue": 120720302080, "debtToEquity": 78.286, "revenuePerShare": 251.168, "grossProfits": 49866400000, "earningsGrowth": -0.236, "revenueGrowth": -0.041, "grossMargins": 0.39308998, "ebitdaMargins": 0.29034, "operatingMargins": 0.17752, "profitMargins": 0.05128, "financialCurrency": "INR"}}}