{"TORNTPHARM.BO": {"recommendationTrend": {"trend": [{"period": "0m", "strongBuy": 0, "buy": 0, "hold": 0, "sell": 0, "strongSell": 0}, {"period": "-1m", "strongBuy": 0, "buy": 0, "hold": 0, "sell": 0, "strongSell": 0}, {"period": "-2m", "strongBuy": 0, "buy": 0, "hold": 0, "sell": 0, "strongSell": 0}, {"period": "-3m", "strongBuy": 0, "buy": 0, "hold": 0, "sell": 0, "strongSell": 0}], "maxAge": 86400}, "cashflowStatementHistory": {"cashflowStatements": [{"maxAge": 1, "endDate": "2020-03-31", "netIncome": 10247200000, "depreciation": 6299000000, "changeToNetincome": 1013900000, "changeToAccountReceivables": -1904700000, "changeToLiabilities": 177100000, "changeToInventory": -2130700000, "totalCashFromOperatingActivities": 13917900000, "capitalExpenditures": -4067800000, "investments": 2344000000, "otherCashflowsFromInvestingActivities": 168600000, "totalCashflowsFromInvestingActivities": -1515700000, "dividendsPaid": -3236400000, "netBorrowings": -3451500000, "otherCashflowsFromFinancingActivities": -5946900000, "totalCashFromFinancingActivities": -15490400000, "effectOfExchangeRate": 305800000, "changeInCash": -2782400000}, {"maxAge": 1, "endDate": "2019-03-31", "netIncome": 4362800000, "depreciation": 5926000000, "changeToNetincome": 6480200000, "changeToAccountReceivables": -888500000, "changeToLiabilities": 1570900000, "changeToInventory": 311500000, "totalCashFromOperatingActivities": 17980800000, "capitalExpenditures": -6628300000, "investments": 4111800000, "otherCashflowsFromInvestingActivities": 80600000, "totalCashflowsFromInvestingActivities": -2412800000, "dividendsPaid": -3046100000, "netBorrowings": -5013400000, "otherCashflowsFromFinancingActivities": -5085000000, "totalCashFromFinancingActivities": -13144500000, "effectOfExchangeRate": -43300000, "changeInCash": 2380200000}, {"maxAge": 1, "endDate": "2018-03-31", "netIncome": 6781100000, "depreciation": 3914700000, "changeToNetincome": 1676000000, "changeToAccountReceivables": -3439500000, "changeToLiabilities": 2898300000, "changeToInventory": -3060400000, "totalCashFromOperatingActivities": 8941500000, "capitalExpenditures": -7912500000, "investments": 379800000, "otherCashflowsFromInvestingActivities": 61400000, "totalCashflowsFromInvestingActivities": -47069500000, "dividendsPaid": -2199900000, "netBorrowings": 39578200000, "otherCashflowsFromFinancingActivities": -3204400000, "totalCashFromFinancingActivities": 34173900000, "effectOfExchangeRate": 246400000, "changeInCash": -3655300000}, {"maxAge": 1, "endDate": "2017-03-31", "netIncome": 9335500000, "depreciation": 2934100000, "changeToNetincome": -929100000, "changeToAccountReceivables": 4041200000, "changeToLiabilities": -3369800000, "changeToInventory": -1923500000, "totalCashFromOperatingActivities": 10088400000, "capitalExpenditures": -4868100000, "investments": -1763700000, "otherCashflowsFromInvestingActivities": 51300000, "totalCashflowsFromInvestingActivities": -7869100000, "dividendsPaid": -1692200000, "netBorrowings": 2020400000, "otherCashflowsFromFinancingActivities": -2257300000, "totalCashFromFinancingActivities": -1929100000, "effectOfExchangeRate": -113100000, "changeInCash": 177100000}], "maxAge": 86400}, "institutionOwnership": {"ownershipList": [], "maxAge": 1}, "balanceSheetHistoryQuarterly": {"balanceSheetStatements": [{"maxAge": 1, "endDate": "2020-06-30", "totalStockholderEquity": 48232200000, "netTangibleAssets": 1080900000}, {"maxAge": 1, "endDate": "2020-03-31", "cash": 6661700000, "shortTermInvestments": 4800000, "netReceivables": 19899700000, "inventory": 21482200000, "otherCurrentAssets": 1514700000, "totalCurrentAssets": 50089700000, "longTermInvestments": 934700000, "propertyPlantEquipment": 35299200000, "goodWill": 3420900000, "intangibleAssets": 43730400000, "otherAssets": 6903000000, "deferredLongTermAssetCharges": 4332100000, "totalAssets": 140377900000, "accountsPayable": 20768300000, "shortLongTermDebt": 14182800000, "otherCurrentLiab": 5437600000, "longTermDebt": 32752200000, "otherLiab": 4285100000, "totalCurrentLiabilities": 54822100000, "totalLiab": 92145700000, "commonStock": 846200000, "retainedEarnings": 45414300000, "treasuryStock": 1928300000, "capitalSurplus": 43400000, "otherStockholderEquity": 1928300000, "totalStockholderEquity": 48232200000, "netTangibleAssets": 1080900000}, {"maxAge": 1, "endDate": "2019-12-31", "totalStockholderEquity": 50730000000, "netTangibleAssets": 1670000000}, {"maxAge": 1, "endDate": "2019-09-30", "cash": 5860000000, "shortTermInvestments": 5660000000, "netReceivables": 15220000000, "inventory": 19600000000, "otherCurrentAssets": 4010000000, "totalCurrentAssets": 50350000000, "longTermInvestments": 950000000, "propertyPlantEquipment": 34050000000, "goodWill": 3360000000, "intangibleAssets": 45700000000, "otherAssets": 5350000000, "deferredLongTermAssetCharges": 4070000000, "totalAssets": 139760000000, "accountsPayable": 19630000000, "shortLongTermDebt": 17080000000, "otherCurrentLiab": 5820000000, "longTermDebt": 39570000000, "otherLiab": 3410000000, "totalCurrentLiabilities": 46050000000, "totalLiab": 89030000000, "commonStock": 850000000, "treasuryStock": 49880000000, "otherStockholderEquity": 49880000000, "totalStockholderEquity": 50730000000, "netTangibleAssets": 1670000000}], "maxAge": 86400}, "earningsHistory": {"history": [{"maxAge": 1, "epsActual": 3.37, "epsEstimate": 13.4, "epsDifference": -10.03, "surprisePercent": -0.749, "quarter": "2017-12-31", "period": "-4q"}, {"maxAge": 1, "epsActual": 13.55, "epsEstimate": 9.68, "epsDifference": 3.87, "surprisePercent": 0.4, "quarter": "2018-03-31", "period": "-3q"}, {"maxAge": 1, "epsActual": 9.66, "epsEstimate": 10.46, "epsDifference": -0.8, "surprisePercent": -0.076, "quarter": "2018-06-30", "period": "-2q"}, {"maxAge": 1, "epsActual": 10.57, "epsEstimate": 11.43, "epsDifference": -0.86, "surprisePercent": -0.075, "quarter": "2018-09-30", "period": "-1q"}], "maxAge": 86400}, "indexTrend": {"maxAge": 1, "symbol": "SP5", "peRatio": 19.7411, "pegRatio": 1.34172, "estimates": [{"period": "0q", "growth": 0.549}, {"period": "+1q", "growth": 0.431}, {"period": "0y", "growth": 0.305}, {"period": "+1y", "growth": 0.109}, {"period": "+5y", "growth": 0.120865}, {"period": "-5y"}]}, "industryTrend": {"maxAge": 1, "symbol": null, "estimates": []}, "insiderTransactions": {"transactions": [{"maxAge": 1, "shares": 1085, "value": 30920, "filerUrl": "", "transactionText": "Acquisition at price 28.50 per share.", "filerName": "Shah (Karan)", "filerRelation": "UNREPORTED", "moneyText": "", "startDate": "2020-03-31", "ownership": "D"}, {"maxAge": 1, "shares": 117, "value": 3420, "filerUrl": "", "transactionText": "Sale at price 29.24 per share.", "filerName": "Shah (Karan)", "filerRelation": "UNREPORTED", "moneyText": "", "startDate": "2020-03-31", "ownership": "D"}, {"maxAge": 1, "shares": 1085, "value": 30707, "filerUrl": "", "transactionText": "Sale at price 28.30 per share.", "filerName": "Shah (Karan)", "filerRelation": "UNREPORTED", "moneyText": "", "startDate": "2020-03-31", "ownership": "D"}, {"maxAge": 1, "shares": 1085, "value": 31705, "filerUrl": "", "transactionText": "Acquisition at price 29.22 per share.", "filerName": "Shah (Karan)", "filerRelation": "UNREPORTED", "moneyText": "", "startDate": "2020-03-31", "ownership": "D"}, {"maxAge": 1, "shares": 1200, "filerUrl": "", "transactionText": "", "filerName": "Shah (Ameera)", "filerRelation": "Director (Independent)", "moneyText": "", "startDate": "2020-02-25", "ownership": "D"}, {"maxAge": 1, "shares": 1200, "filerUrl": "", "transactionText": "", "filerName": "Shah (Ameera)", "filerRelation": "Director (Independent)", "moneyText": "", "startDate": "2018-11-13", "ownership": "D"}, {"maxAge": 1, "shares": 6000, "filerUrl": "", "transactionText": "", "filerName": "Haribhakti (Shailesh V)", "filerRelation": "Director (Non-Executive)", "moneyText": "", "startDate": "2017-12-28", "ownership": "D"}, {"maxAge": 1, "shares": 8858864, "filerUrl": "", "transactionText": "", "filerName": "Mehta (Sapna Samir)", "filerRelation": "Promoter", "moneyText": "", "startDate": "2017-03-29", "ownership": "D"}, {"maxAge": 1, "shares": 8858864, "filerUrl": "", "transactionText": "", "filerName": "Torrent Pvt. Ltd.", "filerRelation": "Promoter", "moneyText": "", "startDate": "2017-03-29", "ownership": "D"}, {"maxAge": 1, "shares": 6120168, "filerUrl": "", "transactionText": "", "filerName": "Mehta (Anita Sudhir)", "filerRelation": "Promoter", "moneyText": "", "startDate": "2017-03-28", "ownership": "D"}, {"maxAge": 1, "shares": 876400, "filerUrl": "", "transactionText": "", "filerName": "Mehta (Jinal Sudhir)", "filerRelation": "Promoter", "moneyText": "", "startDate": "2017-03-28", "ownership": "D"}, {"maxAge": 1, "shares": 6283860, "filerUrl": "", "transactionText": "", "filerName": "Mehta (Samir Uttamlal)", "filerRelation": "Executive Chairman", "moneyText": "", "startDate": "2017-03-28", "ownership": "D"}, {"maxAge": 1, "shares": 2079900, "filerUrl": "", "transactionText": "", "filerName": "Mehta (Samir Uttamlal) HUF", "filerRelation": "Promoter", "moneyText": "", "startDate": "2017-03-28", "ownership": "D"}, {"maxAge": 1, "shares": 5885276, "filerUrl": "", "transactionText": "", "filerName": "Mehta (Sudhir Uttamlal)", "filerRelation": "Non Executive Chairman", "moneyText": "", "startDate": "2017-03-28", "ownership": "D"}, {"maxAge": 1, "shares": 1717380, "filerUrl": "", "transactionText": "", "filerName": "Mehta (Sudhir Uttamlal) HUF", "filerRelation": "Promoter", "moneyText": "", "startDate": "2017-03-28", "ownership": "D"}, {"maxAge": 1, "shares": 1749900, "filerUrl": "", "transactionText": "", "filerName": "Mehta (Varun Sudhir)", "filerRelation": "Non Executive Chairman", "moneyText": "", "startDate": "2017-03-28", "ownership": "D"}, {"maxAge": 1, "shares": 25589384, "filerUrl": "", "transactionText": "", "filerName": "Torrent Pvt. Ltd.", "filerRelation": "Promoter", "moneyText": "", "startDate": "2017-03-28", "ownership": "D"}, {"maxAge": 1, "shares": 10200, "filerUrl": "", "transactionText": "", "filerName": "Bhatt (Markand)", "filerRelation": "Director (Non-Executive)", "moneyText": "", "startDate": "2017-03-22", "ownership": "D"}, {"maxAge": 1, "shares": 874900, "filerUrl": "", "transactionText": "", "filerName": "Mehta (Aman)", "filerRelation": "Promoter", "moneyText": "", "startDate": "2017-03-22", "ownership": "D"}, {"maxAge": 1, "shares": 6179382, "filerUrl": "", "transactionText": "", "filerName": "Mehta (Sapna Samir)", "filerRelation": "Promoter", "moneyText": "", "startDate": "2017-03-22", "ownership": "D"}, {"maxAge": 1, "shares": 1749900, "filerUrl": "", "transactionText": "", "filerName": "Mehta (Shaan S)", "filerRelation": "Promoter", "moneyText": "", "startDate": "2017-03-22", "ownership": "D"}, {"maxAge": 1, "shares": 3451278, "filerUrl": "", "transactionText": "", "filerName": "Mehta (Anita Sudhir)", "filerRelation": "Promoter", "moneyText": "", "startDate": "2015-02-05", "ownership": "D"}, {"maxAge": 1, "shares": 2377480, "filerUrl": "", "transactionText": "", "filerName": "Mehta (Samir Uttamlal)", "filerRelation": "Executive Chairman", "moneyText": "", "startDate": "2015-02-05", "ownership": "D"}, {"maxAge": 1, "shares": 221000, "filerUrl": "", "transactionText": "", "filerName": "Mehta (Samir Uttamlal)", "filerRelation": "Executive Chairman", "moneyText": "", "startDate": "2015-02-05", "ownership": "D"}, {"maxAge": 1, "shares": 221000, "filerUrl": "", "transactionText": "", "filerName": "Modi (Ruchir)", "filerRelation": "UNREPORTED", "moneyText": "", "startDate": "2015-02-05", "ownership": "D"}, {"maxAge": 1, "shares": 3000, "filerUrl": "", "transactionText": "", "filerName": "Haribhakti (Shailesh V)", "filerRelation": "Director (Non-Executive)", "moneyText": "", "startDate": "2013-06-03", "ownership": "D"}, {"maxAge": 1, "shares": 100, "filerUrl": "", "transactionText": "", "filerName": "Bhatt (Gunjan & Markand Induprasad)", "filerRelation": "UNREPORTED", "moneyText": "", "startDate": "2013-03-25", "ownership": "D"}, {"maxAge": 1, "shares": 100, "filerUrl": "", "transactionText": "", "filerName": "Bhatt (Munjal Markand & Nandini Markand)", "filerRelation": "UNREPORTED", "moneyText": "", "startDate": "2013-03-25", "ownership": "D"}, {"maxAge": 1, "shares": 1000, "filerUrl": "", "transactionText": "", "filerName": "Bhatt (Gunjan & Markand Induprasad)", "filerRelation": "UNREPORTED", "moneyText": "", "startDate": "2013-03-15", "ownership": "D"}, {"maxAge": 1, "shares": 1000, "filerUrl": "", "transactionText": "", "filerName": "Bhatt (Munjal Markand & Nandini Markand)", "filerRelation": "UNREPORTED", "moneyText": "", "startDate": "2013-03-15", "ownership": "D"}, {"maxAge": 1, "shares": 500, "filerUrl": "", "transactionText": "", "filerName": "Bhatt (Gunjan & Markand Induprasad)", "filerRelation": "UNREPORTED", "moneyText": "", "startDate": "2013-03-14", "ownership": "D"}, {"maxAge": 1, "shares": 500, "filerUrl": "", "transactionText": "", "filerName": "Bhatt (Munjal Markand & Nandini Markand)", "filerRelation": "UNREPORTED", "moneyText": "", "startDate": "2013-03-14", "ownership": "D"}, {"maxAge": 1, "shares": 500, "filerUrl": "", "transactionText": "", "filerName": "Bhatt (Gunjan & Markand Induprasad)", "filerRelation": "UNREPORTED", "moneyText": "", "startDate": "2013-03-13", "ownership": "D"}, {"maxAge": 1, "shares": 500, "filerUrl": "", "transactionText": "", "filerName": "Bhatt (Munjal Markand & Nandini Markand)", "filerRelation": "UNREPORTED", "moneyText": "", "startDate": "2013-03-13", "ownership": "D"}, {"maxAge": 1, "shares": 575, "filerUrl": "", "transactionText": "", "filerName": "Bhatt (Gunjan & Markand Induprasad)", "filerRelation": "UNREPORTED", "moneyText": "", "startDate": "2013-02-27", "ownership": "D"}, {"maxAge": 1, "shares": 575, "filerUrl": "", "transactionText": "", "filerName": "Bhatt (Munjal Markand & Nandini Markand)", "filerRelation": "UNREPORTED", "moneyText": "", "startDate": "2013-02-27", "ownership": "D"}, {"maxAge": 1, "shares": 500, "filerUrl": "", "transactionText": "", "filerName": "Bhatt (Gunjan & Markand Induprasad)", "filerRelation": "UNREPORTED", "moneyText": "", "startDate": "2013-02-26", "ownership": "D"}, {"maxAge": 1, "shares": 561, "filerUrl": "", "transactionText": "", "filerName": "Bhatt (Munjal Markand & Nandini Markand)", "filerRelation": "UNREPORTED", "moneyText": "", "startDate": "2013-02-26", "ownership": "D"}, {"maxAge": 1, "shares": 1500, "filerUrl": "", "transactionText": "", "filerName": "Mehta (Jinal Sudhir)", "filerRelation": "Promoter", "moneyText": "", "startDate": "2013-02-26", "ownership": "D"}, {"maxAge": 1, "shares": 600, "filerUrl": "", "transactionText": "", "filerName": "Bhatt (Gunjan & Markand Induprasad)", "filerRelation": "UNREPORTED", "moneyText": "", "startDate": "2013-02-21", "ownership": "D"}, {"maxAge": 1, "shares": 600, "filerUrl": "", "transactionText": "", "filerName": "Bhatt (Munjal Markand & Nandini Markand)", "filerRelation": "UNREPORTED", "moneyText": "", "startDate": "2013-02-21", "ownership": "D"}, {"maxAge": 1, "shares": 100, "filerUrl": "", "transactionText": "", "filerName": "Bhatt (Gunjan & Markand Induprasad)", "filerRelation": "UNREPORTED", "moneyText": "", "startDate": "2013-02-12", "ownership": "D"}, {"maxAge": 1, "shares": 3, "filerUrl": "", "transactionText": "", "filerName": "Bhatt (Munjal Markand & Nandini Markand)", "filerRelation": "UNREPORTED", "moneyText": "", "startDate": "2013-02-12", "ownership": "D"}, {"maxAge": 1, "shares": 900, "filerUrl": "", "transactionText": "", "filerName": "Bhatt (Gunjan & Markand Induprasad)", "filerRelation": "UNREPORTED", "moneyText": "", "startDate": "2013-02-08", "ownership": "D"}, {"maxAge": 1, "shares": 936, "filerUrl": "", "transactionText": "", "filerName": "Bhatt (Munjal Markand & Nandini Markand)", "filerRelation": "UNREPORTED", "moneyText": "", "startDate": "2013-02-08", "ownership": "D"}, {"maxAge": 1, "shares": 325, "filerUrl": "", "transactionText": "", "filerName": "Bhatt (Gunjan & Markand Induprasad)", "filerRelation": "UNREPORTED", "moneyText": "", "startDate": "2013-02-07", "ownership": "D"}, {"maxAge": 1, "shares": 325, "filerUrl": "", "transactionText": "", "filerName": "Bhatt (Munjal Markand & Nandini Markand)", "filerRelation": "UNREPORTED", "moneyText": "", "startDate": "2013-02-07", "ownership": "D"}, {"maxAge": 1, "shares": 275000, "filerUrl": "", "transactionText": "", "filerName": "Mehta (Aman)", "filerRelation": "UNREPORTED", "moneyText": "", "startDate": "2010-03-18", "ownership": "D"}, {"maxAge": 1, "shares": 1599634, "filerUrl": "", "transactionText": "", "filerName": "Mehta (Anita Sudhir)", "filerRelation": "Promoter", "moneyText": "", "startDate": "2010-03-18", "ownership": "D"}, {"maxAge": 1, "shares": 875000, "filerUrl": "", "transactionText": "", "filerName": "Mehta (Samir Uttamlal)", "filerRelation": "Managing Director", "moneyText": "", "startDate": "2010-03-18", "ownership": "D"}, {"maxAge": 1, "shares": 2070122, "filerUrl": "", "transactionText": "", "filerName": "Mehta (Sapna Samir)", "filerRelation": "UNREPORTED", "moneyText": "", "startDate": "2010-03-18", "ownership": "D"}, {"maxAge": 1, "shares": 5853880, "filerUrl": "", "transactionText": "", "filerName": "Mehta (Shardaben U)", "filerRelation": "UNREPORTED", "moneyText": "", "startDate": "2010-03-18", "ownership": "D"}], "maxAge": 1}, "quoteType": {"exchange": "BSE", "quoteType": "EQUITY", "symbol": "TORNTPHARM.BO", "underlyingSymbol": "TORNTPHARM.BO", "shortName": "TORRENT PHARMACEUTICALS LTD.", "longName": "Torrent Pharmaceuticals Limited", "firstTradeDateEpochUtc": "1995-05-02 09:15:00", "timeZoneFullName": "Asia/Kolkata", "timeZoneShortName": "IST", "uuid": "667d6d7a-1a67-3f4b-b4e5-eacb108ae36f", "gmtOffSetMilliseconds": 19800000, "maxAge": 1}, "incomeStatementHistory": {"incomeStatementHistory": [{"maxAge": 1, "endDate": "2020-03-31", "totalRevenue": 79393100000, "costOfRevenue": 21669200000, "grossProfit": 57723900000, "researchDevelopment": {}, "sellingGeneralAdministrative": 14290400000, "nonRecurring": {}, "otherOperatingExpenses": 21729900000, "totalOperatingExpenses": 64204600000, "operatingIncome": 15188500000, "totalOtherIncomeExpenseNet": -3322800000, "ebit": 15188500000, "interestExpense": -4483600000, "incomeBeforeTax": 11865700000, "incomeTaxExpense": 1618500000, "minorityInterest": {}, "netIncomeFromContinuingOps": 10247200000, "discontinuedOperations": {}, "extraordinaryItems": {}, "effectOfAccountingCharges": {}, "otherItems": {}, "netIncome": 10247200000, "netIncomeApplicableToCommonShares": 10247200000}, {"maxAge": 1, "endDate": "2019-03-31", "totalRevenue": 76728000000, "costOfRevenue": 22196900000, "grossProfit": 54531100000, "researchDevelopment": {}, "sellingGeneralAdministrative": 14037900000, "nonRecurring": {}, "otherOperatingExpenses": 20662600000, "totalOperatingExpenses": 63041300000, "operatingIncome": 13686700000, "totalOtherIncomeExpenseNet": -8070100000, "ebit": 13686700000, "interestExpense": -5011000000, "incomeBeforeTax": 5616600000, "incomeTaxExpense": 1253500000, "minorityInterest": {}, "netIncomeFromContinuingOps": 4363100000, "discontinuedOperations": {}, "extraordinaryItems": {}, "effectOfAccountingCharges": {}, "otherItems": {}, "netIncome": 4362800000, "netIncomeApplicableToCommonShares": 4362800000}, {"maxAge": 1, "endDate": "2018-03-31", "totalRevenue": 59498300000, "costOfRevenue": 16734700000, "grossProfit": 42763600000, "researchDevelopment": {}, "sellingGeneralAdministrative": 11352500000, "nonRecurring": {}, "otherOperatingExpenses": 17800800000, "totalOperatingExpenses": 49974000000, "operatingIncome": 9524300000, "totalOtherIncomeExpenseNet": -214200000, "ebit": 9524300000, "interestExpense": -3047900000, "incomeBeforeTax": 9310100000, "incomeTaxExpense": 2528700000, "minorityInterest": 5200000, "netIncomeFromContinuingOps": 6781400000, "discontinuedOperations": {}, "extraordinaryItems": {}, "effectOfAccountingCharges": {}, "otherItems": {}, "netIncome": 6781100000, "netIncomeApplicableToCommonShares": 6781100000}, {"maxAge": 1, "endDate": "2017-03-31", "totalRevenue": 58156900000, "costOfRevenue": 17504300000, "grossProfit": 40652600000, "researchDevelopment": {}, "sellingGeneralAdministrative": 9934100000, "nonRecurring": {}, "otherOperatingExpenses": 16945800000, "totalOperatingExpenses": 47318300000, "operatingIncome": 10838600000, "totalOtherIncomeExpenseNet": 42300000, "ebit": 10838600000, "interestExpense": -2029100000, "incomeBeforeTax": 10880900000, "incomeTaxExpense": 1545100000, "minorityInterest": 4900000, "netIncomeFromContinuingOps": 9335800000, "discontinuedOperations": {}, "extraordinaryItems": {}, "effectOfAccountingCharges": {}, "otherItems": {}, "netIncome": 9335500000, "netIncomeApplicableToCommonShares": 9335500000}], "maxAge": 86400}, "fundOwnership": {"ownershipList": [], "maxAge": 1}, "summaryDetail": {"maxAge": 1, "priceHint": 2, "previousClose": 2499.75, "open": 2495.0, "dayLow": 2487.25, "dayHigh": 2543.75, "regularMarketPreviousClose": 2499.75, "regularMarketOpen": 2495.0, "regularMarketDayLow": 2487.25, "regularMarketDayHigh": 2543.75, "trailingPE": 37.569794, "forwardPE": 33.57458, "volume": 8535, "regularMarketVolume": 8535, "averageVolume": 13863, "averageVolume10days": 9160, "averageDailyVolume10Day": 9160, "bid": 2500.15, "ask": 2507.85, "bidSize": 0, "askSize": 0, "marketCap": 424696446976, "fiftyTwoWeekLow": 1619.0, "fiftyTwoWeekHigh": 3040.0, "fiftyDayAverage": 2745.6667, "twoHundredDayAverage": 2704.6082, "trailingAnnualDividendRate": 17.0, "trailingAnnualDividendYield": 0.00680068, "currency": "INR", "fromCurrency": null, "lastMarket": null, "algorithm": null, "tradeable": false}, "sectorTrend": {"maxAge": 1, "symbol": null, "estimates": []}, "incomeStatementHistoryQuarterly": {"incomeStatementHistory": [{"maxAge": 1, "endDate": "2020-06-30", "totalRevenue": 20560000000, "costOfRevenue": 5350000000, "grossProfit": 15210000000, "researchDevelopment": {}, "sellingGeneralAdministrative": 3730000000, "nonRecurring": {}, "otherOperatingExpenses": 4870000000, "totalOperatingExpenses": 15560000000, "operatingIncome": 5000000000, "totalOtherIncomeExpenseNet": -980000000, "ebit": 5000000000, "interestExpense": -1020000000, "incomeBeforeTax": 4020000000, "incomeTaxExpense": 810000000, "minorityInterest": {}, "netIncomeFromContinuingOps": 3210000000, "discontinuedOperations": {}, "extraordinaryItems": {}, "effectOfAccountingCharges": {}, "otherItems": {}, "netIncome": 3210000000, "netIncomeApplicableToCommonShares": 3210000000}, {"maxAge": 1, "endDate": "2020-03-31", "totalRevenue": 19463100000, "costOfRevenue": 5279200000, "grossProfit": 14183900000, "researchDevelopment": {}, "sellingGeneralAdministrative": 3360400000, "nonRecurring": {}, "otherOperatingExpenses": 5339900000, "totalOperatingExpenses": 15634600000, "operatingIncome": 3828500000, "totalOtherIncomeExpenseNet": -902800000, "ebit": 3828500000, "interestExpense": -993600000, "incomeBeforeTax": 2925700000, "incomeTaxExpense": -211500000, "minorityInterest": {}, "netIncomeFromContinuingOps": 3137200000, "discontinuedOperations": {}, "extraordinaryItems": {}, "effectOfAccountingCharges": {}, "otherItems": {}, "netIncome": 3137200000, "netIncomeApplicableToCommonShares": 3137200000}, {"maxAge": 1, "endDate": "2019-12-31", "totalRevenue": 19660000000, "costOfRevenue": 5420000000, "grossProfit": 14240000000, "researchDevelopment": {}, "sellingGeneralAdministrative": 3540000000, "nonRecurring": {}, "otherOperatingExpenses": 5300000000, "totalOperatingExpenses": 15890000000, "operatingIncome": 3770000000, "totalOtherIncomeExpenseNet": -580000000, "ebit": 3770000000, "interestExpense": -1110000000, "incomeBeforeTax": 3190000000, "incomeTaxExpense": 680000000, "minorityInterest": {}, "netIncomeFromContinuingOps": 2510000000, "discontinuedOperations": {}, "extraordinaryItems": {}, "effectOfAccountingCharges": {}, "otherItems": {}, "netIncome": 2510000000, "netIncomeApplicableToCommonShares": 2510000000}, {"maxAge": 1, "endDate": "2019-09-30", "totalRevenue": 20050000000, "costOfRevenue": 5380000000, "grossProfit": 14670000000, "researchDevelopment": {}, "sellingGeneralAdministrative": 3580000000, "nonRecurring": {}, "otherOperatingExpenses": 5680000000, "totalOperatingExpenses": 16270000000, "operatingIncome": 3780000000, "totalOtherIncomeExpenseNet": -820000000, "ebit": 3780000000, "interestExpense": -1160000000, "incomeBeforeTax": 2960000000, "incomeTaxExpense": 520000000, "minorityInterest": {}, "netIncomeFromContinuingOps": 2440000000, "discontinuedOperations": {}, "extraordinaryItems": {}, "effectOfAccountingCharges": {}, "otherItems": {}, "netIncome": 2440000000, "netIncomeApplicableToCommonShares": 2440000000}], "maxAge": 86400}, "cashflowStatementHistoryQuarterly": {"cashflowStatements": [{"maxAge": 1, "endDate": "2020-06-30", "netIncome": 3210000000, "changeToLiabilities": 0}, {"maxAge": 1, "endDate": "2020-03-31", "netIncome": 3137200000, "changeToLiabilities": 0}, {"maxAge": 1, "endDate": "2019-12-31", "netIncome": 2510000000, "changeToLiabilities": 0}, {"maxAge": 1, "endDate": "2019-09-30", "netIncome": 2440000000, "changeToLiabilities": 0}], "maxAge": 86400}, "insiderHolders": {"holders": [{"maxAge": 1, "name": "Haribhakti (Shailesh V)", "relation": "Director (Non-Executive)", "url": "", "transactionDescription": "Sale", "latestTransDate": "2017-12-28", "positionDirectDate": "2017-12-28"}, {"maxAge": 1, "name": "Mehta (Anita Sudhir)", "relation": "Promoter", "url": "", "transactionDescription": "Other", "latestTransDate": "2017-03-28", "positionDirect": 100, "positionDirectDate": "2017-03-28"}, {"maxAge": 1, "name": "Mehta (Jinal Sudhir)", "relation": "Promoter", "url": "", "transactionDescription": "Other", "latestTransDate": "2017-03-28", "positionDirect": 100, "positionDirectDate": "2017-03-28"}, {"maxAge": 1, "name": "Mehta (Samir Uttamlal)", "relation": "Executive Chairman", "url": "", "transactionDescription": "Other", "latestTransDate": "2017-03-28", "positionDirect": 100, "positionDirectDate": "2017-03-28"}, {"maxAge": 1, "name": "Mehta (Samir Uttamlal) HUF", "relation": "Promoter", "url": "", "transactionDescription": "Other", "latestTransDate": "2017-03-28", "positionDirect": 100, "positionDirectDate": "2017-03-28"}, {"maxAge": 1, "name": "Mehta (Sapna Samir)", "relation": "Promoter", "url": "", "transactionDescription": "Other", "latestTransDate": "2017-03-29", "positionDirect": 100, "positionDirectDate": "2017-03-29"}, {"maxAge": 1, "name": "Mehta (Sudhir Uttamlal)", "relation": "Non Executive Chairman", "url": "", "transactionDescription": "Other", "latestTransDate": "2017-03-28", "positionDirect": 100, "positionDirectDate": "2017-03-28"}, {"maxAge": 1, "name": "Shah (Ameera)", "relation": "Director (Independent)", "url": "", "transactionDescription": "Sale", "latestTransDate": "2020-02-25", "positionDirect": 0, "positionDirectDate": "2020-02-25"}, {"maxAge": 1, "name": "Shah (Karan)", "relation": "UNREPORTED", "url": "", "transactionDescription": "Acquisition", "latestTransDate": "2020-03-31", "positionDirect": 1085, "positionDirectDate": "2020-03-31"}, {"maxAge": 1, "name": "Torrent Pvt. Ltd.", "relation": "Promoter", "url": "", "transactionDescription": "Other", "latestTransDate": "2017-03-29", "positionDirect": 120563720, "positionDirectDate": "2017-03-29"}], "maxAge": 1}, "earnings": {"maxAge": 86400, "earningsChart": {"quarterly": [{"date": "4Q2017", "actual": 3.37, "estimate": 13.4}, {"date": "1Q2018", "actual": 13.55, "estimate": 9.68}, {"date": "2Q2018", "actual": 9.66, "estimate": 10.46}, {"date": "3Q2018", "actual": 10.57, "estimate": 11.43}], "currentQuarterEstimateDate": "4Q", "currentQuarterEstimateYear": 2018, "earningsDate": []}, "financialsChart": {"yearly": [{"date": 2017, "revenue": 58156900000, "earnings": 9335500000}, {"date": 2018, "revenue": 59498300000, "earnings": 6781100000}, {"date": 2019, "revenue": 76728000000, "earnings": 4362800000}, {"date": 2020, "revenue": 79393100000, "earnings": 10247200000}], "quarterly": [{"date": "3Q2019", "revenue": 20050000000, "earnings": 2440000000}, {"date": "4Q2019", "revenue": 19660000000, "earnings": 2510000000}, {"date": "1Q2020", "revenue": 19463100000, "earnings": 3137200000}, {"date": "2Q2020", "revenue": 20560000000, "earnings": 3210000000}]}, "financialCurrency": "INR"}, "calendarEvents": {"maxAge": 1, "earnings": {"earningsDate": [], "revenueAverage": 19881500000, "revenueLow": 19744000000, "revenueHigh": 20019000000}}, "upgradeDowngradeHistory": {"history": [], "maxAge": 86400}, "price": {"maxAge": 1, "regularMarketChangePercent": 0.0039803786, "regularMarketChange": 9.949951, "regularMarketTime": "2021-04-30 15:28:56", "priceHint": 2, "regularMarketPrice": 2509.7, "regularMarketDayHigh": 2543.75, "regularMarketDayLow": 2487.25, "regularMarketVolume": 8535, "averageDailyVolume10Day": 9160, "averageDailyVolume3Month": 13863, "regularMarketPreviousClose": 2499.75, "regularMarketSource": "FREE_REALTIME", "regularMarketOpen": 2495.0, "exchange": "BSE", "exchangeName": "BSE", "exchangeDataDelayedBy": 0, "marketState": "CLOSED", "quoteType": "EQUITY", "symbol": "TORNTPHARM.BO", "underlyingSymbol": null, "shortName": "TORRENT PHARMACEUTICALS LTD.", "longName": "Torrent Pharmaceuticals Limited", "currency": "INR", "quoteSourceName": "Delayed Quote", "currencySymbol": "\u20b9", "fromCurrency": null, "lastMarket": null, "marketCap": 424696446976}, "balanceSheetHistory": {"balanceSheetStatements": [{"maxAge": 1, "endDate": "2020-03-31", "cash": 6661700000, "shortTermInvestments": 4800000, "netReceivables": 19899700000, "inventory": 21482200000, "otherCurrentAssets": 1514700000, "totalCurrentAssets": 50089700000, "longTermInvestments": 934700000, "propertyPlantEquipment": 35299200000, "goodWill": 3420900000, "intangibleAssets": 43730400000, "otherAssets": 6903000000, "deferredLongTermAssetCharges": 4332100000, "totalAssets": 140377900000, "accountsPayable": 20768300000, "shortLongTermDebt": 14182800000, "otherCurrentLiab": 5437600000, "longTermDebt": 32752200000, "otherLiab": 4285100000, "totalCurrentLiabilities": 54822100000, "totalLiab": 92145700000, "commonStock": 846200000, "retainedEarnings": 45414300000, "treasuryStock": 1928300000, "capitalSurplus": 43400000, "otherStockholderEquity": 1928300000, "totalStockholderEquity": 48232200000, "netTangibleAssets": 1080900000}, {"maxAge": 1, "endDate": "2019-03-31", "cash": 5926800000, "shortTermInvestments": 2233600000, "netReceivables": 17788000000, "inventory": 19351500000, "otherCurrentAssets": 1158000000, "totalCurrentAssets": 50375400000, "longTermInvestments": 647200000, "propertyPlantEquipment": 32799900000, "goodWill": 3347900000, "intangibleAssets": 47500500000, "otherAssets": 6538300000, "deferredLongTermAssetCharges": 3698500000, "totalAssets": 141209200000, "accountsPayable": 20966700000, "shortLongTermDebt": 11910700000, "otherCurrentLiab": 5273100000, "longTermDebt": 39129200000, "otherLiab": 3183300000, "totalCurrentLiabilities": 51653200000, "totalLiab": 93965700000, "commonStock": 846200000, "retainedEarnings": 41272300000, "treasuryStock": 5081600000, "capitalSurplus": 43400000, "otherStockholderEquity": 5081600000, "totalStockholderEquity": 47243500000, "netTangibleAssets": -3604900000}, {"maxAge": 1, "endDate": "2018-03-31", "cash": 8672300000, "shortTermInvestments": 312900000, "netReceivables": 16836900000, "inventory": 19663000000, "otherCurrentAssets": 2159100000, "totalCurrentAssets": 52624100000, "longTermInvestments": 2300000, "propertyPlantEquipment": 28400100000, "goodWill": 3985200000, "intangibleAssets": 52630900000, "otherAssets": 4789600000, "deferredLongTermAssetCharges": 2759200000, "totalAssets": 142432200000, "accountsPayable": 20482400000, "shortLongTermDebt": 7252600000, "otherCurrentLiab": 4701700000, "longTermDebt": 41114600000, "otherLiab": 3068800000, "minorityInterest": 5200000, "totalCurrentLiabilities": 52021700000, "totalLiab": 96205100000, "commonStock": 846200000, "retainedEarnings": 38291600000, "treasuryStock": 7040700000, "capitalSurplus": 43400000, "otherStockholderEquity": 7040700000, "totalStockholderEquity": 46221900000, "netTangibleAssets": -10394200000}, {"maxAge": 1, "endDate": "2017-03-31", "cash": 8937200000, "shortTermInvestments": 150300000, "netReceivables": 12472400000, "inventory": 15591500000, "otherCurrentAssets": 3520900000, "totalCurrentAssets": 48794700000, "longTermInvestments": 2500000, "propertyPlantEquipment": 23343100000, "goodWill": 1595000000, "intangibleAssets": 17141200000, "otherAssets": 6144400000, "deferredLongTermAssetCharges": 3098800000, "totalAssets": 97020900000, "accountsPayable": 17493200000, "shortLongTermDebt": 2693000000, "otherCurrentLiab": 4631000000, "longTermDebt": 22408300000, "otherLiab": 3723800000, "minorityInterest": 4900000, "totalCurrentLiabilities": 27382600000, "totalLiab": 53514700000, "commonStock": 846200000, "retainedEarnings": 37667000000, "treasuryStock": 4944700000, "capitalSurplus": 43400000, "otherStockholderEquity": 4944700000, "totalStockholderEquity": 43501300000, "netTangibleAssets": 24765100000}], "maxAge": 86400}, "earningsTrend": {"trend": [{"maxAge": 1, "period": "0q", "endDate": "2018-12-31", "growth": {}, "earningsEstimate": {"avg": 0.0, "low": 0.0, "high": 0.0, "yearAgoEps": 3.37, "numberOfAnalysts": 0, "growth": {}}, "revenueEstimate": {"avg": 19881500000, "low": 19744000000, "high": 20019000000, "numberOfAnalysts": 2, "yearAgoRevenue": 14770000000, "growth": 0.346}, "epsTrend": {"current": 0.0, "7daysAgo": 13.47, "30daysAgo": 13.47, "60daysAgo": 13.47, "90daysAgo": 13.47}, "epsRevisions": {"upLast7days": 0, "upLast30days": 0, "downLast30days": 0, "downLast90days": {}}}, {"maxAge": 1, "period": "+1q", "endDate": "2019-03-31", "growth": {}, "earningsEstimate": {"avg": 0.0, "low": 0.0, "high": 0.0, "yearAgoEps": 13.55, "numberOfAnalysts": 0, "growth": {}}, "revenueEstimate": {"avg": 21022000000, "low": 20143000000, "high": 21901000000, "numberOfAnalysts": 2, "yearAgoRevenue": 17220000000, "growth": 0.221}, "epsTrend": {"current": 0.0, "7daysAgo": 14.17, "30daysAgo": 14.17, "60daysAgo": 14.17, "90daysAgo": 14.17}, "epsRevisions": {"upLast7days": 0, "upLast30days": 1, "downLast30days": 0, "downLast90days": {}}}, {"maxAge": 1, "period": "0y", "endDate": "2019-03-31", "growth": {}, "earningsEstimate": {"avg": 0.0, "low": 0.0, "high": 0.0, "yearAgoEps": {}, "numberOfAnalysts": 0, "growth": {}}, "revenueEstimate": {"avg": 76816500000, "low": 72108000000, "high": 82358000000, "numberOfAnalysts": 27, "yearAgoRevenue": 60020000000, "growth": 0.28}, "epsTrend": {"current": 0.0, "7daysAgo": 47.94, "30daysAgo": 47.94, "60daysAgo": 47.94, "90daysAgo": 47.94}, "epsRevisions": {"upLast7days": 0, "upLast30days": 0, "downLast30days": 0, "downLast90days": {}}}, {"maxAge": 1, "period": "+1y", "endDate": "2020-03-31", "growth": {}, "earningsEstimate": {"avg": 0.0, "low": 0.0, "high": 0.0, "yearAgoEps": {}, "numberOfAnalysts": 0, "growth": {}}, "revenueEstimate": {"avg": 87522800000, "low": 81566000000, "high": 96064000000, "numberOfAnalysts": 27, "yearAgoRevenue": 76816500000, "growth": 0.139}, "epsTrend": {"current": 0.0, "7daysAgo": 65.82, "30daysAgo": 65.82, "60daysAgo": 65.82, "90daysAgo": 65.82}, "epsRevisions": {"upLast7days": 0, "upLast30days": 0, "downLast30days": 0, "downLast90days": {}}}, {"maxAge": 1, "period": "+5y", "endDate": null, "growth": 0.34, "earningsEstimate": {"avg": {}, "low": {}, "high": {}, "yearAgoEps": {}, "numberOfAnalysts": {}, "growth": {}}, "revenueEstimate": {"avg": {}, "low": {}, "high": {}, "numberOfAnalysts": {}, "yearAgoRevenue": {}, "growth": {}}, "epsTrend": {"current": {}, "7daysAgo": {}, "30daysAgo": {}, "60daysAgo": {}, "90daysAgo": {}}, "epsRevisions": {"upLast7days": {}, "upLast30days": {}, "downLast30days": {}, "downLast90days": {}}}, {"maxAge": 1, "period": "-5y", "endDate": null, "growth": {}, "earningsEstimate": {"avg": {}, "low": {}, "high": {}, "yearAgoEps": {}, "numberOfAnalysts": {}, "growth": {}}, "revenueEstimate": {"avg": {}, "low": {}, "high": {}, "numberOfAnalysts": {}, "yearAgoRevenue": {}, "growth": {}}, "epsTrend": {"current": {}, "7daysAgo": {}, "30daysAgo": {}, "60daysAgo": {}, "90daysAgo": {}}, "epsRevisions": {"upLast7days": {}, "upLast30days": {}, "downLast30days": {}, "downLast90days": {}}}], "maxAge": 1}, "financialData": {"maxAge": 86400, "currentPrice": 2509.7, "targetHighPrice": 2100.0, "targetLowPrice": 1333.0, "targetMeanPrice": 1757.0, "targetMedianPrice": 1825.0, "recommendationKey": "none", "numberOfAnalystOpinions": 26, "grossProfits": 57723900000, "financialCurrency": "INR"}}}