{"TOTAL.NS": {"assetProfile": {"address1": "T Square", "address2": "7th floor, Opp. Chandivali Petrol Pump Saki Vihar Road Andheri (East)", "city": "Mumbai", "zip": "400072", "country": "India", "phone": "91 22 6644 1500", "fax": "91 22 6644 1585", "website": "http://www.ttspl.in", "industry": "Integrated Freight & Logistics", "sector": "Industrials", "longBusinessSummary": "Total Transport Systems Limited provides logistic services worldwide. It engages in the consolidation and deconsolidation of cargo, freight forwarding, and warehousing and transportation for Fareast and The Gulf. The company was founded in 1994 and is headquartered in Mumbai, India.", "fullTimeEmployees": 315, "companyOfficers": [{"maxAge": 1, "name": "Mr. Makarand Prabhakar Pradhan", "age": 56, "title": "MD & Exec. Director", "yearBorn": 1964, "fiscalYear": 2020, "totalPay": 5751789, "exercisedValue": 0, "unexercisedValue": 0}, {"maxAge": 1, "name": "Mr. Shrikant Damodar Nibandhe", "age": 55, "title": "CFO & Exec. Director", "yearBorn": 1965, "fiscalYear": 2020, "totalPay": 6000000, "exercisedValue": 0, "unexercisedValue": 0}, {"maxAge": 1, "name": "Mr. Bhavik S. Trivedi", "title": "Company Sec. & Compliance Officer", "fiscalYear": 2020, "totalPay": 458515, "exercisedValue": 0, "unexercisedValue": 0}, {"maxAge": 1, "name": "Mr. Sanjiv Arvind Potnis", "age": 53, "title": "Exec. Director", "yearBorn": 1967, "fiscalYear": 2020, "totalPay": 6183522, "exercisedValue": 0, "unexercisedValue": 0}], "compensationAsOfEpochDate": "2020-12-31 05:30:00", "maxAge": 86400}, "cashflowStatementHistory": {"cashflowStatements": [{"maxAge": 1, "endDate": "2020-03-31", "netIncome": 20936167, "depreciation": 12144163, "changeToNetincome": -9139752, "changeToAccountReceivables": -499670698, "changeToLiabilities": 355882473, "changeToOperatingActivities": 94211163, "totalCashFromOperatingActivities": -25636484, "capitalExpenditures": -1500600, "investments": -1500000, "otherCashflowsFromInvestingActivities": -11115724, "totalCashflowsFromInvestingActivities": -13819323, "netBorrowings": -13988547, "otherCashflowsFromFinancingActivities": -21368123, "totalCashFromFinancingActivities": -35356670, "changeInCash": -74812477}, {"maxAge": 1, "endDate": "2019-03-31", "netIncome": 71815869, "depreciation": 12216510, "changeToNetincome": 21395282, "changeToAccountReceivables": -142002658, "changeToLiabilities": 25318143, "changeToOperatingActivities": 24389225, "totalCashFromOperatingActivities": 13132371, "capitalExpenditures": -19790187, "investments": -450000, "otherCashflowsFromInvestingActivities": -322192, "totalCashflowsFromInvestingActivities": -20555069, "netBorrowings": -20782009, "otherCashflowsFromFinancingActivities": -16821552, "totalCashFromFinancingActivities": -37603561, "changeInCash": -45026259}, {"maxAge": 1, "endDate": "2018-03-31", "netIncome": 78993927, "depreciation": 8690209, "changeToNetincome": 46069574, "changeToAccountReceivables": -153995566, "changeToLiabilities": -56636024, "changeToOperatingActivities": -22059395, "totalCashFromOperatingActivities": -98937275, "capitalExpenditures": -15060555, "investments": -423050, "otherCashflowsFromInvestingActivities": 1131397, "totalCashflowsFromInvestingActivities": -14352208, "netBorrowings": -38028678, "otherCashflowsFromFinancingActivities": -37532632, "totalCashFromFinancingActivities": 118208690, "changeInCash": 4919207, "issuanceOfStock": 193770000}, {"maxAge": 1, "endDate": "2017-03-31", "netIncome": 57748632, "depreciation": 11205052, "changeToNetincome": 24164351, "changeToAccountReceivables": -41103683, "changeToLiabilities": -135377870, "changeToOperatingActivities": -21744365, "totalCashFromOperatingActivities": -105107883, "capitalExpenditures": -2199175, "investments": -423050, "otherCashflowsFromInvestingActivities": 4159324, "totalCashflowsFromInvestingActivities": 1970149, "netBorrowings": 37291102, "otherCashflowsFromFinancingActivities": -28004015, "totalCashFromFinancingActivities": 9287087, "changeInCash": -93850646, "issuanceOfStock": 193770000}], "maxAge": 86400}, "institutionOwnership": {"ownershipList": [], "maxAge": 1}, "majorHoldersBreakdown": {"maxAge": 1}, "balanceSheetHistoryQuarterly": {"balanceSheetStatements": [{"maxAge": 1, "endDate": "2020-12-31", "cash": 27022000, "netReceivables": 822635000, "otherCurrentAssets": 1000, "totalCurrentAssets": 849658000, "longTermInvestments": 1449000, "propertyPlantEquipment": 79136000, "intangibleAssets": 1315000, "otherAssets": 37411000, "deferredLongTermAssetCharges": 8016000, "totalAssets": 968969000, "accountsPayable": 186167000, "otherCurrentLiab": 13022000, "longTermDebt": 2117000, "otherLiab": 33578000, "minorityInterest": 1258000, "totalCurrentLiabilities": 483974000, "totalLiab": 519669000, "commonStock": 143060000, "treasuryStock": 304982000, "otherStockholderEquity": 304982000, "totalStockholderEquity": 448042000, "netTangibleAssets": 446727000}, {"maxAge": 1, "endDate": "2020-09-30", "cash": 17484000, "netReceivables": 840417000, "totalCurrentAssets": 857901000, "longTermInvestments": 1618000, "propertyPlantEquipment": 78395000, "intangibleAssets": 1315000, "otherAssets": 32004000, "deferredLongTermAssetCharges": 7478000, "totalAssets": 971233000, "accountsPayable": 152127000, "otherCurrentLiab": 29033000, "longTermDebt": 2271000, "otherLiab": 34041000, "minorityInterest": 1138000, "totalCurrentLiabilities": 491129000, "totalLiab": 527441000, "commonStock": 143060000, "treasuryStock": 299594000, "otherStockholderEquity": 299594000, "totalStockholderEquity": 442654000, "netTangibleAssets": 441339000}, {"maxAge": 1, "endDate": "2020-06-30", "totalStockholderEquity": 471013483, "netTangibleAssets": 469698983}, {"maxAge": 1, "endDate": "2019-12-31"}], "maxAge": 86400}, "indexTrend": {"maxAge": 1, "symbol": "SP5", "peRatio": 19.7411, "pegRatio": 1.34172, "estimates": [{"period": "0q", "growth": 0.549}, {"period": "+1q", "growth": 0.431}, {"period": "0y", "growth": 0.305}, {"period": "+1y", "growth": 0.109}, {"period": "+5y", "growth": 0.120865}, {"period": "-5y"}]}, "defaultKeyStatistics": {"maxAge": 1, "priceHint": 2, "enterpriseValue": 801387392, "profitMargins": -0.01092, "floatShares": 3369395, "sharesOutstanding": 14306000, "beta": 1.478932, "category": null, "bookValue": 31.435, "priceToBook": 1.291554, "fundFamily": null, "legalType": null, "lastFiscalYearEnd": "2020-03-31 05:30:00", "nextFiscalYearEnd": "2022-03-31 05:30:00", "mostRecentQuarter": "2020-12-31 05:30:00", "earningsQuarterlyGrowth": -0.008, "netIncomeToCommon": -36713832, "trailingEps": -2.576, "lastSplitFactor": null, "enterpriseToRevenue": 0.238, "enterpriseToEbitda": -611.153}, "summaryProfile": {"address1": "T Square", "address2": "7th floor, Opp. Chandivali Petrol Pump Saki Vihar Road Andheri (East)", "city": "Mumbai", "zip": "400072", "country": "India", "phone": "91 22 6644 1500", "fax": "91 22 6644 1585", "website": "http://www.ttspl.in", "industry": "Integrated Freight & Logistics", "sector": "Industrials", "longBusinessSummary": "Total Transport Systems Limited provides logistic services worldwide. It engages in the consolidation and deconsolidation of cargo, freight forwarding, and warehousing and transportation for Fareast and The Gulf. The company was founded in 1994 and is headquartered in Mumbai, India.", "fullTimeEmployees": 315, "companyOfficers": [], "maxAge": 86400}, "netSharePurchaseActivity": {"maxAge": 1, "period": "6m", "buyInfoCount": 0, "buyInfoShares": 0, "sellInfoCount": 0, "netInfoCount": 0, "netInfoShares": 0, "totalInsiderShares": 0}, "quoteType": {"exchange": "NSI", "quoteType": "EQUITY", "symbol": "TOTAL.NS", "underlyingSymbol": "TOTAL.NS", "shortName": "Total Transport Sys Ltd", "longName": "Total Transport Systems Limited", "firstTradeDateEpochUtc": "2017-08-07 09:15:00", "timeZoneFullName": "Asia/Kolkata", "timeZoneShortName": "IST", "uuid": "6073e784-4be9-304e-8e49-45918d799668", "gmtOffSetMilliseconds": 19800000, "maxAge": 1}, "incomeStatementHistory": {"incomeStatementHistory": [{"maxAge": 1, "endDate": "2020-03-31", "totalRevenue": 3995722949, "costOfRevenue": 234241625, "grossProfit": 3761481324, "researchDevelopment": {}, "sellingGeneralAdministrative": 8583539, "nonRecurring": {}, "otherOperatingExpenses": 3681273057, "totalOperatingExpenses": 3936242384, "operatingIncome": 59480565, "totalOtherIncomeExpenseNet": -21721646, "ebit": 59480565, "interestExpense": -21368123, "incomeBeforeTax": 37758919, "incomeTaxExpense": 16613499, "minorityInterest": 1098844, "netIncomeFromContinuingOps": 21145420, "discontinuedOperations": {}, "extraordinaryItems": {}, "effectOfAccountingCharges": {}, "otherItems": {}, "netIncome": 20936167, "netIncomeApplicableToCommonShares": 20936167}, {"maxAge": 1, "endDate": "2019-03-31", "totalRevenue": 2561941082, "costOfRevenue": 213756837, "grossProfit": 2348184245, "researchDevelopment": {}, "sellingGeneralAdministrative": 8254256, "nonRecurring": {}, "otherOperatingExpenses": 2205968760, "totalOperatingExpenses": 2440196363, "operatingIncome": 121744719, "totalOtherIncomeExpenseNet": -15772596, "ebit": 121744719, "interestExpense": -16821552, "incomeBeforeTax": 105972123, "incomeTaxExpense": 33946083, "minorityInterest": 889591, "netIncomeFromContinuingOps": 72026040, "discontinuedOperations": {}, "extraordinaryItems": {}, "effectOfAccountingCharges": {}, "otherItems": {}, "netIncome": 71815869, "netIncomeApplicableToCommonShares": 71815869}, {"maxAge": 1, "endDate": "2018-03-31", "totalRevenue": 2135399534, "costOfRevenue": 172813732, "grossProfit": 1962585802, "researchDevelopment": {}, "sellingGeneralAdministrative": 7760585, "nonRecurring": {}, "otherOperatingExpenses": 1847533275, "totalOperatingExpenses": 2036797801, "operatingIncome": 98601733, "totalOtherIncomeExpenseNet": -15636383, "ebit": 98601733, "interestExpense": -19646545, "incomeBeforeTax": 82965350, "incomeTaxExpense": 3915236, "minorityInterest": 658537, "netIncomeFromContinuingOps": 79050114, "discontinuedOperations": {}, "extraordinaryItems": {}, "effectOfAccountingCharges": {}, "otherItems": {}, "netIncome": 78993927, "netIncomeApplicableToCommonShares": 78993927}, {"maxAge": 1, "endDate": "2017-03-31", "totalRevenue": 2129128651, "costOfRevenue": 164361290, "grossProfit": 1964767361, "researchDevelopment": {}, "sellingGeneralAdministrative": 6896149, "nonRecurring": {}, "otherOperatingExpenses": 1868231391, "totalOperatingExpenses": 2050693882, "operatingIncome": 78434769, "totalOtherIncomeExpenseNet": -23397247, "ebit": 78434769, "interestExpense": -28004015, "incomeBeforeTax": 55037522, "incomeTaxExpense": -2204385, "minorityInterest": 18045486, "netIncomeFromContinuingOps": 57241907, "discontinuedOperations": {}, "extraordinaryItems": {}, "effectOfAccountingCharges": {}, "otherItems": {}, "netIncome": 57748632, "netIncomeApplicableToCommonShares": 57748632}], "maxAge": 86400}, "fundOwnership": {"ownershipList": [], "maxAge": 1}, "summaryDetail": {"maxAge": 1, "priceHint": 2, "previousClose": 42.3, "open": 42.3, "dayLow": 39.85, "dayHigh": 45.05, "regularMarketPreviousClose": 42.3, "regularMarketOpen": 42.3, "regularMarketDayLow": 39.85, "regularMarketDayHigh": 45.05, "payoutRatio": 0.0, "beta": 1.478932, "volume": 135665, "regularMarketVolume": 135665, "averageVolume": 49652, "averageVolume10days": 14232, "averageDailyVolume10Day": 14232, "bid": 0.0, "ask": 0.0, "marketCap": 580823552, "fiftyTwoWeekLow": 17.5, "fiftyTwoWeekHigh": 84.05, "priceToSalesTrailing12Months": 0.17273584, "fiftyDayAverage": 50.34394, "twoHundredDayAverage": 52.89393, "currency": "INR", "fromCurrency": null, "lastMarket": null, "algorithm": null, "tradeable": false}, "incomeStatementHistoryQuarterly": {"incomeStatementHistory": [{"maxAge": 1, "endDate": "2020-12-31", "totalRevenue": 819354000, "costOfRevenue": 62360000, "grossProfit": 756994000, "researchDevelopment": {}, "sellingGeneralAdministrative": {}, "nonRecurring": {}, "otherOperatingExpenses": 743960000, "totalOperatingExpenses": 808894000, "operatingIncome": 10460000, "totalOtherIncomeExpenseNet": -5494000, "ebit": 10460000, "interestExpense": -5367000, "incomeBeforeTax": 4966000, "incomeTaxExpense": 0, "minorityInterest": 1258000, "netIncomeFromContinuingOps": 4966000, "discontinuedOperations": {}, "extraordinaryItems": {}, "effectOfAccountingCharges": {}, "otherItems": {}, "netIncome": 4846000, "netIncomeApplicableToCommonShares": 4846000}, {"maxAge": 1, "endDate": "2020-09-30", "totalRevenue": 646655000, "costOfRevenue": 44687000, "grossProfit": 601968000, "researchDevelopment": {}, "sellingGeneralAdministrative": {}, "nonRecurring": {}, "otherOperatingExpenses": 567202000, "totalOperatingExpenses": 613813000, "operatingIncome": 32842000, "totalOtherIncomeExpenseNet": -5551000, "ebit": 32842000, "interestExpense": -5840000, "incomeBeforeTax": 27291000, "incomeTaxExpense": 0, "minorityInterest": 1138000, "netIncomeFromContinuingOps": 27291000, "discontinuedOperations": {}, "extraordinaryItems": {}, "effectOfAccountingCharges": {}, "otherItems": {}, "netIncome": 27143000, "netIncomeApplicableToCommonShares": 27143000}, {"maxAge": 1, "endDate": "2020-06-30", "totalRevenue": 684958000, "costOfRevenue": 42895000, "grossProfit": 642063000, "researchDevelopment": {}, "sellingGeneralAdministrative": {}, "nonRecurring": {}, "otherOperatingExpenses": 647573000, "totalOperatingExpenses": 692658000, "operatingIncome": -7700000, "totalOtherIncomeExpenseNet": -5819000, "ebit": -7700000, "interestExpense": -5836500, "incomeBeforeTax": -13519000, "incomeTaxExpense": 652000, "minorityInterest": 1138000, "netIncomeFromContinuingOps": -14171000, "discontinuedOperations": {}, "extraordinaryItems": {}, "effectOfAccountingCharges": {}, "otherItems": {}, "netIncome": -14190500, "netIncomeApplicableToCommonShares": -14190500}, {"maxAge": 1, "endDate": "2019-12-31", "totalRevenue": 1238389000, "costOfRevenue": 60646000, "grossProfit": 1177743000, "researchDevelopment": {}, "sellingGeneralAdministrative": {}, "nonRecurring": {}, "otherOperatingExpenses": 1164734000, "totalOperatingExpenses": 1228547000, "operatingIncome": 9842000, "totalOtherIncomeExpenseNet": -4991000, "ebit": 9842000, "interestExpense": -5089000, "incomeBeforeTax": 4851000, "incomeTaxExpense": 0, "minorityInterest": 1138000, "netIncomeFromContinuingOps": 4851000, "discontinuedOperations": {}, "extraordinaryItems": {}, "effectOfAccountingCharges": {}, "otherItems": {}, "netIncome": 4884000, "netIncomeApplicableToCommonShares": 4884000}], "maxAge": 86400}, "cashflowStatementHistoryQuarterly": {"cashflowStatements": [{"maxAge": 1, "endDate": "2020-12-31", "netIncome": 4846000, "changeToLiabilities": 0}, {"maxAge": 1, "endDate": "2020-09-30", "netIncome": 27143000, "depreciation": 2190000, "changeToNetincome": -2627500, "changeToAccountReceivables": 191645000, "changeToLiabilities": -173382500, "changeToOperatingActivities": 3877000, "totalCashFromOperatingActivities": 7511500, "capitalExpenditures": -145000, "otherCashflowsFromInvestingActivities": 779500, "totalCashflowsFromInvestingActivities": 634500, "netBorrowings": -1247500, "otherCashflowsFromFinancingActivities": -5836500, "totalCashFromFinancingActivities": -7084000, "changeInCash": 1062000}, {"maxAge": 1, "endDate": "2020-06-30", "netIncome": -14190500, "depreciation": 2190000, "changeToNetincome": -2627500, "changeToAccountReceivables": 191645000, "changeToLiabilities": -173382500, "changeToOperatingActivities": 3877000, "totalCashFromOperatingActivities": 7511500, "capitalExpenditures": -145000, "otherCashflowsFromInvestingActivities": 779500, "totalCashflowsFromInvestingActivities": 634500, "netBorrowings": -1247500, "otherCashflowsFromFinancingActivities": -5836500, "totalCashFromFinancingActivities": -7084000, "changeInCash": 1062000}, {"maxAge": 1, "endDate": "2019-12-31", "netIncome": 4884000, "depreciation": 2190000, "changeToNetincome": -2627500, "changeToAccountReceivables": 191645000, "changeToLiabilities": 0, "changeToOperatingActivities": 3877000, "totalCashFromOperatingActivities": 7511500, "capitalExpenditures": -145000, "otherCashflowsFromInvestingActivities": 779500, "totalCashflowsFromInvestingActivities": 634500, "netBorrowings": -1247500, "otherCashflowsFromFinancingActivities": -5836500, "totalCashFromFinancingActivities": -7084000, "changeInCash": 1062000}], "maxAge": 86400}, "insiderHolders": {"holders": [], "maxAge": 1}, "calendarEvents": {"maxAge": 1, "earnings": {"earningsDate": []}}, "upgradeDowngradeHistory": {"history": [], "maxAge": 86400}, "price": {"maxAge": 1, "regularMarketChangePercent": -0.040189143, "regularMarketChange": -1.7000008, "regularMarketTime": "2021-04-30 15:29:56", "priceHint": 2, "regularMarketPrice": 40.6, "regularMarketDayHigh": 45.05, "regularMarketDayLow": 39.85, "regularMarketVolume": 135665, "averageDailyVolume10Day": 14232, "averageDailyVolume3Month": 49652, "regularMarketPreviousClose": 42.3, "regularMarketSource": "FREE_REALTIME", "regularMarketOpen": 42.3, "exchange": "NSI", "exchangeName": "NSE", "exchangeDataDelayedBy": 15, "marketState": "CLOSED", "quoteType": "EQUITY", "symbol": "TOTAL.NS", "underlyingSymbol": null, "shortName": "Total Transport Sys Ltd", "longName": "Total Transport Systems Limited", "currency": "INR", "quoteSourceName": "Delayed Quote", "currencySymbol": "\u20b9", "fromCurrency": null, "lastMarket": null, "marketCap": 580823552}, "balanceSheetHistory": {"balanceSheetStatements": [{"maxAge": 1, "endDate": "2020-03-31", "cash": 3809870, "shortTermInvestments": 2657723, "netReceivables": 1204605399, "totalCurrentAssets": 1211072992, "longTermInvestments": 1728618, "propertyPlantEquipment": 82484768, "intangibleAssets": 1314500, "otherAssets": 34776193, "deferredLongTermAssetCharges": 8769335, "totalAssets": 1331377071, "accountsPayable": 498892927, "otherCurrentLiab": 7537079, "longTermDebt": 3358506, "otherLiab": 33717204, "minorityInterest": 1098844, "totalCurrentLiabilities": 822189034, "totalLiab": 859264744, "commonStock": 143060000, "retainedEarnings": 194675215, "treasuryStock": 454355, "capitalSurplus": 132823913, "otherStockholderEquity": 454355, "totalStockholderEquity": 471013483, "netTangibleAssets": 469698983}, {"maxAge": 1, "endDate": "2019-03-31", "cash": 28448691, "shortTermInvestments": 935000, "netReceivables": 667895853, "totalCurrentAssets": 697279544, "longTermInvestments": 868110, "propertyPlantEquipment": 93212231, "intangibleAssets": 1314500, "otherAssets": 30285215, "deferredLongTermAssetCharges": 7784278, "totalAssets": 822959600, "accountsPayable": 143010454, "otherCurrentLiab": 2880743, "longTermDebt": 7049984, "otherLiab": 26580162, "minorityInterest": 889591, "totalCurrentLiabilities": 333978666, "totalLiab": 367608812, "commonStock": 143060000, "retainedEarnings": 178236223, "treasuryStock": 341061, "capitalSurplus": 132823913, "otherStockholderEquity": 341061, "totalStockholderEquity": 454461197, "netTangibleAssets": 453146697}, {"maxAge": 1, "endDate": "2018-03-31", "cash": 28456153, "netReceivables": 487574367, "otherCurrentAssets": 79497050, "totalCurrentAssets": 595527570, "longTermInvestments": 430550, "propertyPlantEquipment": 85642704, "intangibleAssets": 1314500, "otherAssets": 14465069, "deferredLongTermAssetCharges": 8397413, "totalAssets": 697380393, "accountsPayable": 117692310, "otherCurrentLiab": 20801042, "longTermDebt": 11835238, "otherLiab": 29059331, "minorityInterest": 658537, "totalCurrentLiabilities": 277274107, "totalLiab": 318168676, "commonStock": 143060000, "retainedEarnings": 102326204, "treasuryStock": 343063, "capitalSurplus": 132823913, "otherStockholderEquity": 343063, "totalStockholderEquity": 378553180, "netTangibleAssets": 377238680}, {"maxAge": 1, "endDate": "2017-03-31", "cash": 23536945, "netReceivables": 324979723, "otherCurrentAssets": 143039492, "totalCurrentAssets": 491556160, "longTermInvestments": 101700, "propertyPlantEquipment": 98490998, "otherAssets": 12931748, "deferredLongTermAssetCharges": 9277975, "totalAssets": 603080606, "accountsPayable": 174328334, "otherCurrentLiab": 79669355, "longTermDebt": 27456499, "otherLiab": 29563255, "minorityInterest": 18045486, "totalCurrentLiabilities": 404338206, "totalLiab": 461357960, "commonStock": 50000000, "retainedEarnings": 73332277, "treasuryStock": 344883, "otherStockholderEquity": 344883, "totalStockholderEquity": 123677160, "netTangibleAssets": 123677160}], "maxAge": 86400}, "financialData": {"maxAge": 86400, "currentPrice": 40.6, "recommendationKey": "none", "totalCash": 27022000, "totalCashPerShare": 1.896, "ebitda": -1311272, "totalDebt": 224252000, "quickRatio": 1.741, "currentRatio": 1.756, "totalRevenue": 3362496000, "debtToEquity": 49.911, "revenuePerShare": 235.647, "grossProfits": 3761481324, "earningsGrowth": 0.0, "revenueGrowth": -0.338, "grossMargins": 0.93456, "ebitdaMargins": -0.00039, "operatingMargins": -0.00327, "profitMargins": -0.01092, "financialCurrency": "INR"}}}