{"TOUCHWOOD.NS": {"assetProfile": {"address1": "Plot No. 645", "address2": "Near E.P.T. Block Sarojini Nagar", "city": "New Delhi", "zip": "110023", "country": "India", "phone": "91 98 1010 8253", "website": "http://www.touchwood.in", "industry": "Advertising Agencies", "sector": "Communication Services", "longBusinessSummary": "Touchwood Entertainment Limited engages in the event management activities in India. It provides wedding management, design and d\u00c3\u00a9cor, destination wedding, entertainment, political and corporate event, curated IPs, and exhibition services. Touchwood Entertainment Limited was founded in 1997 and is based in New Delhi, India.", "fullTimeEmployees": 36, "companyOfficers": [{"maxAge": 1, "name": "Mr. Manjit  Singh", "age": 49, "title": "Exec. Chairman & MD", "yearBorn": 1971, "fiscalYear": 2020, "totalPay": 4800000, "exercisedValue": 0, "unexercisedValue": 0}, {"maxAge": 1, "name": "Mr. Vijay  Arora", "age": 45, "title": "Whole Time Director", "yearBorn": 1975, "fiscalYear": 2020, "totalPay": 4800000, "exercisedValue": 0, "unexercisedValue": 0}, {"maxAge": 1, "name": "Ms. Jaswinder  Kaur", "age": 42, "title": "Exec. Director", "yearBorn": 1978, "fiscalYear": 2020, "totalPay": 3600000, "exercisedValue": 0, "unexercisedValue": 0}, {"maxAge": 1, "name": "Ms. Priyanka  Arora", "age": 43, "title": "Exec. Director", "yearBorn": 1977, "fiscalYear": 2020, "totalPay": 3600000, "exercisedValue": 0, "unexercisedValue": 0}, {"maxAge": 1, "name": "Mr. Dinesh  Singla", "age": 39, "title": "Chief Financial Officer", "yearBorn": 1981, "fiscalYear": 2019, "exercisedValue": 0, "unexercisedValue": 0}, {"maxAge": 1, "name": "Ms. Ashima  Arora", "title": "Company Sec. & Compliance Officer", "exercisedValue": 0, "unexercisedValue": 0}, {"maxAge": 1, "name": "Gurjeev  Gulati", "age": 36, "title": "Gen. Mang. of Sales & Marketing", "yearBorn": 1984, "exercisedValue": 0, "unexercisedValue": 0}, {"maxAge": 1, "name": "Mr. Gajendra Pal Singh", "age": 49, "title": "Head of Sales & Marketing", "yearBorn": 1971, "exercisedValue": 0, "unexercisedValue": 0}, {"maxAge": 1, "name": "Bijender Singh Dahiya", "age": 34, "title": "Head of Production", "yearBorn": 1986, "exercisedValue": 0, "unexercisedValue": 0}, {"maxAge": 1, "name": "Shrey  Khandelwal", "title": "Exec. Officer", "exercisedValue": 0, "unexercisedValue": 0}], "compensationAsOfEpochDate": "2020-12-31 05:30:00", "maxAge": 86400}, "cashflowStatementHistory": {"cashflowStatements": [{"maxAge": 1, "endDate": "2020-03-31", "netIncome": 17643529, "depreciation": 6076957, "changeToNetincome": -13889005, "changeToAccountReceivables": 17357283, "changeToLiabilities": -19167957, "changeToOperatingActivities": 8585469, "totalCashFromOperatingActivities": 16649454, "capitalExpenditures": -461545, "investments": 5512547, "otherCashflowsFromInvestingActivities": 87058, "totalCashflowsFromInvestingActivities": 5038970, "dividendsPaid": -12277388, "netBorrowings": -3327813, "otherCashflowsFromFinancingActivities": -639980, "totalCashFromFinancingActivities": -16245181, "changeInCash": 5443241}, {"maxAge": 1, "endDate": "2019-03-31", "netIncome": 29554900, "depreciation": 6290265, "changeToNetincome": 10579065, "changeToAccountReceivables": -43722186, "changeToLiabilities": 15713387, "changeToOperatingActivities": -16052715, "totalCashFromOperatingActivities": 2362717, "capitalExpenditures": -4523638, "investments": -937262, "otherCashflowsFromInvestingActivities": 579668, "totalCashflowsFromInvestingActivities": -4871232, "dividendsPaid": -12277388, "netBorrowings": -478798, "otherCashflowsFromFinancingActivities": -732038, "totalCashFromFinancingActivities": -1210836, "changeInCash": -3719351}, {"maxAge": 1, "endDate": "2018-03-31", "netIncome": 15088999, "depreciation": 4492684, "changeToNetincome": 1231877, "changeToAccountReceivables": -24845742, "changeToLiabilities": 15987871, "changeToOperatingActivities": -3678056, "totalCashFromOperatingActivities": 8277632, "capitalExpenditures": -13575850, "investments": -266776, "otherCashflowsFromInvestingActivities": 88499, "totalCashflowsFromInvestingActivities": -13705127, "dividendsPaid": -12277388, "netBorrowings": 1053117, "otherCashflowsFromFinancingActivities": -3565046, "totalCashFromFinancingActivities": 45143820, "changeInCash": 39716325, "issuanceOfStock": 47655749}, {"maxAge": 1, "endDate": "2017-03-31", "netIncome": 10147736, "depreciation": 3307369, "changeToNetincome": 2387380, "changeToAccountReceivables": -12231045, "changeToLiabilities": 891215, "changeToOperatingActivities": 3122846, "totalCashFromOperatingActivities": 7625500, "capitalExpenditures": -17950046, "investments": 687660, "otherCashflowsFromInvestingActivities": 107850, "totalCashflowsFromInvestingActivities": -16994536, "dividendsPaid": -12277388, "netBorrowings": -1030091, "otherCashflowsFromFinancingActivities": -576033, "totalCashFromFinancingActivities": -1606124, "changeInCash": -10975159, "issuanceOfStock": 47655749}], "maxAge": 86400}, "institutionOwnership": {"ownershipList": [], "maxAge": 1}, "majorHoldersBreakdown": {"maxAge": 1}, "balanceSheetHistoryQuarterly": {"balanceSheetStatements": [{"maxAge": 1, "endDate": "2020-12-31", "totalStockholderEquity": 109531145, "netTangibleAssets": 109425080}, {"maxAge": 1, "endDate": "2020-09-30", "cash": 48540942, "netReceivables": 46595041, "otherCurrentAssets": 21507634, "totalCurrentAssets": 116643617, "propertyPlantEquipment": 24972741, "intangibleAssets": 106065, "otherAssets": 21776911, "deferredLongTermAssetCharges": 2214581, "totalAssets": 163499334, "accountsPayable": 23764607, "shortLongTermDebt": 581634, "otherCurrentLiab": 16666073, "longTermDebt": 1818410, "otherLiab": 9696536, "totalCurrentLiabilities": 42453244, "totalLiab": 53968190, "commonStock": 101812450, "retainedEarnings": 7718695, "totalStockholderEquity": 109531145, "netTangibleAssets": 109425080}, {"maxAge": 1, "endDate": "2020-06-30", "totalStockholderEquity": 122798359, "netTangibleAssets": 122662446}, {"maxAge": 1, "endDate": "2019-12-31"}], "maxAge": 86400}, "indexTrend": {"maxAge": 1, "symbol": "SP5", "peRatio": 19.7411, "pegRatio": 1.34172, "estimates": [{"period": "0q", "growth": 0.549}, {"period": "+1q", "growth": 0.431}, {"period": "0y", "growth": 0.305}, {"period": "+1y", "growth": 0.109}, {"period": "+5y", "growth": 0.120865}, {"period": "-5y"}]}, "defaultKeyStatistics": {"maxAge": 1, "priceHint": 2, "enterpriseValue": 894837824, "profitMargins": -0.15062, "floatShares": 1434139, "sharesOutstanding": 10181200, "beta": 0.539522, "category": null, "bookValue": 10.829, "priceToBook": 8.227906, "fundFamily": null, "legalType": null, "lastFiscalYearEnd": "2020-03-31 05:30:00", "nextFiscalYearEnd": "2022-03-31 05:30:00", "mostRecentQuarter": "2020-12-31 05:30:00", "earningsQuarterlyGrowth": -0.294, "netIncomeToCommon": -9236675, "trailingEps": -0.916, "lastSplitFactor": "2:1", "lastSplitDate": "2019-08-22 05:30:00", "enterpriseToRevenue": 14.591, "enterpriseToEbitda": -131.661}, "summaryProfile": {"address1": "Plot No. 645", "address2": "Near E.P.T. Block Sarojini Nagar", "city": "New Delhi", "zip": "110023", "country": "India", "phone": "91 98 1010 8253", "website": "http://www.touchwood.in", "industry": "Advertising Agencies", "sector": "Communication Services", "longBusinessSummary": "Touchwood Entertainment Limited engages in the event management activities in India. It provides wedding management, design and d\u00c3\u00a9cor, destination wedding, entertainment, political and corporate event, curated IPs, and exhibition services. Touchwood Entertainment Limited was founded in 1997 and is based in New Delhi, India.", "fullTimeEmployees": 36, "companyOfficers": [], "maxAge": 86400}, "netSharePurchaseActivity": {"maxAge": 1, "period": "6m", "buyInfoCount": 0, "buyInfoShares": 0, "sellInfoCount": 0, "netInfoCount": 0, "netInfoShares": 0, "totalInsiderShares": 0}, "quoteType": {"exchange": "NSI", "quoteType": "EQUITY", "symbol": "TOUCHWOOD.NS", "underlyingSymbol": "TOUCHWOOD.NS", "shortName": "TOUCHWOOD ENTERTAI", "longName": "Touchwood Entertainment Limited", "firstTradeDateEpochUtc": "2017-12-21 09:15:00", "timeZoneFullName": "Asia/Kolkata", "timeZoneShortName": "IST", "uuid": "7a0b9b1d-f594-3d14-bf15-64be6b3b8086", "gmtOffSetMilliseconds": 19800000, "maxAge": 1}, "incomeStatementHistory": {"incomeStatementHistory": [{"maxAge": 1, "endDate": "2020-03-31", "totalRevenue": 208088890, "costOfRevenue": 0, "grossProfit": 208088890, "researchDevelopment": {}, "sellingGeneralAdministrative": 46967208, "nonRecurring": {}, "otherOperatingExpenses": 128310758, "totalOperatingExpenses": 181398100, "operatingIncome": 26690790, "totalOtherIncomeExpenseNet": -897811, "ebit": 26690790, "interestExpense": -639980, "incomeBeforeTax": 25792979, "incomeTaxExpense": 8149450, "minorityInterest": {}, "netIncomeFromContinuingOps": 17643529, "discontinuedOperations": {}, "extraordinaryItems": {}, "effectOfAccountingCharges": {}, "otherItems": {}, "netIncome": 17643529, "netIncomeApplicableToCommonShares": 17643529}, {"maxAge": 1, "endDate": "2019-03-31", "totalRevenue": 322776272, "costOfRevenue": 0, "grossProfit": 322776272, "researchDevelopment": {}, "sellingGeneralAdministrative": 29360150, "nonRecurring": {}, "otherOperatingExpenses": 244296704, "totalOperatingExpenses": 279947119, "operatingIncome": 42829153, "totalOtherIncomeExpenseNet": -195126, "ebit": 42829153, "interestExpense": -732038, "incomeBeforeTax": 42634027, "incomeTaxExpense": 13079127, "minorityInterest": {}, "netIncomeFromContinuingOps": 29554900, "discontinuedOperations": {}, "extraordinaryItems": {}, "effectOfAccountingCharges": {}, "otherItems": {}, "netIncome": 29554900, "netIncomeApplicableToCommonShares": 29554900}, {"maxAge": 1, "endDate": "2018-03-31", "totalRevenue": 181072274, "costOfRevenue": 0, "grossProfit": 181072274, "researchDevelopment": {}, "sellingGeneralAdministrative": 25134234, "nonRecurring": {}, "otherOperatingExpenses": 124426017, "totalOperatingExpenses": 154586113, "operatingIncome": 26486161, "totalOtherIncomeExpenseNet": -5562379, "ebit": 26486161, "interestExpense": -1204747, "incomeBeforeTax": 20923782, "incomeTaxExpense": 5834783, "minorityInterest": {}, "netIncomeFromContinuingOps": 15088999, "discontinuedOperations": {}, "extraordinaryItems": {}, "effectOfAccountingCharges": {}, "otherItems": {}, "netIncome": 15088999, "netIncomeApplicableToCommonShares": 15088999}, {"maxAge": 1, "endDate": "2017-03-31", "totalRevenue": 130162094, "costOfRevenue": 0, "grossProfit": 130162094, "researchDevelopment": {}, "sellingGeneralAdministrative": 15010102, "nonRecurring": {}, "otherOperatingExpenses": 90631965, "totalOperatingExpenses": 110848556, "operatingIncome": 19313538, "totalOtherIncomeExpenseNet": -3312809, "ebit": 19313538, "interestExpense": -1687069, "incomeBeforeTax": 16000729, "incomeTaxExpense": 5852993, "minorityInterest": {}, "netIncomeFromContinuingOps": 10147736, "discontinuedOperations": {}, "extraordinaryItems": {}, "effectOfAccountingCharges": {}, "otherItems": {}, "netIncome": 10147736, "netIncomeApplicableToCommonShares": 10147736}], "maxAge": 86400}, "fundOwnership": {"ownershipList": [], "maxAge": 1}, "summaryDetail": {"maxAge": 1, "priceHint": 2, "previousClose": 92.35, "open": 88.05, "dayLow": 87.75, "dayHigh": 94.7, "regularMarketPreviousClose": 92.35, "regularMarketOpen": 88.05, "regularMarketDayLow": 87.75, "regularMarketDayHigh": 94.7, "exDividendDate": "2019-11-14 05:30:00", "payoutRatio": 0.0, "beta": 0.539522, "volume": 7605, "regularMarketVolume": 7605, "averageVolume": 11425, "averageVolume10days": 3157, "averageDailyVolume10Day": 3157, "bid": 0.0, "ask": 0.0, "marketCap": 907144896, "fiftyTwoWeekLow": 37.1, "fiftyTwoWeekHigh": 135.05, "priceToSalesTrailing12Months": 14.792086, "fiftyDayAverage": 109.92121, "twoHundredDayAverage": 69.93036, "trailingAnnualDividendRate": 0.0, "trailingAnnualDividendYield": 0.0, "currency": "INR", "fromCurrency": null, "lastMarket": null, "algorithm": null, "tradeable": false}, "incomeStatementHistoryQuarterly": {"incomeStatementHistory": [{"maxAge": 1, "endDate": "2020-12-31", "totalRevenue": 21489671, "costOfRevenue": 0, "grossProfit": 21489671, "researchDevelopment": {}, "sellingGeneralAdministrative": 5663160, "nonRecurring": {}, "otherOperatingExpenses": 4094699, "totalOperatingExpenses": 11389977, "operatingIncome": 10099694, "totalOtherIncomeExpenseNet": -113070, "ebit": 10099694, "interestExpense": -113070, "incomeBeforeTax": 9986624, "incomeTaxExpense": -1221569, "minorityInterest": {}, "netIncomeFromContinuingOps": 11208193, "discontinuedOperations": {}, "extraordinaryItems": {}, "effectOfAccountingCharges": {}, "otherItems": {}, "netIncome": 11208193, "netIncomeApplicableToCommonShares": 11208193}, {"maxAge": 1, "endDate": "2020-09-30", "totalRevenue": 6042968, "costOfRevenue": 0, "grossProfit": 6042968, "researchDevelopment": {}, "sellingGeneralAdministrative": 4791127, "nonRecurring": {}, "otherOperatingExpenses": 4338453, "totalOperatingExpenses": 10576375, "operatingIncome": -4533407, "totalOtherIncomeExpenseNet": -119116, "ebit": -4533407, "interestExpense": -119116, "incomeBeforeTax": -4652523, "incomeTaxExpense": 0, "minorityInterest": {}, "netIncomeFromContinuingOps": -4652523, "discontinuedOperations": {}, "extraordinaryItems": {}, "effectOfAccountingCharges": {}, "otherItems": {}, "netIncome": -4652523, "netIncomeApplicableToCommonShares": -4652523}, {"maxAge": 1, "endDate": "2020-06-30", "totalRevenue": 2246640, "costOfRevenue": 0, "grossProfit": 2246640, "researchDevelopment": {}, "sellingGeneralAdministrative": 5002808, "nonRecurring": {}, "otherOperatingExpenses": 4195988, "totalOperatingExpenses": 10766575, "operatingIncome": -8519935, "totalOtherIncomeExpenseNet": -94755, "ebit": -8519935, "interestExpense": -94755, "incomeBeforeTax": -8614690, "incomeTaxExpense": 0, "minorityInterest": {}, "netIncomeFromContinuingOps": -8614690, "discontinuedOperations": {}, "extraordinaryItems": {}, "effectOfAccountingCharges": {}, "otherItems": {}, "netIncome": -8614690, "netIncomeApplicableToCommonShares": -8614690}, {"maxAge": 1, "endDate": "2019-12-31", "totalRevenue": 90722091, "costOfRevenue": 0, "grossProfit": 90722091, "researchDevelopment": {}, "sellingGeneralAdministrative": 9938409, "nonRecurring": {}, "otherOperatingExpenses": 57526794, "totalOperatingExpenses": 69131393, "operatingIncome": 21590698, "totalOtherIncomeExpenseNet": -166152, "ebit": 21590698, "interestExpense": -166152, "incomeBeforeTax": 21424546, "incomeTaxExpense": 5547991, "minorityInterest": {}, "netIncomeFromContinuingOps": 15876555, "discontinuedOperations": {}, "extraordinaryItems": {}, "effectOfAccountingCharges": {}, "otherItems": {}, "netIncome": 15876555, "netIncomeApplicableToCommonShares": 15876555}], "maxAge": 86400}, "cashflowStatementHistoryQuarterly": {"cashflowStatements": [{"maxAge": 1, "endDate": "2020-12-31", "netIncome": 11208193, "changeToLiabilities": 0}, {"maxAge": 1, "endDate": "2020-09-30", "netIncome": -4652523, "changeToLiabilities": 0}, {"maxAge": 1, "endDate": "2020-06-30", "netIncome": -8614690, "changeToLiabilities": 0}, {"maxAge": 1, "endDate": "2019-12-31", "netIncome": 15876555, "changeToLiabilities": 0}], "maxAge": 86400}, "insiderHolders": {"holders": [], "maxAge": 1}, "calendarEvents": {"maxAge": 1, "earnings": {"earningsDate": []}, "exDividendDate": "2019-11-14 05:30:00"}, "upgradeDowngradeHistory": {"history": [], "maxAge": 86400}, "price": {"maxAge": 1, "regularMarketChangePercent": -0.035192203, "regularMarketChange": -3.25, "regularMarketTime": "2021-04-30 15:27:34", "priceHint": 2, "regularMarketPrice": 89.1, "regularMarketDayHigh": 94.7, "regularMarketDayLow": 87.75, "regularMarketVolume": 7605, "averageDailyVolume10Day": 3157, "averageDailyVolume3Month": 11425, "regularMarketPreviousClose": 92.35, "regularMarketSource": "FREE_REALTIME", "regularMarketOpen": 88.05, "exchange": "NSI", "exchangeName": "NSE", "exchangeDataDelayedBy": 15, "marketState": "CLOSED", "quoteType": "EQUITY", "symbol": "TOUCHWOOD.NS", "underlyingSymbol": null, "shortName": "TOUCHWOOD ENTERTAI", "longName": "Touchwood Entertainment Limited", "currency": "INR", "quoteSourceName": "Delayed Quote", "currencySymbol": "\u20b9", "fromCurrency": null, "lastMarket": null, "marketCap": 907144896}, "balanceSheetHistory": {"balanceSheetStatements": [{"maxAge": 1, "endDate": "2020-03-31", "cash": 43644179, "shortTermInvestments": 570000, "netReceivables": 67425594, "otherCurrentAssets": 23989942, "totalCurrentAssets": 135629715, "propertyPlantEquipment": 27880348, "intangibleAssets": 135913, "otherAssets": 24776911, "deferredLongTermAssetCharges": 2214581, "totalAssets": 188422887, "accountsPayable": 32953057, "shortLongTermDebt": 1921912, "otherCurrentLiab": 14478358, "longTermDebt": 2066656, "otherLiab": 8835294, "totalCurrentLiabilities": 54722578, "totalLiab": 65624528, "commonStock": 101812450, "retainedEarnings": 20985909, "totalStockholderEquity": 122798359, "netTangibleAssets": 122662446}, {"maxAge": 1, "endDate": "2019-03-31", "cash": 38200938, "shortTermInvestments": 455000, "netReceivables": 84782877, "otherCurrentAssets": 22569600, "totalCurrentAssets": 146008415, "longTermInvestments": 5512547, "propertyPlantEquipment": 33975833, "otherAssets": 27757004, "deferredLongTermAssetCharges": 1546371, "totalAssets": 213253799, "accountsPayable": 52121015, "shortLongTermDebt": 3327813, "otherCurrentLiab": 21989887, "longTermDebt": 3988569, "otherLiab": 6803877, "totalCurrentLiabilities": 83688383, "totalLiab": 94480829, "commonStock": 40724980, "retainedEarnings": 48515759, "treasuryStock": 78438792, "capitalSurplus": 29532230, "otherStockholderEquity": 78438792, "totalStockholderEquity": 118772969, "netTangibleAssets": 118772969}, {"maxAge": 1, "endDate": "2018-03-31", "cash": 42208289, "netReceivables": 41060691, "otherCurrentAssets": 4107732, "totalCurrentAssets": 87376712, "longTermInvestments": 4575284, "propertyPlantEquipment": 35773365, "otherAssets": 27316545, "deferredLongTermAssetCharges": 918379, "totalAssets": 155041906, "accountsPayable": 36407627, "shortLongTermDebt": 3980076, "otherCurrentLiab": 12918503, "longTermDebt": 3815106, "otherLiab": 5757178, "totalCurrentLiabilities": 57302703, "totalLiab": 66874987, "commonStock": 40724980, "retainedEarnings": 17909708, "capitalSurplus": 29532230, "totalStockholderEquity": 88166918, "netTangibleAssets": 88166918}, {"maxAge": 1, "endDate": "2017-03-31", "cash": 2491965, "netReceivables": 16214949, "otherCurrentAssets": 8447709, "totalCurrentAssets": 27154623, "longTermInvestments": 5321809, "propertyPlantEquipment": 27112625, "otherAssets": 21643977, "totalAssets": 81233034, "accountsPayable": 20419756, "shortLongTermDebt": 1912020, "otherCurrentLiab": 14600691, "longTermDebt": 2761989, "otherLiab": 1154989, "totalCurrentLiabilities": 49332864, "totalLiab": 53249842, "commonStock": 20130000, "retainedEarnings": 7853189, "totalStockholderEquity": 27983189, "netTangibleAssets": 27983189}], "maxAge": 86400}, "financialData": {"maxAge": 86400, "currentPrice": 89.1, "recommendationKey": "none", "totalCash": 48540944, "totalCashPerShare": 4.764, "ebitda": -6796549, "totalDebt": 2400044, "totalRevenue": 61326368, "debtToEquity": 2.191, "revenuePerShare": 6.083, "grossProfits": 208088890, "earningsGrowth": -0.267, "revenueGrowth": -0.763, "grossMargins": 1.0, "ebitdaMargins": -0.110819995, "operatingMargins": -0.20731, "profitMargins": -0.15062, "financialCurrency": "INR"}}}