{"TOYAMIND.BO": {"cashflowStatementHistory": {"cashflowStatements": [{"maxAge": 1, "endDate": "2020-03-31", "netIncome": 1064617, "depreciation": 605838, "changeToNetincome": -10997164, "changeToAccountReceivables": 7495376, "changeToLiabilities": -2961678, "changeToOperatingActivities": -1442296, "totalCashFromOperatingActivities": -6235307, "capitalExpenditures": -242691, "investments": -684053, "totalCashflowsFromInvestingActivities": -926744, "netBorrowings": -3151957, "otherCashflowsFromFinancingActivities": 8293817, "totalCashFromFinancingActivities": 5141860, "changeInCash": -2020192}, {"maxAge": 1, "endDate": "2019-03-31", "netIncome": -58472435, "depreciation": 212564, "changeToNetincome": -6880888, "changeToAccountReceivables": 13302492, "changeToLiabilities": -14542534, "changeToOperatingActivities": 37938289, "totalCashFromOperatingActivities": -28442512, "capitalExpenditures": -3244090, "investments": -684053, "otherCashflowsFromInvestingActivities": -200537, "totalCashflowsFromInvestingActivities": -3444627, "netBorrowings": 21691957, "otherCashflowsFromFinancingActivities": 10358348, "totalCashFromFinancingActivities": 32050305, "changeInCash": 163167}, {"maxAge": 1, "endDate": "2018-03-31", "netIncome": 3488259, "depreciation": 135950, "changeToNetincome": -14824225, "changeToAccountReceivables": -3308403, "changeToLiabilities": 13210476, "changeToOperatingActivities": -13432953, "totalCashFromOperatingActivities": -14730896, "capitalExpenditures": -3244090, "investments": -1715614, "otherCashflowsFromInvestingActivities": -49887, "totalCashflowsFromInvestingActivities": -5009591, "netBorrowings": 21691957, "otherCashflowsFromFinancingActivities": 14292049, "totalCashFromFinancingActivities": 14292049, "changeInCash": -5448438}, {"maxAge": 1, "endDate": "2017-03-31", "netIncome": 643912, "depreciation": 16740, "changeToNetincome": -40198008, "changeToAccountReceivables": -34349047, "changeToLiabilities": 24896558, "changeToOperatingActivities": -2011150, "totalCashFromOperatingActivities": -51000995, "capitalExpenditures": -3244090, "investments": 34964297, "otherCashflowsFromInvestingActivities": -6025, "totalCashflowsFromInvestingActivities": 34958272, "netBorrowings": 21691957, "otherCashflowsFromFinancingActivities": 16798328, "totalCashFromFinancingActivities": 16798328, "changeInCash": 755605}], "maxAge": 86400}, "institutionOwnership": {"ownershipList": [], "maxAge": 1}, "balanceSheetHistoryQuarterly": {"balanceSheetStatements": [{"maxAge": 1, "endDate": "2020-06-30", "totalStockholderEquity": 136521287, "netTangibleAssets": 136305340}, {"maxAge": 1, "endDate": "2020-03-31", "cash": 928887, "shortTermInvestments": 4259346, "netReceivables": 170405901, "totalCurrentAssets": 175594134, "longTermInvestments": 629675, "propertyPlantEquipment": 2917639, "intangibleAssets": 215947, "otherAssets": 944299, "deferredLongTermAssetCharges": 44299, "totalAssets": 180301694, "accountsPayable": 20772369, "otherCurrentLiab": 4468038, "longTermDebt": 18540000, "totalCurrentLiabilities": 25240407, "totalLiab": 43780407, "commonStock": 212490000, "treasuryStock": -75968713, "otherStockholderEquity": -75968713, "totalStockholderEquity": 136521287, "netTangibleAssets": 136305340}, {"maxAge": 1, "endDate": "2019-12-31", "totalStockholderEquity": 144064000, "netTangibleAssets": 144064000}, {"maxAge": 1, "endDate": "2019-09-30", "cash": 527000, "shortTermInvestments": 900000, "netReceivables": 181055000, "otherCurrentAssets": 1968000, "totalCurrentAssets": 184450000, "longTermInvestments": 1577000, "propertyPlantEquipment": 3224000, "otherAssets": 147000, "deferredLongTermAssetCharges": 147000, "totalAssets": 189398000, "accountsPayable": 26006000, "totalCurrentLiabilities": 45334000, "totalLiab": 45334000, "commonStock": 212490000, "treasuryStock": -68426000, "otherStockholderEquity": -68426000, "totalStockholderEquity": 144064000, "netTangibleAssets": 144064000}], "maxAge": 86400}, "indexTrend": {"maxAge": 1, "symbol": "SP5", "peRatio": 19.7411, "pegRatio": 1.34172, "estimates": [{"period": "0q", "growth": 0.549}, {"period": "+1q", "growth": 0.431}, {"period": "0y", "growth": 0.305}, {"period": "+1y", "growth": 0.109}, {"period": "+5y", "growth": 0.120859005}, {"period": "-5y"}]}, "insiderTransactions": {"transactions": [{"maxAge": 1, "shares": 476005, "filerUrl": "", "transactionText": "", "filerName": "Yadav (Usha Kailash)", "filerRelation": "UNREPORTED", "moneyText": "", "startDate": "2019-08-22", "ownership": "D"}, {"maxAge": 1, "shares": 382199, "filerUrl": "", "transactionText": "", "filerName": "Yadav (Usha Kailash)", "filerRelation": "UNREPORTED", "moneyText": "", "startDate": "2019-08-22", "ownership": "D"}, {"maxAge": 1, "shares": 213600, "filerUrl": "", "transactionText": "", "filerName": "Yadav (Usha Kailash)", "filerRelation": "UNREPORTED", "moneyText": "", "startDate": "2019-08-14", "ownership": "D"}, {"maxAge": 1, "shares": 382199, "filerUrl": "", "transactionText": "", "filerName": "Yadav (Usha Kailash)", "filerRelation": "UNREPORTED", "moneyText": "", "startDate": "2019-08-14", "ownership": "D"}, {"maxAge": 1, "shares": 476005, "filerUrl": "", "transactionText": "", "filerName": "Yadav (Usha Kailash)", "filerRelation": "UNREPORTED", "moneyText": "", "startDate": "2019-08-05", "ownership": "D"}, {"maxAge": 1, "shares": 94946, "filerUrl": "", "transactionText": "", "filerName": "Budhwani (Mohammed Ali)", "filerRelation": "UNREPORTED", "moneyText": "", "startDate": "2018-02-01", "ownership": "D"}, {"maxAge": 1, "shares": 95089, "filerUrl": "", "transactionText": "", "filerName": "Budhwani (Mohammed Ali)", "filerRelation": "UNREPORTED", "moneyText": "", "startDate": "2018-01-25", "ownership": "D"}, {"maxAge": 1, "shares": 292214, "filerUrl": "", "transactionText": "", "filerName": "Budhwani (Mohammed Ali)", "filerRelation": "UNREPORTED", "moneyText": "", "startDate": "2018-01-24", "ownership": "D"}, {"maxAge": 1, "shares": 202771, "filerUrl": "", "transactionText": "", "filerName": "Budhwani (Mohammed Ali)", "filerRelation": "UNREPORTED", "moneyText": "", "startDate": "2018-01-19", "ownership": "D"}, {"maxAge": 1, "shares": 52916, "filerUrl": "", "transactionText": "", "filerName": "Budhwani (Mohammed Ali)", "filerRelation": "UNREPORTED", "moneyText": "", "startDate": "2018-01-18", "ownership": "D"}, {"maxAge": 1, "shares": 200089, "filerUrl": "", "transactionText": "", "filerName": "Budhwani (Mohammed Ali)", "filerRelation": "UNREPORTED", "moneyText": "", "startDate": "2018-01-17", "ownership": "D"}, {"maxAge": 1, "shares": 300000, "filerUrl": "", "transactionText": "", "filerName": "Budhwani (Mohammed Ali)", "filerRelation": "UNREPORTED", "moneyText": "", "startDate": "2018-01-16", "ownership": "D"}, {"maxAge": 1, "shares": 357000, "filerUrl": "", "transactionText": "", "filerName": "Budhwani (Mohammed Ali)", "filerRelation": "UNREPORTED", "moneyText": "", "startDate": "2018-01-15", "ownership": "D"}, {"maxAge": 1, "shares": 58000, "filerUrl": "", "transactionText": "", "filerName": "Budhwani (Mohammed Ali)", "filerRelation": "UNREPORTED", "moneyText": "", "startDate": "2018-01-09", "ownership": "D"}], "maxAge": 1}, "quoteType": {"exchange": "BSE", "quoteType": "EQUITY", "symbol": "TOYAMIND.BO", "underlyingSymbol": "TOYAMIND.BO", "shortName": "Toyam Industries Limited", "longName": "Toyam Industries Limited", "firstTradeDateEpochUtc": "2014-08-25 09:15:00", "timeZoneFullName": "Asia/Kolkata", "timeZoneShortName": "IST", "uuid": "60211f26-f88e-35bf-b1c7-bc6c035ee983", "gmtOffSetMilliseconds": 19800000, "maxAge": 1}, "incomeStatementHistory": {"incomeStatementHistory": [{"maxAge": 1, "endDate": "2020-03-31", "totalRevenue": 20902482, "costOfRevenue": 774257, "grossProfit": 20128225, "researchDevelopment": {}, "sellingGeneralAdministrative": 3372510, "nonRecurring": {}, "otherOperatingExpenses": 15109143, "totalOperatingExpenses": 19861748, "operatingIncome": 1040734, "totalOtherIncomeExpenseNet": 0, "ebit": 1040734, "interestExpense": {}, "incomeBeforeTax": 1040734, "incomeTaxExpense": -23883, "minorityInterest": {}, "netIncomeFromContinuingOps": 1064617, "discontinuedOperations": {}, "extraordinaryItems": {}, "effectOfAccountingCharges": {}, "otherItems": {}, "netIncome": 1064617, "netIncomeApplicableToCommonShares": 1064617}, {"maxAge": 1, "endDate": "2019-03-31", "totalRevenue": 22641516, "costOfRevenue": 56717996, "grossProfit": -34076480, "researchDevelopment": {}, "sellingGeneralAdministrative": 11906846, "nonRecurring": {}, "otherOperatingExpenses": 11199735, "totalOperatingExpenses": 80037141, "operatingIncome": -57395625, "totalOtherIncomeExpenseNet": -1076810, "ebit": -57395625, "interestExpense": -28537, "incomeBeforeTax": -58472435, "incomeTaxExpense": 0, "minorityInterest": {}, "netIncomeFromContinuingOps": -58472435, "discontinuedOperations": {}, "extraordinaryItems": {}, "effectOfAccountingCharges": {}, "otherItems": {}, "netIncome": -58472435, "netIncomeApplicableToCommonShares": -58472435}, {"maxAge": 1, "endDate": "2018-03-31", "totalRevenue": 402817249, "costOfRevenue": 381720237, "grossProfit": 21097012, "researchDevelopment": {}, "sellingGeneralAdministrative": 5727857, "nonRecurring": {}, "otherOperatingExpenses": 10958183, "totalOperatingExpenses": 398542227, "operatingIncome": 4275022, "totalOtherIncomeExpenseNet": 9536, "ebit": 4275022, "interestExpense": -28537, "incomeBeforeTax": 4284558, "incomeTaxExpense": 796299, "minorityInterest": {}, "netIncomeFromContinuingOps": 3488259, "discontinuedOperations": {}, "extraordinaryItems": {}, "effectOfAccountingCharges": {}, "otherItems": {}, "netIncome": 3488259, "netIncomeApplicableToCommonShares": 3488259}, {"maxAge": 1, "endDate": "2017-03-31", "totalRevenue": 267639270, "costOfRevenue": 264276443, "grossProfit": 3362827, "researchDevelopment": {}, "sellingGeneralAdministrative": 1025115, "nonRecurring": {}, "otherOperatingExpenses": 1609515, "totalOperatingExpenses": 266927813, "operatingIncome": 711457, "totalOtherIncomeExpenseNet": 83935, "ebit": 711457, "interestExpense": -28537, "incomeBeforeTax": 795392, "incomeTaxExpense": 151480, "minorityInterest": {}, "netIncomeFromContinuingOps": 643912, "discontinuedOperations": {}, "extraordinaryItems": {}, "effectOfAccountingCharges": {}, "otherItems": {}, "netIncome": 643912, "netIncomeApplicableToCommonShares": 643912}], "maxAge": 86400}, "fundOwnership": {"ownershipList": [], "maxAge": 1}, "summaryDetail": {"maxAge": 1, "priceHint": 4, "previousClose": 1.59, "open": 1.62, "dayLow": 1.52, "dayHigh": 1.62, "regularMarketPreviousClose": 1.59, "regularMarketOpen": 1.62, "regularMarketDayLow": 1.52, "regularMarketDayHigh": 1.62, "trailingPE": 304.0, "volume": 1518144, "regularMarketVolume": 1518144, "averageVolume": 587530, "averageVolume10days": 77881, "averageDailyVolume10Day": 77881, "bid": 0.0, "ask": 1.52, "bidSize": 0, "askSize": 0, "marketCap": 322984800, "fiftyTwoWeekLow": 1.48, "fiftyTwoWeekHigh": 6.15, "fiftyDayAverage": 3.4521213, "twoHundredDayAverage": 3.5492647, "currency": "INR", "fromCurrency": null, "lastMarket": null, "algorithm": null, "tradeable": false}, "incomeStatementHistoryQuarterly": {"incomeStatementHistory": [{"maxAge": 1, "endDate": "2020-06-30", "totalRevenue": 3010000, "costOfRevenue": 0, "grossProfit": 3010000, "researchDevelopment": {}, "sellingGeneralAdministrative": 871000, "nonRecurring": {}, "otherOperatingExpenses": 1482000, "totalOperatingExpenses": 2505000, "operatingIncome": 505000, "totalOtherIncomeExpenseNet": -5000, "ebit": 505000, "interestExpense": -5000, "incomeBeforeTax": 500000, "incomeTaxExpense": -169000, "minorityInterest": {}, "netIncomeFromContinuingOps": 669000, "discontinuedOperations": {}, "extraordinaryItems": {}, "effectOfAccountingCharges": {}, "otherItems": {}, "netIncome": 669000, "netIncomeApplicableToCommonShares": 669000}, {"maxAge": 1, "endDate": "2020-03-31", "totalRevenue": -1449000, "costOfRevenue": 0, "grossProfit": -1449000, "researchDevelopment": {}, "sellingGeneralAdministrative": 1122000, "nonRecurring": {}, "otherOperatingExpenses": 5952000, "totalOperatingExpenses": 7227000, "operatingIncome": -8676000, "totalOtherIncomeExpenseNet": 1000, "ebit": -8676000, "interestExpense": -5000, "incomeBeforeTax": -8675000, "incomeTaxExpense": 81000, "minorityInterest": {}, "netIncomeFromContinuingOps": -8756000, "discontinuedOperations": {}, "extraordinaryItems": {}, "effectOfAccountingCharges": {}, "otherItems": {}, "netIncome": -8756000, "netIncomeApplicableToCommonShares": -8756000}, {"maxAge": 1, "endDate": "2019-12-31", "totalRevenue": 3820000, "costOfRevenue": 0, "grossProfit": 3820000, "researchDevelopment": {}, "sellingGeneralAdministrative": 479000, "nonRecurring": {}, "otherOperatingExpenses": 551000, "totalOperatingExpenses": 1184000, "operatingIncome": 2636000, "totalOtherIncomeExpenseNet": -1000, "ebit": 2636000, "interestExpense": -1000, "incomeBeforeTax": 2635000, "incomeTaxExpense": 34000, "minorityInterest": {}, "netIncomeFromContinuingOps": 2601000, "discontinuedOperations": {}, "extraordinaryItems": {}, "effectOfAccountingCharges": {}, "otherItems": {}, "netIncome": 2601000, "netIncomeApplicableToCommonShares": 2601000}, {"maxAge": 1, "endDate": "2019-09-30", "totalRevenue": 9595000, "costOfRevenue": 0, "grossProfit": 9595000, "researchDevelopment": {}, "sellingGeneralAdministrative": 676000, "nonRecurring": {}, "otherOperatingExpenses": 3530000, "totalOperatingExpenses": 4360000, "operatingIncome": 5235000, "totalOtherIncomeExpenseNet": -3000, "ebit": 5235000, "interestExpense": -3000, "incomeBeforeTax": 5232000, "incomeTaxExpense": -138000, "minorityInterest": {}, "netIncomeFromContinuingOps": 5370000, "discontinuedOperations": {}, "extraordinaryItems": {}, "effectOfAccountingCharges": {}, "otherItems": {}, "netIncome": 5370000, "netIncomeApplicableToCommonShares": 5370000}], "maxAge": 86400}, "cashflowStatementHistoryQuarterly": {"cashflowStatements": [{"maxAge": 1, "endDate": "2020-06-30", "netIncome": 669000, "changeToLiabilities": 0}, {"maxAge": 1, "endDate": "2020-03-31", "netIncome": -8756000, "changeToLiabilities": 0}, {"maxAge": 1, "endDate": "2019-12-31", "netIncome": 2601000, "changeToLiabilities": 0}, {"maxAge": 1, "endDate": "2019-09-30", "netIncome": 5370000, "changeToLiabilities": 0}], "maxAge": 86400}, "insiderHolders": {"holders": [{"maxAge": 1, "name": "Budhwani (Mohammed Ali)", "relation": "UNREPORTED", "url": "", "transactionDescription": "Acquisition", "latestTransDate": "2018-02-01", "positionDirect": 1653025, "positionDirectDate": "2018-02-01"}, {"maxAge": 1, "name": "Yadav (Usha Kailash)", "relation": "UNREPORTED", "url": "", "transactionDescription": "Sale", "latestTransDate": "2019-08-22", "positionDirect": 595799, "positionDirectDate": "2019-08-22"}], "maxAge": 1}, "calendarEvents": {"maxAge": 1, "earnings": {"earningsDate": []}}, "upgradeDowngradeHistory": {"history": [], "maxAge": 86400}, "price": {"maxAge": 1, "regularMarketChangePercent": -0.044025194, "regularMarketChange": -0.07000005, "regularMarketTime": "2021-04-30 15:25:23", "priceHint": 4, "regularMarketPrice": 1.52, "regularMarketDayHigh": 1.62, "regularMarketDayLow": 1.52, "regularMarketVolume": 1518144, "averageDailyVolume10Day": 77881, "averageDailyVolume3Month": 587530, "regularMarketPreviousClose": 1.59, "regularMarketSource": "FREE_REALTIME", "regularMarketOpen": 1.62, "exchange": "BSE", "exchangeName": "BSE", "exchangeDataDelayedBy": 0, "marketState": "CLOSED", "quoteType": "EQUITY", "symbol": "TOYAMIND.BO", "underlyingSymbol": null, "shortName": "Toyam Industries Limited", "longName": "Toyam Industries Limited", "currency": "INR", "quoteSourceName": "Delayed Quote", "currencySymbol": "\u20b9", "fromCurrency": null, "lastMarket": null, "marketCap": 322984800}, "balanceSheetHistory": {"balanceSheetStatements": [{"maxAge": 1, "endDate": "2020-03-31", "cash": 928887, "shortTermInvestments": 4259346, "netReceivables": 170405901, "totalCurrentAssets": 175594134, "longTermInvestments": 629675, "propertyPlantEquipment": 2917639, "intangibleAssets": 215947, "otherAssets": 944299, "deferredLongTermAssetCharges": 44299, "totalAssets": 180301694, "accountsPayable": 20772369, "otherCurrentLiab": 4468038, "longTermDebt": 18540000, "totalCurrentLiabilities": 25240407, "totalLiab": 43780407, "commonStock": 212490000, "treasuryStock": -75968713, "otherStockholderEquity": -75968713, "totalStockholderEquity": 136521287, "netTangibleAssets": 136305340}, {"maxAge": 1, "endDate": "2019-03-31", "cash": 2449079, "shortTermInvestments": 1500000, "netReceivables": 174918448, "totalCurrentAssets": 178867527, "longTermInvestments": 2897552, "propertyPlantEquipment": 3280786, "otherAssets": 608828, "deferredLongTermAssetCharges": 8828, "totalAssets": 185654693, "accountsPayable": 23734047, "otherCurrentLiab": 2104139, "longTermDebt": 21691957, "totalCurrentLiabilities": 25838186, "totalLiab": 47530143, "commonStock": 212490000, "retainedEarnings": -76892055, "treasuryStock": 2526605, "otherStockholderEquity": 2526605, "totalStockholderEquity": 138124550, "netTangibleAssets": 138124550}, {"maxAge": 1, "endDate": "2018-03-31", "cash": 2285911, "shortTermInvestments": 1530000, "netReceivables": 225269874, "otherCurrentAssets": 14397, "totalCurrentAssets": 229100182, "longTermInvestments": 3639250, "propertyPlantEquipment": 249260, "otherAssets": 108829, "deferredLongTermAssetCharges": 8828, "totalAssets": 233097521, "accountsPayable": 38276581, "otherCurrentLiab": 1500879, "totalCurrentLiabilities": 39777460, "totalLiab": 39777460, "commonStock": 212490000, "retainedEarnings": -18419620, "treasuryStock": -750319, "otherStockholderEquity": -750319, "totalStockholderEquity": 193320061, "netTangibleAssets": 193320061}, {"maxAge": 1, "endDate": "2017-03-31", "cash": 4858949, "shortTermInvestments": 837500, "netReceivables": 207886016, "totalCurrentAssets": 213582465, "longTermInvestments": 1923638, "propertyPlantEquipment": 16520, "otherAssets": 96204, "deferredLongTermAssetCharges": -3796, "totalAssets": 215618827, "accountsPayable": 25066105, "otherCurrentLiab": 151480, "totalCurrentLiabilities": 25217585, "totalLiab": 25217585, "commonStock": 212490000, "retainedEarnings": -21907877, "treasuryStock": -180881, "otherStockholderEquity": -180881, "totalStockholderEquity": 190401242, "netTangibleAssets": 190401242}], "maxAge": 86400}, "financialData": {"maxAge": 86400, "currentPrice": 1.52, "recommendationKey": "none", "grossProfits": 20128225, "financialCurrency": "INR"}}}