{"TPLPLASTEH.NS": {"cashflowStatementHistory": {"cashflowStatements": [{"maxAge": 1, "endDate": "2019-03-31", "netIncome": 114279255, "depreciation": 38898086, "changeToNetincome": 73792267, "changeToAccountReceivables": -63565922, "changeToLiabilities": 753524, "changeToInventory": -61952504, "totalCashFromOperatingActivities": 102204706, "capitalExpenditures": -111996118, "totalCashflowsFromInvestingActivities": -32911167, "dividendsPaid": -27301050, "netBorrowings": 25986516, "otherCashflowsFromFinancingActivities": -69206533, "totalCashFromFinancingActivities": -70521067, "changeInCash": -1227528}, {"maxAge": 1, "endDate": "2018-03-31", "netIncome": 121609631, "depreciation": 32118804, "changeToNetincome": 56321007, "changeToAccountReceivables": -69159935, "changeToLiabilities": 185026992, "changeToInventory": -226184943, "totalCashFromOperatingActivities": 99731556, "capitalExpenditures": -220418290, "otherCashflowsFromInvestingActivities": 1, "totalCashflowsFromInvestingActivities": -208790555, "dividendsPaid": -28164774, "netBorrowings": 189694207, "otherCashflowsFromFinancingActivities": -45093304, "totalCashFromFinancingActivities": 116436129, "changeInCash": 7377130}, {"maxAge": 1, "endDate": "2017-03-31", "netIncome": 112798753, "depreciation": 28537620, "changeToNetincome": 46254284, "changeToAccountReceivables": -28751350, "changeToLiabilities": -45299931, "changeToInventory": -78787127, "totalCashFromOperatingActivities": 34752249, "capitalExpenditures": -111866810, "otherCashflowsFromInvestingActivities": 1, "totalCashflowsFromInvestingActivities": -99241810, "dividendsPaid": -23470635, "netBorrowings": 130513252, "otherCashflowsFromFinancingActivities": -43833216, "totalCashFromFinancingActivities": 63209401, "changeInCash": -1280160}, {"maxAge": 1, "endDate": "2016-03-31", "netIncome": 85934478, "depreciation": 29141244, "changeToNetincome": 67533489, "changeToAccountReceivables": -19263009, "changeToLiabilities": 133794396, "changeToInventory": 29563171, "totalCashFromOperatingActivities": 326703769, "capitalExpenditures": -77297929, "otherCashflowsFromInvestingActivities": 1, "totalCashflowsFromInvestingActivities": -77297929, "dividendsPaid": -15600600, "netBorrowings": -182091479, "otherCashflowsFromFinancingActivities": -49061869, "totalCashFromFinancingActivities": -246753948, "changeInCash": 2651892}], "maxAge": 86400}, "institutionOwnership": {"ownershipList": [], "maxAge": 1}, "balanceSheetHistoryQuarterly": {"balanceSheetStatements": [{"maxAge": 1, "endDate": "2019-06-30", "totalStockholderEquity": 790861000, "netTangibleAssets": 790861000}, {"maxAge": 1, "endDate": "2018-12-31"}, {"maxAge": 1, "endDate": "2018-06-30"}, {"maxAge": 1, "endDate": "2018-03-31", "cash": 12183536, "netReceivables": 481223616, "inventory": 527209125, "otherCurrentAssets": 141639401, "totalCurrentAssets": 1167505874, "longTermInvestments": 1180448, "propertyPlantEquipment": 746585791, "otherAssets": 40859261, "totalAssets": 1956131374, "accountsPayable": 566013000, "shortLongTermDebt": 50134287, "otherCurrentLiab": 29212463, "longTermDebt": 160965713, "otherLiab": 81588077, "totalCurrentLiabilities": 1004071183, "totalLiab": 1246624973, "commonStock": 78003000, "retainedEarnings": 628967508, "treasuryStock": 2535893, "otherStockholderEquity": 2535893, "totalStockholderEquity": 709506401, "netTangibleAssets": 709506401}], "maxAge": 86400}, "indexTrend": {"maxAge": 1, "symbol": "SP5", "peRatio": 19.7411, "pegRatio": 1.34172, "estimates": [{"period": "0q", "growth": 0.549}, {"period": "+1q", "growth": 0.431}, {"period": "0y", "growth": 0.305}, {"period": "+1y", "growth": 0.109}, {"period": "+5y", "growth": 0.120865}, {"period": "-5y"}]}, "quoteType": {"exchange": "NSI", "quoteType": "EQUITY", "symbol": "TPLPLASTEH.NS", "underlyingSymbol": "TPLPLASTEH.NS", "shortName": "TPL PLASTECH LTD.", "longName": "TPL Plastech Limited", "firstTradeDateEpochUtc": "2015-05-20 09:15:00", "timeZoneFullName": "Asia/Kolkata", "timeZoneShortName": "IST", "uuid": "721cf884-de68-3d18-acda-c0d8488b9437", "gmtOffSetMilliseconds": 19800000, "maxAge": 1}, "incomeStatementHistory": {"incomeStatementHistory": [{"maxAge": 1, "endDate": "2019-03-31", "totalRevenue": 2261580062, "costOfRevenue": 1876196031, "grossProfit": 385384031, "researchDevelopment": {}, "sellingGeneralAdministrative": 95570822, "nonRecurring": {}, "otherOperatingExpenses": 31011760, "totalOperatingExpenses": 2041602792, "operatingIncome": 219977270, "totalOtherIncomeExpenseNet": -62300102, "ebit": 219977270, "interestExpense": -57757594, "incomeBeforeTax": 157677168, "incomeTaxExpense": 43397913, "minorityInterest": {}, "netIncomeFromContinuingOps": 114279255, "discontinuedOperations": {}, "extraordinaryItems": {}, "effectOfAccountingCharges": {}, "otherItems": {}, "netIncome": 114279255, "netIncomeApplicableToCommonShares": 114279255}, {"maxAge": 1, "endDate": "2018-03-31", "totalRevenue": 1926564359, "costOfRevenue": 1575998731, "grossProfit": 350565628, "researchDevelopment": {}, "sellingGeneralAdministrative": 83179463, "nonRecurring": {}, "otherOperatingExpenses": 26125901, "totalOperatingExpenses": 1716971452, "operatingIncome": 209592907, "totalOtherIncomeExpenseNet": -45042276, "ebit": 209592907, "interestExpense": -43290975, "incomeBeforeTax": 164550631, "incomeTaxExpense": 42941000, "minorityInterest": {}, "netIncomeFromContinuingOps": 121609631, "discontinuedOperations": {}, "extraordinaryItems": {}, "effectOfAccountingCharges": {}, "otherItems": {}, "netIncome": 121609631, "netIncomeApplicableToCommonShares": 121609631}, {"maxAge": 1, "endDate": "2017-03-31", "totalRevenue": 1801469694, "costOfRevenue": 1491165763, "grossProfit": 310303931, "researchDevelopment": {}, "sellingGeneralAdministrative": 71383232, "nonRecurring": {}, "otherOperatingExpenses": 20919173, "totalOperatingExpenses": 1611649495, "operatingIncome": 189820199, "totalOtherIncomeExpenseNet": -42801579, "ebit": 189820199, "interestExpense": -36605118, "incomeBeforeTax": 147018620, "incomeTaxExpense": 34219867, "minorityInterest": {}, "netIncomeFromContinuingOps": 112798753, "discontinuedOperations": {}, "extraordinaryItems": {}, "effectOfAccountingCharges": {}, "otherItems": {}, "netIncome": 112798753, "netIncomeApplicableToCommonShares": 112798753}, {"maxAge": 1, "endDate": "2016-03-31", "totalRevenue": 1781699557, "costOfRevenue": 1503060595, "grossProfit": 278638962, "researchDevelopment": {}, "sellingGeneralAdministrative": 53280585, "nonRecurring": {}, "otherOperatingExpenses": 15243557, "totalOperatingExpenses": 1600369688, "operatingIncome": 181329869, "totalOtherIncomeExpenseNet": -45942677, "ebit": 181329869, "interestExpense": -37120931, "incomeBeforeTax": 135387192, "incomeTaxExpense": 49452714, "minorityInterest": {}, "netIncomeFromContinuingOps": 85934478, "discontinuedOperations": {}, "extraordinaryItems": {}, "effectOfAccountingCharges": {}, "otherItems": {}, "netIncome": 85934478, "netIncomeApplicableToCommonShares": 85934478}], "maxAge": 86400}, "fundOwnership": {"ownershipList": [], "maxAge": 1}, "summaryDetail": {"maxAge": 1, "priceHint": 2, "previousClose": 227.15, "open": 229.95, "dayLow": 217.05, "dayHigh": 230.2, "regularMarketPreviousClose": 227.15, "regularMarketOpen": 229.95, "regularMarketDayLow": 217.05, "regularMarketDayHigh": 230.2, "trailingPE": 15.805297, "volume": 10588, "regularMarketVolume": 10588, "averageVolume": 8754, "averageVolume10days": 14249, "averageDailyVolume10Day": 14249, "bid": 0.0, "ask": 0.0, "bidSize": 0, "askSize": 0, "marketCap": 1713630976, "fiftyTwoWeekLow": 63.95, "fiftyTwoWeekHigh": 230.2, "fiftyDayAverage": 152.87576, "twoHundredDayAverage": 140.83035, "currency": "INR", "fromCurrency": null, "lastMarket": null, "algorithm": null, "tradeable": false}, "incomeStatementHistoryQuarterly": {"incomeStatementHistory": [{"maxAge": 1, "endDate": "2019-06-30", "totalRevenue": 536053000, "costOfRevenue": 406724000, "grossProfit": 129329000, "researchDevelopment": {}, "sellingGeneralAdministrative": 18942000, "nonRecurring": {}, "otherOperatingExpenses": 39090000, "totalOperatingExpenses": 474044000, "operatingIncome": 62009000, "totalOtherIncomeExpenseNet": -15504000, "ebit": 62009000, "interestExpense": -15608000, "incomeBeforeTax": 46505000, "incomeTaxExpense": 12735000, "minorityInterest": {}, "netIncomeFromContinuingOps": 33770000, "discontinuedOperations": {}, "extraordinaryItems": {}, "effectOfAccountingCharges": {}, "otherItems": {}, "netIncome": 33770000, "netIncomeApplicableToCommonShares": 33770000}, {"maxAge": 1, "endDate": "2018-12-31", "totalRevenue": 542674000, "costOfRevenue": 427665000, "grossProfit": 115009000, "researchDevelopment": {}, "sellingGeneralAdministrative": 19236000, "nonRecurring": {}, "otherOperatingExpenses": 35933000, "totalOperatingExpenses": 492360000, "operatingIncome": 50314000, "totalOtherIncomeExpenseNet": -15837000, "ebit": 50314000, "interestExpense": -15837000, "incomeBeforeTax": 34477000, "incomeTaxExpense": 10550000, "minorityInterest": {}, "netIncomeFromContinuingOps": 23927000, "discontinuedOperations": {}, "extraordinaryItems": {}, "effectOfAccountingCharges": {}, "otherItems": {}, "netIncome": 23927000, "netIncomeApplicableToCommonShares": 23927000}, {"maxAge": 1, "endDate": "2018-06-30", "totalRevenue": 498082000, "costOfRevenue": 376410000, "grossProfit": 121672000, "researchDevelopment": {}, "sellingGeneralAdministrative": 20789000, "nonRecurring": {}, "otherOperatingExpenses": 35825000, "totalOperatingExpenses": 443074000, "operatingIncome": 55008000, "totalOtherIncomeExpenseNet": -13944000, "ebit": 55008000, "interestExpense": -13960000, "incomeBeforeTax": 41064000, "incomeTaxExpense": 13158000, "minorityInterest": {}, "netIncomeFromContinuingOps": 27906000, "discontinuedOperations": {}, "extraordinaryItems": {}, "effectOfAccountingCharges": {}, "otherItems": {}, "netIncome": 27906000, "netIncomeApplicableToCommonShares": 27906000}, {"maxAge": 1, "endDate": "2018-03-31", "totalRevenue": 570351359, "costOfRevenue": 469959731, "grossProfit": 100391628, "researchDevelopment": {}, "sellingGeneralAdministrative": 25608463, "nonRecurring": {}, "otherOperatingExpenses": 3497901, "totalOperatingExpenses": 507497452, "operatingIncome": 62853907, "totalOtherIncomeExpenseNet": -12675276, "ebit": 62853907, "interestExpense": -10873975, "incomeBeforeTax": 50178631, "incomeTaxExpense": 10109000, "minorityInterest": {}, "netIncomeFromContinuingOps": 40069631, "discontinuedOperations": {}, "extraordinaryItems": {}, "effectOfAccountingCharges": {}, "otherItems": {}, "netIncome": 40069631, "netIncomeApplicableToCommonShares": 40069631}], "maxAge": 86400}, "cashflowStatementHistoryQuarterly": {"cashflowStatements": [{"maxAge": 1, "endDate": "2019-06-30", "netIncome": 33770000, "changeToLiabilities": 0}, {"maxAge": 1, "endDate": "2018-12-31", "netIncome": 23927000, "changeToLiabilities": 0}, {"maxAge": 1, "endDate": "2018-06-30", "netIncome": 27906000, "changeToLiabilities": 0}, {"maxAge": 1, "endDate": "2018-03-31", "netIncome": 40069631, "changeToLiabilities": 0}], "maxAge": 86400}, "insiderHolders": {"holders": [], "maxAge": 1}, "calendarEvents": {"maxAge": 1, "earnings": {"earningsDate": []}}, "upgradeDowngradeHistory": {"history": [], "maxAge": 86400}, "price": {"maxAge": 1, "regularMarketChangePercent": -0.027955057, "regularMarketChange": -6.349991, "regularMarketTime": "2021-04-30 15:29:37", "priceHint": 2, "regularMarketPrice": 220.8, "regularMarketDayHigh": 230.2, "regularMarketDayLow": 217.05, "regularMarketVolume": 10588, "averageDailyVolume10Day": 14249, "averageDailyVolume3Month": 8754, "regularMarketPreviousClose": 227.15, "regularMarketSource": "FREE_REALTIME", "regularMarketOpen": 229.95, "exchange": "NSI", "exchangeName": "NSE", "exchangeDataDelayedBy": 15, "marketState": "CLOSED", "quoteType": "EQUITY", "symbol": "TPLPLASTEH.NS", "underlyingSymbol": null, "shortName": "TPL PLASTECH LTD.", "longName": "TPL Plastech Limited", "currency": "INR", "quoteSourceName": "Delayed Quote", "currencySymbol": "\u20b9", "fromCurrency": null, "lastMarket": null, "marketCap": 1713630976}, "balanceSheetHistory": {"balanceSheetStatements": [{"maxAge": 1, "endDate": "2019-03-31", "cash": 10956008, "netReceivables": 534999027, "inventory": 589161629, "otherCurrentAssets": 149738622, "totalCurrentAssets": 1292383142, "longTermInvestments": 1239696, "propertyPlantEquipment": 741909821, "otherAssets": 40213642, "totalAssets": 2075746301, "accountsPayable": 557472747, "shortLongTermDebt": 59805716, "otherCurrentLiab": 43039794, "longTermDebt": 101159998, "otherLiab": 84732859, "totalCurrentLiabilities": 1098992314, "totalLiab": 1284885171, "commonStock": 78003000, "retainedEarnings": 710387862, "treasuryStock": 2470268, "otherStockholderEquity": 2470268, "totalStockholderEquity": 790861130, "netTangibleAssets": 790861130}, {"maxAge": 1, "endDate": "2018-03-31", "cash": 12183536, "netReceivables": 481223616, "inventory": 527209125, "otherCurrentAssets": 141639401, "totalCurrentAssets": 1167505874, "longTermInvestments": 1180448, "propertyPlantEquipment": 746585790, "otherAssets": 40859261, "totalAssets": 1956131373, "accountsPayable": 566013000, "shortLongTermDebt": 50134287, "otherCurrentLiab": 29212463, "longTermDebt": 160965713, "otherLiab": 81588076, "totalCurrentLiabilities": 1004071183, "totalLiab": 1246624972, "commonStock": 78003000, "retainedEarnings": 628967508, "treasuryStock": 2535893, "otherStockholderEquity": 2535893, "totalStockholderEquity": 709506401, "netTangibleAssets": 709506401}, {"maxAge": 1, "endDate": "2017-03-31", "cash": 4806404, "netReceivables": 435497850, "inventory": 301024182, "otherCurrentAssets": 127637250, "totalCurrentAssets": 871631532, "longTermInvestments": 1121003, "propertyPlantEquipment": 569863024, "otherAssets": 33781950, "totalAssets": 1476397509, "accountsPayable": 384119320, "shortLongTermDebt": 8800000, "otherCurrentLiab": 24699517, "longTermDebt": 75700000, "otherLiab": 73639431, "totalCurrentLiabilities": 713421448, "totalLiab": 862760879, "commonStock": 78003000, "retainedEarnings": 535663971, "treasuryStock": -30341, "otherStockholderEquity": -30341, "totalStockholderEquity": 613636630, "netTangibleAssets": 613636630}, {"maxAge": 1, "endDate": "2016-03-31", "cash": 6086563, "netReceivables": 434486029, "inventory": 222237055, "otherCurrentAssets": 101500663, "totalCurrentAssets": 768057104, "longTermInvestments": 1121329, "propertyPlantEquipment": 498127191, "otherAssets": 35652494, "totalAssets": 1302958118, "accountsPayable": 412596514, "shortLongTermDebt": 44200000, "otherCurrentLiab": 46203660, "otherLiab": 71430208, "totalCurrentLiabilities": 707023649, "totalLiab": 778453857, "commonStock": 78003000, "retainedEarnings": 446399952, "treasuryStock": 101309, "otherStockholderEquity": 101309, "totalStockholderEquity": 524504261, "netTangibleAssets": 524504261}], "maxAge": 86400}, "financialData": {"maxAge": 86400, "currentPrice": 220.8, "recommendationKey": "none", "grossProfits": 385384031, "financialCurrency": "INR"}}}