{"TRANSCOR.BO": {"recommendationTrend": {"trend": [{"period": "0m", "strongBuy": 0, "buy": 0, "hold": 0, "sell": 0, "strongSell": 0}, {"period": "-1m", "strongBuy": 0, "buy": 0, "hold": 0, "sell": 0, "strongSell": 0}, {"period": "-2m", "strongBuy": 0, "buy": 0, "hold": 0, "sell": 0, "strongSell": 0}, {"period": "-3m", "strongBuy": 0, "buy": 0, "hold": 0, "sell": 0, "strongSell": 0}], "maxAge": 86400}, "cashflowStatementHistory": {"cashflowStatements": [{"maxAge": 1, "endDate": "2020-03-31", "netIncome": -98750000, "depreciation": 26653000, "changeToNetincome": 27341000, "changeToAccountReceivables": 43118000, "changeToLiabilities": -67269000, "changeToInventory": 15832000, "changeToOperatingActivities": 11339000, "totalCashFromOperatingActivities": -39580000, "capitalExpenditures": -27981000, "investments": 6182000, "otherCashflowsFromInvestingActivities": 53021000, "totalCashflowsFromInvestingActivities": 32687000, "dividendsPaid": -89000, "netBorrowings": 96342000, "otherCashflowsFromFinancingActivities": -52331000, "totalCashFromFinancingActivities": 43922000, "changeInCash": 37029000}, {"maxAge": 1, "endDate": "2019-03-31", "netIncome": -98592000, "depreciation": 12217000, "changeToNetincome": 1708000, "changeToAccountReceivables": 60471000, "changeToLiabilities": -54173000, "changeToInventory": -17516000, "changeToOperatingActivities": -19912000, "totalCashFromOperatingActivities": -113863000, "capitalExpenditures": -12168000, "investments": 88010000, "otherCashflowsFromInvestingActivities": 22582000, "totalCashflowsFromInvestingActivities": 101654000, "dividendsPaid": -4071000, "netBorrowings": 20310000, "otherCashflowsFromFinancingActivities": -47623000, "totalCashFromFinancingActivities": -47666000, "changeInCash": -59874000}, {"maxAge": 1, "endDate": "2018-03-31", "netIncome": 252959000, "depreciation": 12958000, "changeToNetincome": -338449000, "changeToAccountReceivables": -31494000, "changeToLiabilities": 15795000, "changeToInventory": -4197000, "changeToOperatingActivities": 30207000, "totalCashFromOperatingActivities": -60349000, "capitalExpenditures": -18343000, "investments": -167685000, "otherCashflowsFromInvestingActivities": 339602000, "totalCashflowsFromInvestingActivities": 164922000, "dividendsPaid": -4068000, "netBorrowings": -31024000, "otherCashflowsFromFinancingActivities": -48938000, "totalCashFromFinancingActivities": -84030000, "changeInCash": 20543000}, {"maxAge": 1, "endDate": "2017-03-31", "netIncome": 20965000, "depreciation": 14058000, "changeToNetincome": 28296000, "changeToAccountReceivables": 44636000, "changeToLiabilities": -32352000, "changeToInventory": 16722000, "changeToOperatingActivities": 27730000, "totalCashFromOperatingActivities": 121380000, "capitalExpenditures": -29492000, "investments": -37620000, "otherCashflowsFromInvestingActivities": 13180000, "totalCashflowsFromInvestingActivities": 15680000, "dividendsPaid": -4068000, "netBorrowings": -44854000, "otherCashflowsFromFinancingActivities": -56395000, "totalCashFromFinancingActivities": -105317000, "changeInCash": 31743000}], "maxAge": 86400}, "institutionOwnership": {"maxAge": 1, "ownershipList": []}, "balanceSheetHistoryQuarterly": {"balanceSheetStatements": [{"maxAge": 1, "endDate": "2020-06-30", "totalStockholderEquity": 492150000, "netTangibleAssets": 478323000}, {"maxAge": 1, "endDate": "2020-03-31", "cash": 92074000, "shortTermInvestments": 2515000, "netReceivables": 268904000, "inventory": 57832000, "otherCurrentAssets": 51897000, "totalCurrentAssets": 478757000, "longTermInvestments": 173416000, "propertyPlantEquipment": 214041000, "intangibleAssets": 13827000, "otherAssets": 260337000, "deferredLongTermAssetCharges": 40848000, "totalAssets": 1140378000, "accountsPayable": 23929000, "shortLongTermDebt": 31720000, "otherCurrentLiab": 66785000, "longTermDebt": 33974000, "otherLiab": 896000, "totalCurrentLiabilities": 587174000, "totalLiab": 648228000, "commonStock": 63565000, "retainedEarnings": 418147000, "treasuryStock": 10438000, "otherStockholderEquity": 10438000, "totalStockholderEquity": 492150000, "netTangibleAssets": 478323000}, {"maxAge": 1, "endDate": "2019-12-31", "totalStockholderEquity": 570602000, "netTangibleAssets": 557886000}, {"maxAge": 1, "endDate": "2019-09-30", "cash": 105990000, "netReceivables": 375290000, "inventory": 81224000, "otherCurrentAssets": 45345000, "totalCurrentAssets": 607849000, "longTermInvestments": 201456000, "propertyPlantEquipment": 207327000, "intangibleAssets": 12716000, "otherAssets": 248256000, "deferredLongTermAssetCharges": 26175000, "totalAssets": 1277604000, "accountsPayable": 114803000, "otherCurrentLiab": 101661000, "longTermDebt": 69452000, "otherLiab": 7167000, "totalCurrentLiabilities": 599224000, "totalLiab": 707002000, "commonStock": 63565000, "treasuryStock": 507037000, "otherStockholderEquity": 507037000, "totalStockholderEquity": 570602000, "netTangibleAssets": 557886000}], "maxAge": 86400}, "earningsHistory": {"history": [{"maxAge": 1, "epsActual": {}, "epsEstimate": {}, "epsDifference": {}, "surprisePercent": {}, "quarter": {}, "period": "-4q"}, {"maxAge": 1, "epsActual": 0.09, "epsEstimate": 1.17, "epsDifference": -1.08, "surprisePercent": -0.92300004, "quarter": "2014-12-31", "period": "-3q"}, {"maxAge": 1, "epsActual": 0.11, "epsEstimate": 0.8, "epsDifference": -0.69, "surprisePercent": -0.862, "quarter": "2015-03-31", "period": "-2q"}, {"maxAge": 1, "epsActual": 0.06, "epsEstimate": 0.76, "epsDifference": -0.7, "surprisePercent": -0.921, "quarter": "2015-06-30", "period": "-1q"}], "maxAge": 86400}, "indexTrend": {"maxAge": 1, "symbol": "SP5", "peRatio": 19.7411, "pegRatio": 1.34172, "estimates": [{"period": "0q", "growth": 0.549}, {"period": "+1q", "growth": 0.431}, {"period": "0y", "growth": 0.305}, {"period": "+1y", "growth": 0.109}, {"period": "+5y", "growth": 0.120859005}, {"period": "-5y"}]}, "industryTrend": {"maxAge": 1, "symbol": null, "estimates": []}, "quoteType": {"exchange": "BSE", "quoteType": "EQUITY", "symbol": "TRANSCOR.BO", "underlyingSymbol": "TRANSCOR.BO", "shortName": "TRANSCORP INTERNATIONAL LTD.", "longName": "Transcorp International Limited", "firstTradeDateEpochUtc": "2001-12-12 09:15:00", "timeZoneFullName": "Asia/Kolkata", "timeZoneShortName": "IST", "uuid": "4bd3cde3-0f90-35f9-9775-33c75aa4d9ed", "messageBoardId": null, "gmtOffSetMilliseconds": 19800000, "maxAge": 1}, "incomeStatementHistory": {"incomeStatementHistory": [{"maxAge": 1, "endDate": "2020-03-31", "totalRevenue": 23689586000, "costOfRevenue": 23316081000, "grossProfit": 373505000, "researchDevelopment": {}, "sellingGeneralAdministrative": 157432000, "nonRecurring": {}, "otherOperatingExpenses": 233932000, "totalOperatingExpenses": 23746666000, "operatingIncome": -57080000, "totalOtherIncomeExpenseNet": -66071000, "ebit": -57080000, "interestExpense": -51737000, "incomeBeforeTax": -123151000, "incomeTaxExpense": -24401000, "minorityInterest": {}, "netIncomeFromContinuingOps": -98750000, "discontinuedOperations": {}, "extraordinaryItems": {}, "effectOfAccountingCharges": {}, "otherItems": {}, "netIncome": -98750000, "netIncomeApplicableToCommonShares": -98750000}, {"maxAge": 1, "endDate": "2019-03-31", "totalRevenue": 14772640000, "costOfRevenue": 14518771000, "grossProfit": 253869000, "researchDevelopment": {}, "sellingGeneralAdministrative": 158145000, "nonRecurring": {}, "otherOperatingExpenses": 163181000, "totalOperatingExpenses": 14861063000, "operatingIncome": -88423000, "totalOtherIncomeExpenseNet": -38772000, "ebit": -88423000, "interestExpense": -42848000, "incomeBeforeTax": -127195000, "incomeTaxExpense": -28603000, "minorityInterest": {}, "netIncomeFromContinuingOps": -98592000, "discontinuedOperations": {}, "extraordinaryItems": {}, "effectOfAccountingCharges": {}, "otherItems": {}, "netIncome": -98592000, "netIncomeApplicableToCommonShares": -98592000}, {"maxAge": 1, "endDate": "2018-03-31", "totalRevenue": 8221317000, "costOfRevenue": 7790774000, "grossProfit": 430543000, "researchDevelopment": {}, "sellingGeneralAdministrative": 205327000, "nonRecurring": {}, "otherOperatingExpenses": 216569000, "totalOperatingExpenses": 8244157000, "operatingIncome": -22840000, "totalOtherIncomeExpenseNet": 366148000, "ebit": -22840000, "interestExpense": -47120000, "incomeBeforeTax": 343308000, "incomeTaxExpense": 90349000, "minorityInterest": {}, "netIncomeFromContinuingOps": 252959000, "discontinuedOperations": {}, "extraordinaryItems": {}, "effectOfAccountingCharges": {}, "otherItems": {}, "netIncome": 252959000, "netIncomeApplicableToCommonShares": 252959000}, {"maxAge": 1, "endDate": "2017-03-31", "totalRevenue": 7548334000, "costOfRevenue": 7041502000, "grossProfit": 506832000, "researchDevelopment": {}, "sellingGeneralAdministrative": 174815000, "nonRecurring": {}, "otherOperatingExpenses": 235757000, "totalOperatingExpenses": 7468007000, "operatingIncome": 80327000, "totalOtherIncomeExpenseNet": -36491000, "ebit": 80327000, "interestExpense": -54375000, "incomeBeforeTax": 43836000, "incomeTaxExpense": 22871000, "minorityInterest": {}, "netIncomeFromContinuingOps": 20965000, "discontinuedOperations": {}, "extraordinaryItems": {}, "effectOfAccountingCharges": {}, "otherItems": {}, "netIncome": 20965000, "netIncomeApplicableToCommonShares": 20965000}], "maxAge": 86400}, "fundOwnership": {"maxAge": 1, "ownershipList": []}, "summaryDetail": {"maxAge": 1, "priceHint": 2, "previousClose": 8.6, "open": 9.05, "dayLow": 8.2, "dayHigh": 9.4, "regularMarketPreviousClose": 8.6, "regularMarketOpen": 9.05, "regularMarketDayLow": 8.2, "regularMarketDayHigh": 9.4, "volume": 3836, "regularMarketVolume": 3836, "averageVolume": 7934, "averageVolume10days": 966, "averageDailyVolume10Day": 966, "bid": 8.4, "ask": 8.9, "bidSize": 0, "askSize": 0, "marketCap": 282866016, "fiftyTwoWeekLow": 6.34, "fiftyTwoWeekHigh": 14.1, "fiftyDayAverage": 10.184571, "twoHundredDayAverage": 9.578102, "trailingAnnualDividendRate": 0.128, "trailingAnnualDividendYield": 0.014883721, "currency": "INR", "fromCurrency": null, "toCurrency": null, "lastMarket": null, "algorithm": null, "tradeable": false}, "sectorTrend": {"maxAge": 1, "symbol": null, "estimates": []}, "incomeStatementHistoryQuarterly": {"incomeStatementHistory": [{"maxAge": 1, "endDate": "2020-06-30", "totalRevenue": 591632000, "costOfRevenue": 550291000, "grossProfit": 41341000, "researchDevelopment": {}, "sellingGeneralAdministrative": 21154000, "nonRecurring": {}, "otherOperatingExpenses": 29979000, "totalOperatingExpenses": 607764000, "operatingIncome": -16132000, "totalOtherIncomeExpenseNet": -4490000, "ebit": -16132000, "interestExpense": -13808000, "incomeBeforeTax": -20622000, "incomeTaxExpense": -7645000, "minorityInterest": {}, "netIncomeFromContinuingOps": -12977000, "discontinuedOperations": {}, "extraordinaryItems": {}, "effectOfAccountingCharges": {}, "otherItems": {}, "netIncome": -12977000, "netIncomeApplicableToCommonShares": -12977000}, {"maxAge": 1, "endDate": "2020-03-31", "totalRevenue": 4644544000, "costOfRevenue": 4586573000, "grossProfit": 57971000, "researchDevelopment": {}, "sellingGeneralAdministrative": 42736000, "nonRecurring": {}, "otherOperatingExpenses": 36916000, "totalOperatingExpenses": 4684242000, "operatingIncome": -39698000, "totalOtherIncomeExpenseNet": -27737000, "ebit": -39698000, "interestExpense": -13404000, "incomeBeforeTax": -67435000, "incomeTaxExpense": -10353000, "minorityInterest": {}, "netIncomeFromContinuingOps": -57082000, "discontinuedOperations": {}, "extraordinaryItems": {}, "effectOfAccountingCharges": {}, "otherItems": {}, "netIncome": -57082000, "netIncomeApplicableToCommonShares": -57082000}, {"maxAge": 1, "endDate": "2019-12-31", "totalRevenue": 6639019000, "costOfRevenue": 6527141000, "grossProfit": 111878000, "researchDevelopment": {}, "sellingGeneralAdministrative": 39244000, "nonRecurring": {}, "otherOperatingExpenses": 69471000, "totalOperatingExpenses": 6643151000, "operatingIncome": -4132000, "totalOtherIncomeExpenseNet": -13558000, "ebit": -4132000, "interestExpense": -13558000, "incomeBeforeTax": -17690000, "incomeTaxExpense": -4668000, "minorityInterest": {}, "netIncomeFromContinuingOps": -13022000, "discontinuedOperations": {}, "extraordinaryItems": {}, "effectOfAccountingCharges": {}, "otherItems": {}, "netIncome": -13022000, "netIncomeApplicableToCommonShares": -13022000}, {"maxAge": 1, "endDate": "2019-09-30", "totalRevenue": 6570050000, "costOfRevenue": 6465517000, "grossProfit": 104533000, "researchDevelopment": {}, "sellingGeneralAdministrative": 38091000, "nonRecurring": {}, "otherOperatingExpenses": 73499000, "totalOperatingExpenses": 6584155000, "operatingIncome": -14105000, "totalOtherIncomeExpenseNet": -13666000, "ebit": -14105000, "interestExpense": -13667000, "incomeBeforeTax": -27771000, "incomeTaxExpense": -6620000, "minorityInterest": {}, "netIncomeFromContinuingOps": -21151000, "discontinuedOperations": {}, "extraordinaryItems": {}, "effectOfAccountingCharges": {}, "otherItems": {}, "netIncome": -21151000, "netIncomeApplicableToCommonShares": -21151000}], "maxAge": 86400}, "cashflowStatementHistoryQuarterly": {"cashflowStatements": [{"maxAge": 1, "endDate": "2020-06-30", "netIncome": -12977000, "changeToLiabilities": 0}, {"maxAge": 1, "endDate": "2020-03-31", "netIncome": -57082000, "changeToLiabilities": 0}, {"maxAge": 1, "endDate": "2019-12-31", "netIncome": -13022000, "changeToLiabilities": 0}, {"maxAge": 1, "endDate": "2019-09-30", "netIncome": -21151000, "changeToLiabilities": 0}], "maxAge": 86400}, "insiderHolders": {"holders": [], "maxAge": 1}, "earnings": {"maxAge": 86400, "earningsChart": {"quarterly": [{"date": "4Q2014", "actual": 0.09, "estimate": 1.17}, {"date": "1Q2015", "actual": 0.11, "estimate": 0.8}, {"date": "2Q2015", "actual": 0.06, "estimate": 0.76}], "currentQuarterEstimateDate": "3Q", "currentQuarterEstimateYear": 2015, "earningsDate": []}, "financialsChart": {"yearly": [{"date": 2017, "revenue": 7548334000, "earnings": 20965000}, {"date": 2018, "revenue": 8221317000, "earnings": 252959000}, {"date": 2019, "revenue": 14772640000, "earnings": -98592000}, {"date": 2020, "revenue": 23689586000, "earnings": -98750000}], "quarterly": [{"date": "3Q2019", "revenue": 6570050000, "earnings": -21151000}, {"date": "4Q2019", "revenue": 6639019000, "earnings": -13022000}, {"date": "1Q2020", "revenue": 4644544000, "earnings": -57082000}, {"date": "2Q2020", "revenue": 591632000, "earnings": -12977000}]}, "financialCurrency": "INR"}, "calendarEvents": {"maxAge": 1, "earnings": {"earningsDate": []}}, "price": {"maxAge": 1, "regularMarketChangePercent": 0.03488363, "regularMarketChange": 0.29999924, "regularMarketTime": "2021-04-30 15:19:11", "priceHint": 2, "regularMarketPrice": 8.9, "regularMarketDayHigh": 9.4, "regularMarketDayLow": 8.2, "regularMarketVolume": 3836, "averageDailyVolume10Day": 966, "averageDailyVolume3Month": 7934, "regularMarketPreviousClose": 8.6, "regularMarketSource": "FREE_REALTIME", "regularMarketOpen": 9.05, "exchange": "BSE", "exchangeName": "BSE", "exchangeDataDelayedBy": 0, "marketState": "CLOSED", "quoteType": "EQUITY", "symbol": "TRANSCOR.BO", "underlyingSymbol": null, "shortName": "TRANSCORP INTERNATIONAL LTD.", "longName": "Transcorp International Limited", "currency": "INR", "quoteSourceName": "Delayed Quote", "currencySymbol": "\u20b9", "fromCurrency": null, "toCurrency": null, "lastMarket": null, "marketCap": 282866016}, "balanceSheetHistory": {"balanceSheetStatements": [{"maxAge": 1, "endDate": "2020-03-31", "cash": 92074000, "shortTermInvestments": 2515000, "netReceivables": 268904000, "inventory": 57832000, "otherCurrentAssets": 51897000, "totalCurrentAssets": 478757000, "longTermInvestments": 173416000, "propertyPlantEquipment": 214041000, "intangibleAssets": 13827000, "otherAssets": 260337000, "deferredLongTermAssetCharges": 40848000, "totalAssets": 1140378000, "accountsPayable": 23929000, "shortLongTermDebt": 31720000, "otherCurrentLiab": 66785000, "longTermDebt": 33974000, "otherLiab": 896000, "totalCurrentLiabilities": 587174000, "totalLiab": 648228000, "commonStock": 63565000, "retainedEarnings": 418147000, "treasuryStock": 10438000, "otherStockholderEquity": 10438000, "totalStockholderEquity": 492150000, "netTangibleAssets": 478323000}, {"maxAge": 1, "endDate": "2019-03-31", "cash": 55045000, "netReceivables": 363841000, "inventory": 73664000, "otherCurrentAssets": 48522000, "totalCurrentAssets": 544201000, "longTermInvestments": 192943000, "propertyPlantEquipment": 166659000, "intangibleAssets": 12023000, "otherAssets": 243998000, "deferredLongTermAssetCharges": 8866000, "totalAssets": 1159824000, "accountsPayable": 91198000, "shortLongTermDebt": 37396000, "otherCurrentLiab": 54107000, "longTermDebt": 51172000, "otherLiab": 996000, "totalCurrentLiabilities": 502522000, "totalLiab": 554690000, "commonStock": 63565000, "retainedEarnings": 520482000, "treasuryStock": 21087000, "otherStockholderEquity": 21087000, "totalStockholderEquity": 605134000, "netTangibleAssets": 593111000}, {"maxAge": 1, "endDate": "2018-03-31", "cash": 114919000, "shortTermInvestments": 1424000, "netReceivables": 462316000, "inventory": 56148000, "otherCurrentAssets": 94128000, "totalCurrentAssets": 734941000, "longTermInvestments": 251950000, "propertyPlantEquipment": 173130000, "intangibleAssets": 8566000, "otherAssets": 246136000, "totalAssets": 1414723000, "accountsPayable": 145371000, "shortLongTermDebt": 51558000, "otherCurrentLiab": 128501000, "longTermDebt": 82032000, "otherLiab": 23399000, "totalCurrentLiabilities": 597187000, "totalLiab": 702618000, "commonStock": 50852000, "retainedEarnings": 642989000, "treasuryStock": 5995000, "capitalSurplus": 12269000, "otherStockholderEquity": 5995000, "totalStockholderEquity": 712105000, "netTangibleAssets": 703539000}, {"maxAge": 1, "endDate": "2017-03-31", "cash": 94376000, "shortTermInvestments": 795000, "netReceivables": 366641000, "inventory": 51950000, "otherCurrentAssets": 38441000, "totalCurrentAssets": 556285000, "longTermInvestments": 108192000, "propertyPlantEquipment": 174144000, "intangibleAssets": 10186000, "otherAssets": 263898000, "totalAssets": 1112705000, "accountsPayable": 129576000, "shortLongTermDebt": 34569000, "otherCurrentLiab": 48158000, "longTermDebt": 87975000, "otherLiab": 24573000, "totalCurrentLiabilities": 517099000, "totalLiab": 629647000, "commonStock": 50852000, "retainedEarnings": 395087000, "treasuryStock": 24850000, "capitalSurplus": 12269000, "otherStockholderEquity": 24850000, "totalStockholderEquity": 483058000, "netTangibleAssets": 472872000}], "maxAge": 86400}, "earningsTrend": {"trend": [{"maxAge": 1, "period": "0q", "endDate": "2015-09-30", "growth": {}, "earningsEstimate": {"avg": 0.0, "low": 0.0, "high": 0.0, "yearAgoEps": {}, "numberOfAnalysts": 0, "growth": {}}, "revenueEstimate": {"avg": 0, "low": 0, "high": 0, "numberOfAnalysts": 0, "yearAgoRevenue": {}, "growth": {}}, "epsTrend": {"current": 0.0, "7daysAgo": 0.0, "30daysAgo": 0.0, "60daysAgo": 0.0, "90daysAgo": 0.0}, "epsRevisions": {"upLast7days": 0, "upLast30days": 0, "downLast30days": 0, "downLast90days": {}}}, {"maxAge": 1, "period": "+1q", "endDate": "2015-12-31", "growth": {}, "earningsEstimate": {"avg": 0.0, "low": 0.0, "high": 0.0, "yearAgoEps": 0.09, "numberOfAnalysts": 0, "growth": {}}, "revenueEstimate": {"avg": 0, "low": 0, "high": 0, "numberOfAnalysts": 0, "yearAgoRevenue": 2351000000, "growth": {}}, "epsTrend": {"current": 0.0, "7daysAgo": 0.0, "30daysAgo": 0.0, "60daysAgo": 0.0, "90daysAgo": 0.0}, "epsRevisions": {"upLast7days": 0, "upLast30days": 0, "downLast30days": 0, "downLast90days": {}}}, {"maxAge": 1, "period": "0y", "endDate": "2016-03-31", "growth": {}, "earningsEstimate": {"avg": 0.0, "low": 0.0, "high": 0.0, "yearAgoEps": {}, "numberOfAnalysts": 0, "growth": {}}, "revenueEstimate": {"avg": 0, "low": 11827800000, "high": 11827800000, "numberOfAnalysts": 1, "yearAgoRevenue": 9853370000, "growth": {}}, "epsTrend": {"current": 0.0, "7daysAgo": 3.48, "30daysAgo": 3.48, "60daysAgo": 3.48, "90daysAgo": 3.48}, "epsRevisions": {"upLast7days": 0, "upLast30days": 0, "downLast30days": 0, "downLast90days": {}}}, {"maxAge": 1, "period": "+1y", "endDate": "2017-03-31", "growth": {}, "earningsEstimate": {"avg": 0.0, "low": 0.0, "high": 0.0, "yearAgoEps": {}, "numberOfAnalysts": 0, "growth": {}}, "revenueEstimate": {"avg": 13483600000, "low": 13483600000, "high": 13483600000, "numberOfAnalysts": 1, "yearAgoRevenue": {}, "growth": {}}, "epsTrend": {"current": 0.0, "7daysAgo": 4.22, "30daysAgo": 4.22, "60daysAgo": 4.22, "90daysAgo": 4.22}, "epsRevisions": {"upLast7days": 0, "upLast30days": 0, "downLast30days": 0, "downLast90days": {}}}, {"maxAge": 1, "period": "+5y", "endDate": null, "growth": {}, "earningsEstimate": {"avg": {}, "low": {}, "high": {}, "yearAgoEps": {}, "numberOfAnalysts": {}, "growth": {}}, "revenueEstimate": {"avg": {}, "low": {}, "high": {}, "numberOfAnalysts": {}, "yearAgoRevenue": {}, "growth": {}}, "epsTrend": {"current": {}, "7daysAgo": {}, "30daysAgo": {}, "60daysAgo": {}, "90daysAgo": {}}, "epsRevisions": {"upLast7days": {}, "upLast30days": {}, "downLast30days": {}, "downLast90days": {}}}, {"maxAge": 1, "period": "-5y", "endDate": null, "growth": {}, "earningsEstimate": {"avg": {}, "low": {}, "high": {}, "yearAgoEps": {}, "numberOfAnalysts": {}, "growth": {}}, "revenueEstimate": {"avg": {}, "low": {}, "high": {}, "numberOfAnalysts": {}, "yearAgoRevenue": {}, "growth": {}}, "epsTrend": {"current": {}, "7daysAgo": {}, "30daysAgo": {}, "60daysAgo": {}, "90daysAgo": {}}, "epsRevisions": {"upLast7days": {}, "upLast30days": {}, "downLast30days": {}, "downLast90days": {}}}], "maxAge": 1}, "financialData": {"maxAge": 86400, "currentPrice": 8.9, "targetHighPrice": 13.2, "targetLowPrice": 13.2, "targetMeanPrice": 13.2, "targetMedianPrice": 13.2, "recommendationMean": 2.0, "recommendationKey": "buy", "numberOfAnalystOpinions": 1, "grossProfits": 373505000, "financialCurrency": "INR"}}}