{"TRANSPEK.BO": {"recommendationTrend": {"trend": [{"period": "0m", "strongBuy": 0, "buy": 0, "hold": 0, "sell": 0, "strongSell": 0}, {"period": "-1m", "strongBuy": 0, "buy": 0, "hold": 0, "sell": 0, "strongSell": 0}, {"period": "-2m", "strongBuy": 0, "buy": 0, "hold": 0, "sell": 0, "strongSell": 0}, {"period": "-3m", "strongBuy": 0, "buy": 0, "hold": 0, "sell": 0, "strongSell": 0}], "maxAge": 86400}, "cashflowStatementHistory": {"cashflowStatements": [{"maxAge": 1, "endDate": "2020-03-31", "netIncome": 729415000, "depreciation": 259008000, "changeToNetincome": 97511000, "changeToAccountReceivables": 38162000, "changeToLiabilities": -77437000, "changeToInventory": 64289000, "changeToOperatingActivities": -5301000, "totalCashFromOperatingActivities": 1105647000, "capitalExpenditures": -373646000, "otherCashflowsFromInvestingActivities": 34488000, "totalCashflowsFromInvestingActivities": -331580000, "dividendsPaid": -179048000, "netBorrowings": -436469000, "otherCashflowsFromFinancingActivities": -157074000, "totalCashFromFinancingActivities": -772591000, "changeInCash": 1478000}, {"maxAge": 1, "endDate": "2019-03-31", "netIncome": 657370000, "depreciation": 141425000, "changeToNetincome": 316838000, "changeToAccountReceivables": -8642000, "changeToLiabilities": 47747000, "changeToInventory": -101224000, "changeToOperatingActivities": 221694000, "totalCashFromOperatingActivities": 1275208000, "capitalExpenditures": -477829000, "otherCashflowsFromInvestingActivities": 26100000, "totalCashflowsFromInvestingActivities": -448656000, "dividendsPaid": -60603000, "netBorrowings": -587900000, "otherCashflowsFromFinancingActivities": -182098000, "totalCashFromFinancingActivities": -830601000, "changeInCash": -4049000}, {"maxAge": 1, "endDate": "2018-03-31", "netIncome": 264029000, "depreciation": 99248000, "changeToNetincome": 71422000, "changeToAccountReceivables": -257666000, "changeToLiabilities": 205494000, "changeToInventory": -88894000, "changeToOperatingActivities": -219916000, "totalCashFromOperatingActivities": 73717000, "capitalExpenditures": -1194788000, "investments": 126601000, "otherCashflowsFromInvestingActivities": 32762000, "totalCashflowsFromInvestingActivities": -1034265000, "dividendsPaid": -60504000, "netBorrowings": 1147336000, "otherCashflowsFromFinancingActivities": -124096000, "totalCashFromFinancingActivities": 962736000, "changeInCash": 2188000}, {"maxAge": 1, "endDate": "2017-03-31", "netIncome": 299763000, "depreciation": 86320000, "changeToNetincome": 65626000, "changeToAccountReceivables": -218066000, "changeToLiabilities": 135902000, "changeToInventory": 6147000, "changeToOperatingActivities": 94382000, "totalCashFromOperatingActivities": 470074000, "capitalExpenditures": -368995000, "investments": 126601000, "otherCashflowsFromInvestingActivities": 59183000, "totalCashflowsFromInvestingActivities": -309269000, "dividendsPaid": -53006000, "netBorrowings": 97672000, "otherCashflowsFromFinancingActivities": -84446000, "totalCashFromFinancingActivities": -174778000, "changeInCash": -13973000, "repurchaseOfStock": -134998000}], "maxAge": 86400}, "institutionOwnership": {"maxAge": 1, "ownershipList": []}, "balanceSheetHistoryQuarterly": {"balanceSheetStatements": [{"maxAge": 1, "endDate": "2020-06-30", "totalStockholderEquity": 3384500000, "netTangibleAssets": 3384500000}, {"maxAge": 1, "endDate": "2020-03-31", "cash": 4035000, "netReceivables": 921674000, "inventory": 496681000, "otherCurrentAssets": 185174000, "totalCurrentAssets": 1607564000, "longTermInvestments": 1178844000, "propertyPlantEquipment": 3053037000, "otherAssets": 69550000, "totalAssets": 5908995000, "accountsPayable": 521779000, "shortLongTermDebt": 305056000, "otherCurrentLiab": 79232000, "longTermDebt": 446108000, "otherLiab": 601201000, "totalCurrentLiabilities": 1381318000, "totalLiab": 2524542000, "commonStock": 55856000, "retainedEarnings": 2415181000, "treasuryStock": 893141000, "capitalSurplus": 20275000, "otherStockholderEquity": 893141000, "totalStockholderEquity": 3384453000, "netTangibleAssets": 3384453000}, {"maxAge": 1, "endDate": "2019-12-31", "totalStockholderEquity": 3139500000, "netTangibleAssets": 3139500000}, {"maxAge": 1, "endDate": "2019-09-30", "cash": 12700000, "shortTermInvestments": 3000000, "netReceivables": 646200000, "inventory": 519300000, "otherCurrentAssets": 223900000, "totalCurrentAssets": 1405100000, "longTermInvestments": 1470800000, "propertyPlantEquipment": 2896200000, "otherAssets": 34400000, "totalAssets": 5806500000, "accountsPayable": 468200000, "shortLongTermDebt": 300300000, "otherCurrentLiab": 97200000, "longTermDebt": 637700000, "otherLiab": 641800000, "totalCurrentLiabilities": 1387500000, "totalLiab": 2667000000, "commonStock": 55900000, "treasuryStock": 3083600000, "otherStockholderEquity": 3083600000, "totalStockholderEquity": 3139500000, "netTangibleAssets": 3139500000}], "maxAge": 86400}, "earningsHistory": {"history": [{"maxAge": 1, "epsActual": {}, "epsEstimate": {}, "epsDifference": {}, "surprisePercent": {}, "quarter": {}, "period": "-4q"}, {"maxAge": 1, "epsActual": {}, "epsEstimate": {}, "epsDifference": {}, "surprisePercent": {}, "quarter": {}, "period": "-3q"}, {"maxAge": 1, "epsActual": {}, "epsEstimate": {}, "epsDifference": {}, "surprisePercent": {}, "quarter": {}, "period": "-2q"}, {"maxAge": 1, "epsActual": 18.41, "epsEstimate": 10.44, "epsDifference": 7.97, "surprisePercent": 0.763, "quarter": "2018-06-30", "period": "-1q"}], "maxAge": 86400}, "indexTrend": {"maxAge": 1, "symbol": "SP5", "peRatio": 19.7411, "pegRatio": 1.34172, "estimates": [{"period": "0q", "growth": 0.549}, {"period": "+1q", "growth": 0.431}, {"period": "0y", "growth": 0.305}, {"period": "+1y", "growth": 0.109}, {"period": "+5y", "growth": 0.120859005}, {"period": "-5y"}]}, "industryTrend": {"maxAge": 1, "symbol": null, "estimates": []}, "insiderTransactions": {"transactions": [{"maxAge": 1, "shares": 6000, "filerUrl": "", "transactionText": "", "filerName": "Saraiya (Chetna Praful)", "filerRelation": "Promoter", "moneyText": "", "startDate": "2020-08-20", "ownership": "D"}, {"maxAge": 1, "shares": 6000, "filerUrl": "", "transactionText": "", "filerName": "Saraiya (Chetna Praful)", "filerRelation": "Promoter", "moneyText": "", "startDate": "2019-01-24", "ownership": "D"}], "maxAge": 1}, "quoteType": {"exchange": "BSE", "quoteType": "EQUITY", "symbol": "TRANSPEK.BO", "underlyingSymbol": "TRANSPEK.BO", "shortName": "TRANSPEK INDUSTRY LTD.", "longName": "Transpek Industry Limited", "firstTradeDateEpochUtc": "2000-04-20 09:15:00", "timeZoneFullName": "Asia/Kolkata", "timeZoneShortName": "IST", "uuid": "e6a9f10d-2c86-30c6-8a86-799eeb079eed", "messageBoardId": null, "gmtOffSetMilliseconds": 19800000, "maxAge": 1}, "incomeStatementHistory": {"incomeStatementHistory": [{"maxAge": 1, "endDate": "2020-03-31", "totalRevenue": 5793113000, "costOfRevenue": 2792180000, "grossProfit": 3000933000, "researchDevelopment": {}, "sellingGeneralAdministrative": 508661000, "nonRecurring": {}, "otherOperatingExpenses": 1163142000, "totalOperatingExpenses": 4722991000, "operatingIncome": 1070122000, "totalOtherIncomeExpenseNet": -134927000, "ebit": 1070122000, "interestExpense": -129558000, "incomeBeforeTax": 935195000, "incomeTaxExpense": 205780000, "minorityInterest": {}, "netIncomeFromContinuingOps": 729415000, "discontinuedOperations": {}, "extraordinaryItems": {}, "effectOfAccountingCharges": {}, "otherItems": {}, "netIncome": 729415000, "netIncomeApplicableToCommonShares": 729415000}, {"maxAge": 1, "endDate": "2019-03-31", "totalRevenue": 6096322000, "costOfRevenue": 3135752000, "grossProfit": 2960570000, "researchDevelopment": {}, "sellingGeneralAdministrative": 547401000, "nonRecurring": {}, "otherOperatingExpenses": 1094095000, "totalOperatingExpenses": 4918673000, "operatingIncome": 1177649000, "totalOtherIncomeExpenseNet": -164598000, "ebit": 1177649000, "interestExpense": -160443000, "incomeBeforeTax": 1013051000, "incomeTaxExpense": 355681000, "minorityInterest": {}, "netIncomeFromContinuingOps": 657370000, "discontinuedOperations": {}, "extraordinaryItems": {}, "effectOfAccountingCharges": {}, "otherItems": {}, "netIncome": 657370000, "netIncomeApplicableToCommonShares": 657370000}, {"maxAge": 1, "endDate": "2018-03-31", "totalRevenue": 3665644000, "costOfRevenue": 1992121000, "grossProfit": 1673523000, "researchDevelopment": {}, "sellingGeneralAdministrative": 412684000, "nonRecurring": {}, "otherOperatingExpenses": 735349000, "totalOperatingExpenses": 3239402000, "operatingIncome": 426242000, "totalOtherIncomeExpenseNet": -76015000, "ebit": 426242000, "interestExpense": -93011000, "incomeBeforeTax": 350227000, "incomeTaxExpense": 86198000, "minorityInterest": {}, "netIncomeFromContinuingOps": 264029000, "discontinuedOperations": {}, "extraordinaryItems": {}, "effectOfAccountingCharges": {}, "otherItems": {}, "netIncome": 264029000, "netIncomeApplicableToCommonShares": 264029000}, {"maxAge": 1, "endDate": "2017-03-31", "totalRevenue": 3165787000, "costOfRevenue": 1581209000, "grossProfit": 1584578000, "researchDevelopment": {}, "sellingGeneralAdministrative": 380951000, "nonRecurring": {}, "otherOperatingExpenses": 669943000, "totalOperatingExpenses": 2718423000, "operatingIncome": 447364000, "totalOtherIncomeExpenseNet": -23318000, "ebit": 447364000, "interestExpense": -72216000, "incomeBeforeTax": 424046000, "incomeTaxExpense": 124283000, "minorityInterest": {}, "netIncomeFromContinuingOps": 299763000, "discontinuedOperations": {}, "extraordinaryItems": {}, "effectOfAccountingCharges": {}, "otherItems": {}, "netIncome": 299763000, "netIncomeApplicableToCommonShares": 299763000}], "maxAge": 86400}, "fundOwnership": {"maxAge": 1, "ownershipList": []}, "summaryDetail": {"maxAge": 1, "priceHint": 2, "previousClose": 1347.55, "open": 1342.0, "dayLow": 1320.0, "dayHigh": 1364.95, "regularMarketPreviousClose": 1347.55, "regularMarketOpen": 1342.0, "regularMarketDayLow": 1320.0, "regularMarketDayHigh": 1364.95, "trailingPE": 10.147241, "forwardPE": 17.67715, "volume": 6037, "regularMarketVolume": 6037, "averageVolume": 6593, "averageVolume10days": 12822, "averageDailyVolume10Day": 12822, "bid": 1330.0, "ask": 1344.0, "bidSize": 0, "askSize": 0, "marketCap": 7440817152, "fiftyTwoWeekLow": 1077.0, "fiftyTwoWeekHigh": 2191.9, "fiftyDayAverage": 1566.8728, "twoHundredDayAverage": 1653.923, "trailingAnnualDividendRate": 12.5, "trailingAnnualDividendYield": 0.009276093, "currency": "INR", "fromCurrency": null, "toCurrency": null, "lastMarket": null, "algorithm": null, "tradeable": false}, "sectorTrend": {"maxAge": 1, "symbol": null, "estimates": []}, "incomeStatementHistoryQuarterly": {"incomeStatementHistory": [{"maxAge": 1, "endDate": "2020-06-30", "totalRevenue": 795900000, "costOfRevenue": 325500000, "grossProfit": 470400000, "researchDevelopment": {}, "sellingGeneralAdministrative": 120800000, "nonRecurring": {}, "otherOperatingExpenses": 211300000, "totalOperatingExpenses": 725200000, "operatingIncome": 70700000, "totalOtherIncomeExpenseNet": -28900000, "ebit": 70700000, "interestExpense": -28900000, "incomeBeforeTax": 41800000, "incomeTaxExpense": 4100000, "minorityInterest": {}, "netIncomeFromContinuingOps": 37700000, "discontinuedOperations": {}, "extraordinaryItems": {}, "effectOfAccountingCharges": {}, "otherItems": {}, "netIncome": 37700000, "netIncomeApplicableToCommonShares": 37700000}, {"maxAge": 1, "endDate": "2020-03-31", "totalRevenue": 1621413000, "costOfRevenue": 910280000, "grossProfit": 711133000, "researchDevelopment": {}, "sellingGeneralAdministrative": 130561000, "nonRecurring": {}, "otherOperatingExpenses": 166242000, "totalOperatingExpenses": 1278091000, "operatingIncome": 343322000, "totalOtherIncomeExpenseNet": -16027000, "ebit": 343322000, "interestExpense": -10658000, "incomeBeforeTax": 327295000, "incomeTaxExpense": 85180000, "minorityInterest": {}, "netIncomeFromContinuingOps": 242115000, "discontinuedOperations": {}, "extraordinaryItems": {}, "effectOfAccountingCharges": {}, "otherItems": {}, "netIncome": 242115000, "netIncomeApplicableToCommonShares": 242115000}, {"maxAge": 1, "endDate": "2019-12-31", "totalRevenue": 1703400000, "costOfRevenue": 692400000, "grossProfit": 1011000000, "researchDevelopment": {}, "sellingGeneralAdministrative": 129300000, "nonRecurring": {}, "otherOperatingExpenses": 395200000, "totalOperatingExpenses": 1280100000, "operatingIncome": 423300000, "totalOtherIncomeExpenseNet": -46700000, "ebit": 423300000, "interestExpense": -46700000, "incomeBeforeTax": 376600000, "incomeTaxExpense": 77400000, "minorityInterest": {}, "netIncomeFromContinuingOps": 299200000, "discontinuedOperations": {}, "extraordinaryItems": {}, "effectOfAccountingCharges": {}, "otherItems": {}, "netIncome": 299200000, "netIncomeApplicableToCommonShares": 299200000}, {"maxAge": 1, "endDate": "2019-09-30", "totalRevenue": 1284900000, "costOfRevenue": 556500000, "grossProfit": 728400000, "researchDevelopment": {}, "sellingGeneralAdministrative": 119900000, "nonRecurring": {}, "otherOperatingExpenses": 323200000, "totalOperatingExpenses": 1063700000, "operatingIncome": 221200000, "totalOtherIncomeExpenseNet": -32400000, "ebit": 221200000, "interestExpense": -32500000, "incomeBeforeTax": 188800000, "incomeTaxExpense": 34200000, "minorityInterest": {}, "netIncomeFromContinuingOps": 154600000, "discontinuedOperations": {}, "extraordinaryItems": {}, "effectOfAccountingCharges": {}, "otherItems": {}, "netIncome": 154600000, "netIncomeApplicableToCommonShares": 154600000}], "maxAge": 86400}, "cashflowStatementHistoryQuarterly": {"cashflowStatements": [{"maxAge": 1, "endDate": "2020-06-30", "netIncome": 37700000, "changeToLiabilities": 0}, {"maxAge": 1, "endDate": "2020-03-31", "netIncome": 242115000, "changeToLiabilities": 0}, {"maxAge": 1, "endDate": "2019-12-31", "netIncome": 299200000, "changeToLiabilities": 0}, {"maxAge": 1, "endDate": "2019-09-30", "netIncome": 154600000, "changeToLiabilities": 0}], "maxAge": 86400}, "insiderHolders": {"holders": [{"maxAge": 1, "name": "Saraiya (Chetna Praful)", "relation": "Promoter", "url": "", "transactionDescription": "Gift", "latestTransDate": "2020-08-20", "positionDirectDate": "2020-08-20"}], "maxAge": 1}, "earnings": {"maxAge": 86400, "earningsChart": {"quarterly": [{"date": "2Q2018", "actual": 18.41, "estimate": 10.44}], "currentQuarterEstimateDate": "3Q", "currentQuarterEstimateYear": 2018, "earningsDate": []}, "financialsChart": {"yearly": [{"date": 2017, "revenue": 3165787000, "earnings": 299763000}, {"date": 2018, "revenue": 3665644000, "earnings": 264029000}, {"date": 2019, "revenue": 6096322000, "earnings": 657370000}, {"date": 2020, "revenue": 5793113000, "earnings": 729415000}], "quarterly": [{"date": "3Q2019", "revenue": 1284900000, "earnings": 154600000}, {"date": "4Q2019", "revenue": 1703400000, "earnings": 299200000}, {"date": "1Q2020", "revenue": 1621413000, "earnings": 242115000}, {"date": "2Q2020", "revenue": 795900000, "earnings": 37700000}]}, "financialCurrency": "INR"}, "calendarEvents": {"maxAge": 1, "earnings": {"earningsDate": []}}, "price": {"maxAge": 1, "regularMarketChangePercent": -0.011428165, "regularMarketChange": -15.400024, "regularMarketTime": "2021-04-30 15:29:48", "priceHint": 2, "regularMarketPrice": 1332.15, "regularMarketDayHigh": 1364.95, "regularMarketDayLow": 1320.0, "regularMarketVolume": 6037, "averageDailyVolume10Day": 12822, "averageDailyVolume3Month": 6593, "regularMarketPreviousClose": 1347.55, "regularMarketSource": "FREE_REALTIME", "regularMarketOpen": 1342.0, "exchange": "BSE", "exchangeName": "BSE", "exchangeDataDelayedBy": 0, "marketState": "CLOSED", "quoteType": "EQUITY", "symbol": "TRANSPEK.BO", "underlyingSymbol": null, "shortName": "TRANSPEK INDUSTRY LTD.", "longName": "Transpek Industry Limited", "currency": "INR", "quoteSourceName": "Delayed Quote", "currencySymbol": "\u20b9", "fromCurrency": null, "toCurrency": null, "lastMarket": null, "marketCap": 7440817152}, "balanceSheetHistory": {"balanceSheetStatements": [{"maxAge": 1, "endDate": "2020-03-31", "cash": 4035000, "netReceivables": 921674000, "inventory": 496681000, "otherCurrentAssets": 185174000, "totalCurrentAssets": 1607564000, "longTermInvestments": 1178844000, "propertyPlantEquipment": 3053037000, "otherAssets": 69550000, "totalAssets": 5908995000, "accountsPayable": 521779000, "shortLongTermDebt": 305056000, "otherCurrentLiab": 79232000, "longTermDebt": 446108000, "otherLiab": 601201000, "totalCurrentLiabilities": 1381318000, "totalLiab": 2524542000, "commonStock": 55856000, "retainedEarnings": 2415181000, "treasuryStock": 893141000, "capitalSurplus": 20275000, "otherStockholderEquity": 893141000, "totalStockholderEquity": 3384453000, "netTangibleAssets": 3384453000}, {"maxAge": 1, "endDate": "2019-03-31", "cash": 2558000, "netReceivables": 944326000, "inventory": 560969000, "otherCurrentAssets": 219480000, "totalCurrentAssets": 1727333000, "longTermInvestments": 1489848000, "propertyPlantEquipment": 2692276000, "otherAssets": 77185000, "totalAssets": 5986642000, "accountsPayable": 592464000, "shortLongTermDebt": 237930000, "otherCurrentLiab": 119078000, "longTermDebt": 687811000, "otherLiab": 642748000, "totalCurrentLiabilities": 1542055000, "totalLiab": 2872614000, "commonStock": 55856000, "retainedEarnings": 1888882000, "treasuryStock": 1149015000, "capitalSurplus": 20275000, "otherStockholderEquity": 1149015000, "totalStockholderEquity": 3114028000, "netTangibleAssets": 3114028000}, {"maxAge": 1, "endDate": "2018-03-31", "cash": 6608000, "netReceivables": 943891000, "inventory": 459745000, "otherCurrentAssets": 361649000, "totalCurrentAssets": 1771893000, "longTermInvestments": 1435402000, "propertyPlantEquipment": 2349764000, "otherAssets": 107230000, "totalAssets": 5664289000, "accountsPayable": 544717000, "shortLongTermDebt": 229093000, "otherCurrentLiab": 53018000, "longTermDebt": 854395000, "otherLiab": 506426000, "totalCurrentLiabilities": 1834113000, "totalLiab": 3194934000, "commonStock": 55856000, "retainedEarnings": 1291165000, "treasuryStock": 1102059000, "capitalSurplus": 20275000, "otherStockholderEquity": 1102059000, "totalStockholderEquity": 2469355000, "netTangibleAssets": 2469355000}, {"maxAge": 1, "endDate": "2017-03-31", "cash": 4421000, "netReceivables": 680150000, "inventory": 370851000, "otherCurrentAssets": 117608000, "totalCurrentAssets": 1194230000, "longTermInvestments": 1307750000, "propertyPlantEquipment": 1301614000, "otherAssets": 60710000, "totalAssets": 3864304000, "accountsPayable": 338668000, "shortLongTermDebt": 181264000, "otherCurrentLiab": 47143000, "longTermDebt": 249710000, "otherLiab": 464755000, "totalCurrentLiabilities": 1093606000, "totalLiab": 1808071000, "commonStock": 55856000, "retainedEarnings": 988867000, "treasuryStock": 991234000, "capitalSurplus": 20276000, "otherStockholderEquity": 991234000, "totalStockholderEquity": 2056233000, "netTangibleAssets": 2056233000}], "maxAge": 86400}, "earningsTrend": {"trend": [{"maxAge": 1, "period": "0q", "endDate": "2018-09-30", "growth": {}, "earningsEstimate": {"avg": 0.0, "low": 0.0, "high": 0.0, "yearAgoEps": {}, "numberOfAnalysts": 0, "growth": {}}, "revenueEstimate": {"avg": 0, "low": 0, "high": 0, "numberOfAnalysts": 0, "yearAgoRevenue": {}, "growth": {}}, "epsTrend": {"current": 0.0, "7daysAgo": 0.0, "30daysAgo": 0.0, "60daysAgo": 0.0, "90daysAgo": 0.0}, "epsRevisions": {"upLast7days": 0, "upLast30days": 0, "downLast30days": 0, "downLast90days": {}}}, {"maxAge": 1, "period": "+1q", "endDate": "2018-12-31", "growth": {}, "earningsEstimate": {"avg": 0.0, "low": 0.0, "high": 0.0, "yearAgoEps": {}, "numberOfAnalysts": 0, "growth": {}}, "revenueEstimate": {"avg": 0, "low": 0, "high": 0, "numberOfAnalysts": 0, "yearAgoRevenue": {}, "growth": {}}, "epsTrend": {"current": 0.0, "7daysAgo": 0.0, "30daysAgo": 0.0, "60daysAgo": 0.0, "90daysAgo": 0.0}, "epsRevisions": {"upLast7days": 0, "upLast30days": 0, "downLast30days": 0, "downLast90days": {}}}, {"maxAge": 1, "period": "0y", "endDate": "2019-03-31", "growth": {}, "earningsEstimate": {"avg": 0.0, "low": 0.0, "high": 0.0, "yearAgoEps": {}, "numberOfAnalysts": 0, "growth": {}}, "revenueEstimate": {"avg": 4538700000, "low": 4538700000, "high": 4538700000, "numberOfAnalysts": 1, "yearAgoRevenue": 3690000000, "growth": 0.23}, "epsTrend": {"current": 0.0, "7daysAgo": 63.6, "30daysAgo": 63.6, "60daysAgo": 63.6, "90daysAgo": 63.6}, "epsRevisions": {"upLast7days": 0, "upLast30days": 0, "downLast30days": 0, "downLast90days": {}}}, {"maxAge": 1, "period": "+1y", "endDate": "2020-03-31", "growth": {}, "earningsEstimate": {"avg": 0.0, "low": 0.0, "high": 0.0, "yearAgoEps": {}, "numberOfAnalysts": 0, "growth": {}}, "revenueEstimate": {"avg": 5310280000, "low": 5310280000, "high": 5310280000, "numberOfAnalysts": 1, "yearAgoRevenue": 4538700000, "growth": 0.17}, "epsTrend": {"current": 0.0, "7daysAgo": 75.36, "30daysAgo": 75.36, "60daysAgo": 75.36, "90daysAgo": 75.36}, "epsRevisions": {"upLast7days": 0, "upLast30days": 0, "downLast30days": 0, "downLast90days": {}}}, {"maxAge": 1, "period": "+5y", "endDate": null, "growth": {}, "earningsEstimate": {"avg": {}, "low": {}, "high": {}, "yearAgoEps": {}, "numberOfAnalysts": {}, "growth": {}}, "revenueEstimate": {"avg": {}, "low": {}, "high": {}, "numberOfAnalysts": {}, "yearAgoRevenue": {}, "growth": {}}, "epsTrend": {"current": {}, "7daysAgo": {}, "30daysAgo": {}, "60daysAgo": {}, "90daysAgo": {}}, "epsRevisions": {"upLast7days": {}, "upLast30days": {}, "downLast30days": {}, "downLast90days": {}}}, {"maxAge": 1, "period": "-5y", "endDate": null, "growth": {}, "earningsEstimate": {"avg": {}, "low": {}, "high": {}, "yearAgoEps": {}, "numberOfAnalysts": {}, "growth": {}}, "revenueEstimate": {"avg": {}, "low": {}, "high": {}, "numberOfAnalysts": {}, "yearAgoRevenue": {}, "growth": {}}, "epsTrend": {"current": {}, "7daysAgo": {}, "30daysAgo": {}, "60daysAgo": {}, "90daysAgo": {}}, "epsRevisions": {"upLast7days": {}, "upLast30days": {}, "downLast30days": {}, "downLast90days": {}}}], "maxAge": 1}, "financialData": {"maxAge": 86400, "currentPrice": 1332.15, "recommendationKey": "none", "grossProfits": 3000933000, "financialCurrency": "INR"}}}