{"TREJHARA.NS": {"assetProfile": {"address1": "Sigma IT Park", "address2": "Unit No. 601 Plot No. R-203, R-204 T.T.C. Ind. Est, Rabale Navi Mumbai", "city": "Thane", "zip": "400701", "country": "India", "phone": "91 22 4040 8080", "fax": "91 22 4040 8081", "website": "http://www.trejhara.com", "industry": "Software\u2014Application", "sector": "Technology", "longBusinessSummary": "Trejhara Solutions Limited provides technology products and solutions in the Asia Pacific and internationally. The company offers Interact DX, a communication management product suite in the digitization domain, which provides interactive personalized communication including audio video technology, bills, statements, targeted advertisements, policy kits, welcome kits, receipts, loyalty/rewards, KYC forms, advisory, and notifications across multiple channels, such as email, web, mobile, print, and kiosk. It also provides SCM Profit, a logistic solution that allows to streamline and enhance logistics operations in various segments, such as warehousing, freight forwarding, project logistics, manufacturing, distribution, supplier collaboration and visibility, etc. In addition, the company offers IT consulting and provides resources to corporation in segments, such as banking, insurance, telecom, utility, and retail. Trejhara Solutions Limited was incorporated in 2017 and is headquartered in Thane, India.", "fullTimeEmployees": 203, "companyOfficers": [{"maxAge": 1, "name": "Mr. Amit R. Sheth", "age": 53, "title": "Chairman & Whole Time Director", "yearBorn": 1967, "fiscalYear": 2020, "totalPay": 2457000, "exercisedValue": 0, "unexercisedValue": 0}, {"maxAge": 1, "name": "Mr. Vimal  Garachh", "title": "Chief Financial Officer", "fiscalYear": 2020, "totalPay": 1791600, "exercisedValue": 0, "unexercisedValue": 0}, {"maxAge": 1, "name": "Mr. Nilesh  Kharche", "title": "Company Sec. & Compliance Officer", "fiscalYear": 2020, "totalPay": 1077000, "exercisedValue": 0, "unexercisedValue": 0}, {"maxAge": 1, "name": "Ms. Nisha  Sidhwani", "title": "Head of Interactive Communications", "exercisedValue": 0, "unexercisedValue": 0}, {"maxAge": 1, "name": "Mr. Snehal  Pandit", "title": "Head of Supply Chain Solutions - Logistic & Additional Non-Exec. Director", "exercisedValue": 0, "unexercisedValue": 0}], "compensationAsOfEpochDate": "2020-12-31 05:30:00", "maxAge": 86400}, "cashflowStatementHistory": {"cashflowStatements": [{"maxAge": 1, "endDate": "2020-03-31", "netIncome": 69397000, "depreciation": 365000, "changeToNetincome": 6738000, "changeToAccountReceivables": -12410000, "changeToLiabilities": 401092000, "totalCashFromOperatingActivities": 474577000, "capitalExpenditures": -390514000, "otherCashflowsFromInvestingActivities": 5882000, "totalCashflowsFromInvestingActivities": -384632000, "dividendsPaid": -7082000, "netBorrowings": -33065000, "otherCashflowsFromFinancingActivities": -43520000, "totalCashFromFinancingActivities": -83667000, "changeInCash": 6278000}, {"maxAge": 1, "endDate": "2019-03-31", "netIncome": 122923000, "depreciation": 213000, "changeToNetincome": 20800000, "changeToAccountReceivables": -88931000, "changeToLiabilities": 291079000, "totalCashFromOperatingActivities": 355433000, "capitalExpenditures": -93252000, "otherCashflowsFromInvestingActivities": 19995000, "totalCashflowsFromInvestingActivities": -73257000, "dividendsPaid": -7082000, "netBorrowings": -225113000, "otherCashflowsFromFinancingActivities": -57668000, "totalCashFromFinancingActivities": -282781000, "changeInCash": -605000}, {"maxAge": 1, "endDate": "2018-03-31", "netIncome": 71840000, "depreciation": 13199000, "changeToNetincome": 91832000, "changeToAccountReceivables": -369821000, "changeToLiabilities": 26537000, "totalCashFromOperatingActivities": -157200000, "capitalExpenditures": -24896000, "otherCashflowsFromInvestingActivities": 1975000, "totalCashflowsFromInvestingActivities": -22921000, "dividendsPaid": -7082000, "netBorrowings": 218062000, "otherCashflowsFromFinancingActivities": -49525000, "totalCashFromFinancingActivities": 168537000, "changeInCash": -11584000}], "maxAge": 86400}, "institutionOwnership": {"ownershipList": [], "maxAge": 1}, "majorHoldersBreakdown": {"maxAge": 1, "insidersPercentHeld": 0.57601, "institutionsPercentHeld": 0.0, "institutionsFloatPercentHeld": 0.0, "institutionsCount": 0}, "balanceSheetHistoryQuarterly": {"balanceSheetStatements": [{"maxAge": 1, "endDate": "2020-12-31", "totalStockholderEquity": 4517132000, "netTangibleAssets": 3062367000}, {"maxAge": 1, "endDate": "2020-09-30", "cash": 6757000, "shortTermInvestments": 11160000, "netReceivables": 285121000, "otherCurrentAssets": 3101403000, "totalCurrentAssets": 3404441000, "longTermInvestments": 928000, "propertyPlantEquipment": 1702000, "intangibleAssets": 1454765000, "otherAssets": 1050656000, "totalAssets": 5912492000, "accountsPayable": 139817000, "otherCurrentLiab": 1058540000, "longTermDebt": 101845000, "otherLiab": 62199000, "totalCurrentLiabilities": 1231316000, "totalLiab": 1395360000, "commonStock": 118163000, "treasuryStock": 4398969000, "otherStockholderEquity": 4398969000, "totalStockholderEquity": 4517132000, "netTangibleAssets": 3062367000}, {"maxAge": 1, "endDate": "2020-06-30", "totalStockholderEquity": 4527577000, "netTangibleAssets": 3045479000}, {"maxAge": 1, "endDate": "2020-03-31", "cash": 12666000, "netReceivables": 1603488000, "otherCurrentAssets": 1806504000, "totalCurrentAssets": 3425768000, "longTermInvestments": 928000, "propertyPlantEquipment": 1842000, "intangibleAssets": 1482098000, "otherAssets": 1052055000, "totalAssets": 5962691000, "accountsPayable": 146145000, "shortLongTermDebt": 57730000, "otherCurrentLiab": 123601000, "longTermDebt": 257846000, "otherLiab": 63161000, "totalCurrentLiabilities": 1114107000, "totalLiab": 1435114000, "commonStock": 118163000, "retainedEarnings": 1363845000, "treasuryStock": 587053000, "capitalSurplus": 2458516000, "otherStockholderEquity": 587053000, "totalStockholderEquity": 4527577000, "netTangibleAssets": 3045479000}], "maxAge": 86400}, "indexTrend": {"maxAge": 1, "symbol": "SP5", "peRatio": 19.7411, "pegRatio": 1.34172, "estimates": [{"period": "0q", "growth": 0.549}, {"period": "+1q", "growth": 0.431}, {"period": "0y", "growth": 0.305}, {"period": "+1y", "growth": 0.109}, {"period": "+5y", "growth": 0.120865}, {"period": "-5y"}]}, "defaultKeyStatistics": {"maxAge": 1, "priceHint": 2, "enterpriseValue": 524976544, "profitMargins": 0.15985, "floatShares": 4948829, "sharesOutstanding": 11816300, "heldPercentInsiders": 0.57601, "heldPercentInstitutions": 0.0, "beta": 1.048645, "category": null, "bookValue": 382.834, "priceToBook": 0.09155404, "fundFamily": null, "legalType": null, "lastFiscalYearEnd": "2020-03-31 05:30:00", "nextFiscalYearEnd": "2022-03-31 05:30:00", "mostRecentQuarter": "2020-12-31 05:30:00", "earningsQuarterlyGrowth": 0.125, "netIncomeToCommon": 91711000, "trailingEps": 7.761, "lastSplitFactor": null, "enterpriseToRevenue": 0.915, "enterpriseToEbitda": 4.948}, "summaryProfile": {"address1": "Sigma IT Park", "address2": "Unit No. 601 Plot No. R-203, R-204 T.T.C. Ind. Est, Rabale Navi Mumbai", "city": "Thane", "zip": "400701", "country": "India", "phone": "91 22 4040 8080", "fax": "91 22 4040 8081", "website": "http://www.trejhara.com", "industry": "Software\u2014Application", "sector": "Technology", "longBusinessSummary": "Trejhara Solutions Limited provides technology products and solutions in the Asia Pacific and internationally. The company offers Interact DX, a communication management product suite in the digitization domain, which provides interactive personalized communication including audio video technology, bills, statements, targeted advertisements, policy kits, welcome kits, receipts, loyalty/rewards, KYC forms, advisory, and notifications across multiple channels, such as email, web, mobile, print, and kiosk. It also provides SCM Profit, a logistic solution that allows to streamline and enhance logistics operations in various segments, such as warehousing, freight forwarding, project logistics, manufacturing, distribution, supplier collaboration and visibility, etc. In addition, the company offers IT consulting and provides resources to corporation in segments, such as banking, insurance, telecom, utility, and retail. Trejhara Solutions Limited was incorporated in 2017 and is headquartered in Thane, India.", "fullTimeEmployees": 203, "companyOfficers": [], "maxAge": 86400}, "netSharePurchaseActivity": {"maxAge": 1, "period": "6m", "buyInfoCount": 0, "buyInfoShares": 0, "sellInfoCount": 0, "netInfoCount": 0, "netInfoShares": 0, "netPercentInsiderShares": 0.0, "totalInsiderShares": 6811898}, "insiderTransactions": {"transactions": [{"maxAge": 1, "shares": 95174, "filerUrl": "", "transactionText": "", "filerName": "Zaveri (Bhavesh)", "filerRelation": "Promoter", "moneyText": "", "startDate": "2019-10-05", "ownership": "D"}, {"maxAge": 1, "shares": 95174, "filerUrl": "", "transactionText": "", "filerName": "Zaveri (Niharika)", "filerRelation": "UNREPORTED", "moneyText": "", "startDate": "2019-10-05", "ownership": "D"}], "maxAge": 1}, "quoteType": {"exchange": "NSI", "quoteType": "EQUITY", "symbol": "TREJHARA.NS", "underlyingSymbol": "TREJHARA.NS", "shortName": "TREJHARA SOLUTIONS", "longName": "Trejhara Solutions Limited", "firstTradeDateEpochUtc": "2018-12-28 09:15:00", "timeZoneFullName": "Asia/Kolkata", "timeZoneShortName": "IST", "uuid": "5722307a-c817-3268-99d2-3968293b7937", "gmtOffSetMilliseconds": 19800000, "maxAge": 1}, "incomeStatementHistory": {"incomeStatementHistory": [{"maxAge": 1, "endDate": "2020-03-31", "totalRevenue": 584894000, "costOfRevenue": 136172000, "grossProfit": 448722000, "researchDevelopment": {}, "sellingGeneralAdministrative": 269073000, "nonRecurring": {}, "otherOperatingExpenses": 78630000, "totalOperatingExpenses": 493635000, "operatingIncome": 91259000, "totalOtherIncomeExpenseNet": -9071000, "ebit": 91259000, "interestExpense": -48279000, "incomeBeforeTax": 82188000, "incomeTaxExpense": 12791000, "minorityInterest": {}, "netIncomeFromContinuingOps": 69397000, "discontinuedOperations": {}, "extraordinaryItems": {}, "effectOfAccountingCharges": {}, "otherItems": {}, "netIncome": 69397000, "netIncomeApplicableToCommonShares": 69397000}, {"maxAge": 1, "endDate": "2019-03-31", "totalRevenue": 772293000, "costOfRevenue": 322030000, "grossProfit": 450263000, "researchDevelopment": {}, "sellingGeneralAdministrative": 224909000, "nonRecurring": {}, "otherOperatingExpenses": 63888000, "totalOperatingExpenses": 620389000, "operatingIncome": 151904000, "totalOtherIncomeExpenseNet": 2771000, "ebit": 151904000, "interestExpense": -58907000, "incomeBeforeTax": 154675000, "incomeTaxExpense": 31752000, "minorityInterest": {}, "netIncomeFromContinuingOps": 122923000, "discontinuedOperations": {}, "extraordinaryItems": {}, "effectOfAccountingCharges": {}, "otherItems": {}, "netIncome": 122923000, "netIncomeApplicableToCommonShares": 122923000}, {"maxAge": 1, "endDate": "2018-03-31", "totalRevenue": 875132000, "costOfRevenue": 457536000, "grossProfit": 417596000, "researchDevelopment": {}, "sellingGeneralAdministrative": 197797000, "nonRecurring": {}, "otherOperatingExpenses": 75053000, "totalOperatingExpenses": 752798000, "operatingIncome": 122334000, "totalOtherIncomeExpenseNet": -47734000, "ebit": 122334000, "interestExpense": -52015000, "incomeBeforeTax": 74600000, "incomeTaxExpense": 2760000, "minorityInterest": {}, "netIncomeFromContinuingOps": 71840000, "discontinuedOperations": {}, "extraordinaryItems": {}, "effectOfAccountingCharges": {}, "otherItems": {}, "netIncome": 71840000, "netIncomeApplicableToCommonShares": 71840000}], "maxAge": 86400}, "fundOwnership": {"ownershipList": [], "maxAge": 1}, "summaryDetail": {"maxAge": 1, "priceHint": 2, "previousClose": 33.1, "open": 33.0, "dayLow": 32.5, "dayHigh": 36.2, "regularMarketPreviousClose": 33.1, "regularMarketOpen": 33.0, "regularMarketDayLow": 32.5, "regularMarketDayHigh": 36.2, "exDividendDate": "2019-09-12 05:30:00", "payoutRatio": 0.0, "beta": 1.048645, "trailingPE": 4.5161705, "volume": 151505, "regularMarketVolume": 151505, "averageVolume": 40408, "averageVolume10days": 17997, "averageDailyVolume10Day": 17997, "bid": 0.0, "ask": 0.0, "bidSize": 0, "askSize": 0, "marketCap": 414161312, "fiftyTwoWeekLow": 4.95, "fiftyTwoWeekHigh": 51.5, "priceToSalesTrailing12Months": 0.7218862, "fiftyDayAverage": 32.196968, "twoHundredDayAverage": 29.306786, "trailingAnnualDividendRate": 0.5, "trailingAnnualDividendYield": 0.015105741, "currency": "INR", "fromCurrency": null, "lastMarket": null, "algorithm": null, "tradeable": false}, "incomeStatementHistoryQuarterly": {"incomeStatementHistory": [{"maxAge": 1, "endDate": "2020-12-31", "totalRevenue": 146491000, "costOfRevenue": 26208000, "grossProfit": 120283000, "researchDevelopment": {}, "sellingGeneralAdministrative": 58671000, "nonRecurring": {}, "otherOperatingExpenses": 11552000, "totalOperatingExpenses": 102276000, "operatingIncome": 44215000, "totalOtherIncomeExpenseNet": -1207000, "ebit": 44215000, "interestExpense": -5640000, "incomeBeforeTax": 43008000, "incomeTaxExpense": 10723000, "minorityInterest": {}, "netIncomeFromContinuingOps": 32285000, "discontinuedOperations": {}, "extraordinaryItems": {}, "effectOfAccountingCharges": {}, "otherItems": {}, "netIncome": 32285000, "netIncomeApplicableToCommonShares": 32285000}, {"maxAge": 1, "endDate": "2020-09-30", "totalRevenue": 141244000, "costOfRevenue": 29536000, "grossProfit": 111708000, "researchDevelopment": {}, "sellingGeneralAdministrative": 58007000, "nonRecurring": {}, "otherOperatingExpenses": 9904000, "totalOperatingExpenses": 99958000, "operatingIncome": 41286000, "totalOtherIncomeExpenseNet": -6965000, "ebit": 41286000, "interestExpense": -5381000, "incomeBeforeTax": 34321000, "incomeTaxExpense": 5177000, "minorityInterest": {}, "netIncomeFromContinuingOps": 29144000, "discontinuedOperations": {}, "extraordinaryItems": {}, "effectOfAccountingCharges": {}, "otherItems": {}, "netIncome": 29144000, "netIncomeApplicableToCommonShares": 29144000}, {"maxAge": 1, "endDate": "2020-06-30", "totalRevenue": 104621000, "costOfRevenue": 14360000, "grossProfit": 90261000, "researchDevelopment": {}, "sellingGeneralAdministrative": 57465000, "nonRecurring": {}, "otherOperatingExpenses": 11188000, "totalOperatingExpenses": 85480000, "operatingIncome": 19141000, "totalOtherIncomeExpenseNet": -1168000, "ebit": 19141000, "interestExpense": -5037000, "incomeBeforeTax": 17973000, "incomeTaxExpense": 2442000, "minorityInterest": {}, "netIncomeFromContinuingOps": 15531000, "discontinuedOperations": {}, "extraordinaryItems": {}, "effectOfAccountingCharges": {}, "otherItems": {}, "netIncome": 15531000, "netIncomeApplicableToCommonShares": 15531000}, {"maxAge": 1, "endDate": "2020-03-31", "totalRevenue": 181365000, "costOfRevenue": 52939000, "grossProfit": 128426000, "researchDevelopment": {}, "sellingGeneralAdministrative": 95689000, "nonRecurring": {}, "otherOperatingExpenses": 28242000, "totalOperatingExpenses": 179329000, "operatingIncome": 2036000, "totalOtherIncomeExpenseNet": 8270000, "ebit": 2036000, "interestExpense": -9034000, "incomeBeforeTax": 10306000, "incomeTaxExpense": -4447000, "minorityInterest": {}, "netIncomeFromContinuingOps": 14753000, "discontinuedOperations": {}, "extraordinaryItems": {}, "effectOfAccountingCharges": {}, "otherItems": {}, "netIncome": 14753000, "netIncomeApplicableToCommonShares": 14753000}], "maxAge": 86400}, "cashflowStatementHistoryQuarterly": {"cashflowStatements": [{"maxAge": 1, "endDate": "2020-12-31", "netIncome": 32285000, "changeToLiabilities": 0}, {"maxAge": 1, "endDate": "2020-09-30", "netIncome": 29144000, "changeToLiabilities": 0}, {"maxAge": 1, "endDate": "2020-06-30", "netIncome": 15531000, "changeToLiabilities": 0}, {"maxAge": 1, "endDate": "2020-03-31", "netIncome": 14753000, "changeToLiabilities": 0}], "maxAge": 86400}, "insiderHolders": {"holders": [{"maxAge": 1, "name": "Zaveri (Bhavesh)", "relation": "Promoter", "url": "", "transactionDescription": "Gift", "latestTransDate": "2019-10-05", "positionDirect": 0, "positionDirectDate": "2019-10-05"}, {"maxAge": 1, "name": "Zaveri (Niharika)", "relation": "UNREPORTED", "url": "", "transactionDescription": "Gift", "latestTransDate": "2019-10-05", "positionDirect": 95674, "positionDirectDate": "2019-10-05"}], "maxAge": 1}, "calendarEvents": {"maxAge": 1, "earnings": {"earningsDate": []}, "exDividendDate": "2019-09-12 05:30:00"}, "upgradeDowngradeHistory": {"history": [], "maxAge": 86400}, "price": {"maxAge": 1, "regularMarketChangePercent": 0.05891241, "regularMarketChange": 1.9500008, "regularMarketTime": "2021-04-30 15:29:16", "priceHint": 2, "regularMarketPrice": 35.05, "regularMarketDayHigh": 36.2, "regularMarketDayLow": 32.5, "regularMarketVolume": 151505, "averageDailyVolume10Day": 17997, "averageDailyVolume3Month": 40408, "regularMarketPreviousClose": 33.1, "regularMarketSource": "FREE_REALTIME", "regularMarketOpen": 33.0, "exchange": "NSI", "exchangeName": "NSE", "exchangeDataDelayedBy": 15, "marketState": "CLOSED", "quoteType": "EQUITY", "symbol": "TREJHARA.NS", "underlyingSymbol": null, "shortName": "TREJHARA SOLUTIONS", "longName": "Trejhara Solutions Limited", "currency": "INR", "quoteSourceName": "Delayed Quote", "currencySymbol": "\u20b9", "fromCurrency": null, "lastMarket": null, "marketCap": 414161312}, "balanceSheetHistory": {"balanceSheetStatements": [{"maxAge": 1, "endDate": "2020-03-31", "cash": 12666000, "netReceivables": 1603488000, "otherCurrentAssets": 1806504000, "totalCurrentAssets": 3425768000, "longTermInvestments": 928000, "propertyPlantEquipment": 1842000, "intangibleAssets": 1482098000, "otherAssets": 1052055000, "totalAssets": 5962691000, "accountsPayable": 146145000, "shortLongTermDebt": 57730000, "otherCurrentLiab": 123601000, "longTermDebt": 257846000, "otherLiab": 63161000, "totalCurrentLiabilities": 1114107000, "totalLiab": 1435114000, "commonStock": 118163000, "retainedEarnings": 1363845000, "treasuryStock": 587053000, "capitalSurplus": 2458516000, "otherStockholderEquity": 587053000, "totalStockholderEquity": 4527577000, "netTangibleAssets": 3045479000}, {"maxAge": 1, "endDate": "2019-03-31", "cash": 6429000, "shortTermInvestments": 4199000, "netReceivables": 1576878000, "otherCurrentAssets": 1571208000, "totalCurrentAssets": 3157078000, "longTermInvestments": 928000, "propertyPlantEquipment": 2381000, "intangibleAssets": 1167431000, "otherAssets": 989823000, "totalAssets": 5317641000, "accountsPayable": 115666000, "shortLongTermDebt": 47266000, "otherCurrentLiab": 37745000, "longTermDebt": 136580000, "otherLiab": 53852000, "totalCurrentLiabilities": 1065885000, "totalLiab": 1256317000, "commonStock": 118163000, "retainedEarnings": 1289236000, "treasuryStock": 195409000, "capitalSurplus": 2458516000, "otherStockholderEquity": 195409000, "totalStockholderEquity": 4061324000, "netTangibleAssets": 2893893000}, {"maxAge": 1, "endDate": "2018-03-31", "cash": 7034000, "shortTermInvestments": 7967000, "netReceivables": 1650588000, "otherCurrentAssets": 1329939000, "totalCurrentAssets": 2987910000, "longTermInvestments": 928000, "propertyPlantEquipment": 717000, "intangibleAssets": 1107969000, "otherAssets": 1063224000, "totalAssets": 5160748000, "accountsPayable": 264327000, "shortLongTermDebt": 22500000, "otherCurrentLiab": 117656000, "longTermDebt": 156197000, "otherLiab": 27483000, "totalCurrentLiabilities": 1076331000, "totalLiab": 1260011000, "retainedEarnings": 1156522000, "treasuryStock": 2744215000, "otherStockholderEquity": 2744215000, "totalStockholderEquity": 3900737000, "netTangibleAssets": 2792768000}], "maxAge": 86400}, "financialData": {"maxAge": 86400, "currentPrice": 35.05, "recommendationKey": "none", "totalCash": 17917000, "totalCashPerShare": 1.515, "ebitda": 106089000, "totalDebt": 128392000, "totalRevenue": 573721024, "debtToEquity": 2.842, "revenuePerShare": 48.572, "grossProfits": 448722000, "earningsGrowth": 0.123, "revenueGrowth": 0.207, "grossMargins": 0.78553003, "ebitdaMargins": 0.18491, "operatingMargins": 0.18408, "profitMargins": 0.15985, "financialCurrency": "INR"}}}