{"TRENT.BO": {"recommendationTrend": {"trend": [{"period": "0m", "strongBuy": 0, "buy": 0, "hold": 0, "sell": 0, "strongSell": 0}, {"period": "-1m", "strongBuy": 0, "buy": 0, "hold": 0, "sell": 0, "strongSell": 0}, {"period": "-2m", "strongBuy": 0, "buy": 0, "hold": 0, "sell": 0, "strongSell": 0}, {"period": "-3m", "strongBuy": 0, "buy": 0, "hold": 0, "sell": 0, "strongSell": 0}], "maxAge": 86400}, "cashflowStatementHistory": {"cashflowStatements": [{"maxAge": 1, "endDate": "2020-03-31", "netIncome": 1227800000, "depreciation": 2430800000, "changeToNetincome": 876100000, "changeToAccountReceivables": -257400000, "changeToLiabilities": 263200000, "changeToInventory": -889600000, "changeToOperatingActivities": -148800000, "totalCashFromOperatingActivities": 3553100000, "capitalExpenditures": -1559100000, "investments": -6793400000, "otherCashflowsFromInvestingActivities": 215600000, "totalCashflowsFromInvestingActivities": -8277600000, "dividendsPaid": -398200000, "netBorrowings": -1773200000, "otherCashflowsFromFinancingActivities": -2511500000, "totalCashFromFinancingActivities": 4641300000, "effectOfExchangeRate": -100000, "changeInCash": 71800000, "repurchaseOfStock": -1000000000, "issuanceOfStock": 10324200000}, {"maxAge": 1, "endDate": "2019-03-31", "netIncome": 969600000, "depreciation": 479300000, "changeToNetincome": 35000000, "changeToAccountReceivables": -114900000, "changeToLiabilities": 493600000, "changeToInventory": -1522500000, "changeToOperatingActivities": -208500000, "totalCashFromOperatingActivities": 209800000, "capitalExpenditures": -2025600000, "investments": 1400700000, "otherCashflowsFromInvestingActivities": 181900000, "totalCashflowsFromInvestingActivities": -370400000, "dividendsPaid": -459200000, "netBorrowings": 1060600000, "otherCashflowsFromFinancingActivities": -226700000, "totalCashFromFinancingActivities": 374700000, "effectOfExchangeRate": 100000, "changeInCash": 214200000, "repurchaseOfStock": -1000000000, "issuanceOfStock": 10324200000}, {"maxAge": 1, "endDate": "2018-03-31", "netIncome": 869700000, "depreciation": 427600000, "changeToNetincome": 29100000, "changeToAccountReceivables": -543800000, "changeToLiabilities": 428200000, "changeToInventory": -394100000, "changeToOperatingActivities": -133300000, "totalCashFromOperatingActivities": 768600000, "capitalExpenditures": -1074100000, "investments": 854800000, "otherCashflowsFromInvestingActivities": 173000000, "totalCashflowsFromInvestingActivities": -40300000, "dividendsPaid": -334900000, "netBorrowings": 1000300000, "otherCashflowsFromFinancingActivities": -384700000, "totalCashFromFinancingActivities": -743100000, "effectOfExchangeRate": 100000, "changeInCash": -14700000, "repurchaseOfStock": -1023800000, "issuanceOfStock": 10324200000}, {"maxAge": 1, "endDate": "2017-03-31", "netIncome": 848600000, "depreciation": 390800000, "changeToNetincome": -56500000, "changeToAccountReceivables": 236900000, "changeToLiabilities": -94900000, "changeToInventory": -261800000, "changeToOperatingActivities": -123800000, "totalCashFromOperatingActivities": 1024400000, "capitalExpenditures": -706800000, "investments": 145800000, "otherCashflowsFromInvestingActivities": 186700000, "totalCashflowsFromInvestingActivities": -437100000, "dividendsPaid": -10800000, "netBorrowings": 1864000000, "otherCashflowsFromFinancingActivities": -364800000, "totalCashFromFinancingActivities": -513600000, "effectOfExchangeRate": 100000, "changeInCash": 73800000, "repurchaseOfStock": -3000000000, "issuanceOfStock": 998000000}], "maxAge": 86400}, "institutionOwnership": {"ownershipList": [], "maxAge": 1}, "balanceSheetHistoryQuarterly": {"balanceSheetStatements": [{"maxAge": 1, "endDate": "2020-06-30", "totalStockholderEquity": 23880400000, "netTangibleAssets": 23185800000}, {"maxAge": 1, "endDate": "2020-03-31", "cash": 560000000, "shortTermInvestments": 399000000, "netReceivables": 1827800000, "inventory": 6078100000, "otherCurrentAssets": 642700000, "totalCurrentAssets": 17034600000, "longTermInvestments": 7359100000, "propertyPlantEquipment": 26635300000, "goodWill": 492100000, "intangibleAssets": 202500000, "otherAssets": 3343200000, "deferredLongTermAssetCharges": 1104000000, "totalAssets": 55066800000, "accountsPayable": 2976500000, "otherCurrentLiab": 574600000, "longTermDebt": 2997400000, "otherLiab": 260300000, "minorityInterest": 802600000, "totalCurrentLiabilities": 4872700000, "totalLiab": 30383800000, "commonStock": 355500000, "retainedEarnings": -372000000, "treasuryStock": 4653900000, "capitalSurplus": 19243000000, "otherStockholderEquity": 4653900000, "totalStockholderEquity": 23880400000, "netTangibleAssets": 23185800000}, {"maxAge": 1, "endDate": "2019-12-31", "totalStockholderEquity": 23277764000, "netTangibleAssets": 22591647000}, {"maxAge": 1, "endDate": "2019-09-30", "cash": 594329000, "shortTermInvestments": 10248876000, "netReceivables": 510579000, "inventory": 5521704000, "otherCurrentAssets": 715681000, "totalCurrentAssets": 17591169000, "longTermInvestments": 7460177000, "propertyPlantEquipment": 25380742000, "goodWill": 271886000, "intangibleAssets": 414231000, "otherAssets": 3274084000, "deferredLongTermAssetCharges": 1126144000, "totalAssets": 54392289000, "accountsPayable": 2687180000, "otherCurrentLiab": 2021191000, "longTermDebt": 2996468000, "otherLiab": 21228983000, "minorityInterest": 151246000, "totalCurrentLiabilities": 6737828000, "totalLiab": 30963279000, "commonStock": 355487000, "treasuryStock": 22922277000, "otherStockholderEquity": 22922277000, "totalStockholderEquity": 23277764000, "netTangibleAssets": 22591647000}], "maxAge": 86400}, "earningsHistory": {"history": [{"maxAge": 1, "epsActual": {}, "epsEstimate": {}, "epsDifference": {}, "surprisePercent": {}, "quarter": {}, "period": "-4q"}, {"maxAge": 1, "epsActual": {}, "epsEstimate": {}, "epsDifference": {}, "surprisePercent": {}, "quarter": {}, "period": "-3q"}, {"maxAge": 1, "epsActual": 1.15, "epsEstimate": 1.6, "epsDifference": -0.45, "surprisePercent": -0.28100002, "quarter": "2018-06-30", "period": "-2q"}, {"maxAge": 1, "epsActual": 0.99, "epsEstimate": 1.42, "epsDifference": -0.43, "surprisePercent": -0.303, "quarter": "2018-09-30", "period": "-1q"}], "maxAge": 86400}, "indexTrend": {"maxAge": 1, "symbol": "SP5", "peRatio": 19.7411, "pegRatio": 1.34172, "estimates": [{"period": "0q", "growth": 0.549}, {"period": "+1q", "growth": 0.431}, {"period": "0y", "growth": 0.305}, {"period": "+1y", "growth": 0.109}, {"period": "+5y", "growth": 0.120865}, {"period": "-5y"}]}, "industryTrend": {"maxAge": 1, "symbol": null, "estimates": []}, "insiderTransactions": {"transactions": [{"maxAge": 1, "shares": 122, "filerUrl": "", "transactionText": "", "filerName": "Singh (Sonia)", "filerRelation": "Director (Non-Executive)", "moneyText": "", "startDate": "2015-03-03", "ownership": "D"}, {"maxAge": 1, "shares": 1050368, "filerUrl": "", "transactionText": "", "filerName": "Dodona Holdings Ltd", "filerRelation": "Institution- Corporation", "moneyText": "", "startDate": "2014-03-27", "ownership": "D"}, {"maxAge": 1, "shares": 1234634, "filerUrl": "", "transactionText": "", "filerName": "ARISAIG Partners (Asia) Pte. Ltd.", "filerRelation": "Investment Management Company", "moneyText": "", "startDate": "2013-09-13", "ownership": "D"}, {"maxAge": 1, "shares": 14689, "filerUrl": "", "transactionText": "", "filerName": "Tata (Noel Naval)", "filerRelation": "Non Executive Vice Chairman", "moneyText": "", "startDate": "2012-09-24", "ownership": "D"}, {"maxAge": 1, "shares": 111, "filerUrl": "", "transactionText": "", "filerName": "Surti (M M)", "filerRelation": "Compliance officer", "moneyText": "", "startDate": "2012-09-24", "ownership": "D"}, {"maxAge": 1, "shares": 563025, "filerUrl": "", "transactionText": "", "filerName": "Arisag Partners (Asia) Pte Ltd A/c Arisag India Fund", "filerRelation": "Institution- Corporation", "moneyText": "", "startDate": "2012-05-22", "ownership": "D"}, {"maxAge": 1, "shares": 200000, "filerUrl": "", "transactionText": "", "filerName": "Arisag Partners (Asia) Pte Ltd A/c Arisag India Fund", "filerRelation": "Institution- Corporation", "moneyText": "", "startDate": "2012-04-17", "ownership": "D"}, {"maxAge": 1, "shares": 14689, "filerUrl": "", "transactionText": "", "filerName": "Tata (Noel Naval)", "filerRelation": "Non Executive Vice Chairman", "moneyText": "", "startDate": "2011-09-15", "ownership": "D"}, {"maxAge": 1, "shares": 111, "filerUrl": "", "transactionText": "", "filerName": "Surti (M M)", "filerRelation": "Compliance officer", "moneyText": "", "startDate": "2011-09-15", "ownership": "D"}, {"maxAge": 1, "shares": 300, "filerUrl": "", "transactionText": "", "filerName": "Reliance Capital Trustee Company, Ltd. A/c Reliance Tax Save", "filerRelation": "Investment Advisor", "moneyText": "", "startDate": "2011-01-04", "ownership": "D"}, {"maxAge": 1, "shares": 500, "filerUrl": "", "transactionText": "", "filerName": "Surti (M M)", "filerRelation": "Compliance officer", "moneyText": "", "startDate": "2010-06-25", "ownership": "D"}, {"maxAge": 1, "shares": 10000, "filerUrl": "", "transactionText": "", "filerName": "Tata (Noel Naval)", "filerRelation": "Non Executive Vice Chairman", "moneyText": "", "startDate": "2010-06-25", "ownership": "D"}, {"maxAge": 1, "shares": 5993, "filerUrl": "", "transactionText": "", "filerName": "Tata (Noel Naval)", "filerRelation": "Non Executive Vice Chairman", "moneyText": "", "startDate": "2010-03-11", "ownership": "D"}], "maxAge": 1}, "quoteType": {"exchange": "BSE", "quoteType": "EQUITY", "symbol": "TRENT.BO", "underlyingSymbol": "TRENT.BO", "shortName": "TRENT LTD.", "longName": "Trent Limited", "firstTradeDateEpochUtc": "2000-01-03 09:15:00", "timeZoneFullName": "Asia/Kolkata", "timeZoneShortName": "IST", "uuid": "c395d766-edc7-3beb-bf5c-ba26918d2f81", "gmtOffSetMilliseconds": 19800000, "maxAge": 1}, "incomeStatementHistory": {"incomeStatementHistory": [{"maxAge": 1, "endDate": "2020-03-31", "totalRevenue": 35082700000, "costOfRevenue": 19636700000, "grossProfit": 15446000000, "researchDevelopment": {}, "sellingGeneralAdministrative": 6105200000, "nonRecurring": {}, "otherOperatingExpenses": 3650400000, "totalOperatingExpenses": 31864700000, "operatingIncome": 3218000000, "totalOtherIncomeExpenseNet": -1568100000, "ebit": 3218000000, "interestExpense": -2457300000, "incomeBeforeTax": 1649900000, "incomeTaxExpense": 590100000, "minorityInterest": 802600000, "netIncomeFromContinuingOps": 1059800000, "discontinuedOperations": {}, "extraordinaryItems": {}, "effectOfAccountingCharges": {}, "otherItems": {}, "netIncome": 1227800000, "netIncomeApplicableToCommonShares": 1227800000}, {"maxAge": 1, "endDate": "2019-03-31", "totalRevenue": 26343000000, "costOfRevenue": 13980600000, "grossProfit": 12362400000, "researchDevelopment": {}, "sellingGeneralAdministrative": 6519400000, "nonRecurring": {}, "otherOperatingExpenses": 3418400000, "totalOperatingExpenses": 24435100000, "operatingIncome": 1907900000, "totalOtherIncomeExpenseNet": -223400000, "ebit": 1907900000, "interestExpense": -366800000, "incomeBeforeTax": 1684500000, "incomeTaxExpense": 736100000, "minorityInterest": -29000000, "netIncomeFromContinuingOps": 948400000, "discontinuedOperations": {}, "extraordinaryItems": {}, "effectOfAccountingCharges": {}, "otherItems": {}, "netIncome": 969600000, "netIncomeApplicableToCommonShares": 969600000}, {"maxAge": 1, "endDate": "2018-03-31", "totalRevenue": 21574600000, "costOfRevenue": 11106300000, "grossProfit": 10468300000, "researchDevelopment": {}, "sellingGeneralAdministrative": 5430900000, "nonRecurring": {}, "otherOperatingExpenses": 2858200000, "totalOperatingExpenses": 19850700000, "operatingIncome": 1723900000, "totalOtherIncomeExpenseNet": -257300000, "ebit": 1723900000, "interestExpense": -304000000, "incomeBeforeTax": 1466600000, "incomeTaxExpense": 596200000, "minorityInterest": 7800000, "netIncomeFromContinuingOps": 870400000, "discontinuedOperations": {}, "extraordinaryItems": {}, "effectOfAccountingCharges": {}, "otherItems": {}, "netIncome": 869700000, "netIncomeApplicableToCommonShares": 869700000}, {"maxAge": 1, "endDate": "2017-03-31", "totalRevenue": 18124400000, "costOfRevenue": 9548600000, "grossProfit": 8575800000, "researchDevelopment": {}, "sellingGeneralAdministrative": 4723100000, "nonRecurring": {}, "otherOperatingExpenses": 2541300000, "totalOperatingExpenses": 17225900000, "operatingIncome": 898500000, "totalOtherIncomeExpenseNet": 118600000, "ebit": 898500000, "interestExpense": -336500000, "incomeBeforeTax": 1017100000, "incomeTaxExpense": 430500000, "minorityInterest": 7500000, "netIncomeFromContinuingOps": 586600000, "discontinuedOperations": 262900000, "extraordinaryItems": {}, "effectOfAccountingCharges": {}, "otherItems": {}, "netIncome": 848600000, "netIncomeApplicableToCommonShares": 848600000}], "maxAge": 86400}, "fundOwnership": {"ownershipList": [], "maxAge": 1}, "summaryDetail": {"maxAge": 1, "priceHint": 2, "previousClose": 776.3, "open": 778.0, "dayLow": 761.35, "dayHigh": 790.2, "regularMarketPreviousClose": 776.3, "regularMarketOpen": 778.0, "regularMarketDayLow": 761.35, "regularMarketDayHigh": 790.2, "forwardPE": 115.992546, "volume": 24409, "regularMarketVolume": 24409, "averageVolume": 34141, "averageVolume10days": 31346, "averageDailyVolume10Day": 31346, "bid": 0.0, "ask": 777.15, "bidSize": 0, "askSize": 0, "marketCap": 258260156416, "fiftyTwoWeekLow": 367.55, "fiftyTwoWeekHigh": 808.75, "fiftyDayAverage": 675.5379, "twoHundredDayAverage": 659.5522, "trailingAnnualDividendRate": 1.0, "trailingAnnualDividendYield": 0.0012881618, "currency": "INR", "fromCurrency": null, "lastMarket": null, "algorithm": null, "tradeable": false}, "sectorTrend": {"maxAge": 1, "symbol": null, "estimates": []}, "incomeStatementHistoryQuarterly": {"incomeStatementHistory": [{"maxAge": 1, "endDate": "2020-06-30", "totalRevenue": 2484065000, "costOfRevenue": 2238088000, "grossProfit": 245977000, "researchDevelopment": {}, "sellingGeneralAdministrative": 714106000, "nonRecurring": {}, "otherOperatingExpenses": 769378000, "totalOperatingExpenses": 4356614000, "operatingIncome": -1872549000, "totalOtherIncomeExpenseNet": -442762000, "ebit": -1872549000, "interestExpense": -600540000, "incomeBeforeTax": -2315311000, "incomeTaxExpense": -474899000, "minorityInterest": {}, "netIncomeFromContinuingOps": -1840412000, "discontinuedOperations": {}, "extraordinaryItems": {}, "effectOfAccountingCharges": {}, "otherItems": {}, "netIncome": -1775310000, "netIncomeApplicableToCommonShares": -1775310000}, {"maxAge": 1, "endDate": "2020-03-31", "totalRevenue": 8652290000, "costOfRevenue": 5806382000, "grossProfit": 2845908000, "researchDevelopment": {}, "sellingGeneralAdministrative": 1854629000, "nonRecurring": {}, "otherOperatingExpenses": -95622000, "totalOperatingExpenses": 8233956000, "operatingIncome": 418334000, "totalOtherIncomeExpenseNet": -784926000, "ebit": 418334000, "interestExpense": -615087000, "incomeBeforeTax": -366592000, "incomeTaxExpense": -398779000, "minorityInterest": 802600000, "netIncomeFromContinuingOps": 32187000, "discontinuedOperations": {}, "extraordinaryItems": {}, "effectOfAccountingCharges": {}, "otherItems": {}, "netIncome": 127295000, "netIncomeApplicableToCommonShares": 127295000}, {"maxAge": 1, "endDate": "2019-12-31", "totalRevenue": 9882873000, "costOfRevenue": 5379517000, "grossProfit": 4503356000, "researchDevelopment": {}, "sellingGeneralAdministrative": 1487237000, "nonRecurring": {}, "otherOperatingExpenses": 1338950000, "totalOperatingExpenses": 8838785000, "operatingIncome": 1044088000, "totalOtherIncomeExpenseNet": -105217000, "ebit": 1044088000, "interestExpense": -614198000, "incomeBeforeTax": 938871000, "incomeTaxExpense": 447214000, "minorityInterest": 802600000, "netIncomeFromContinuingOps": 491657000, "discontinuedOperations": {}, "extraordinaryItems": {}, "effectOfAccountingCharges": {}, "otherItems": {}, "netIncome": 538700000, "netIncomeApplicableToCommonShares": 538700000}, {"maxAge": 1, "endDate": "2019-09-30", "totalRevenue": 8548724000, "costOfRevenue": 4581517000, "grossProfit": 3967207000, "researchDevelopment": {}, "sellingGeneralAdministrative": 1445005000, "nonRecurring": {}, "otherOperatingExpenses": 1229155000, "totalOperatingExpenses": 7865292000, "operatingIncome": 683432000, "totalOtherIncomeExpenseNet": -299429000, "ebit": 683432000, "interestExpense": -614755000, "incomeBeforeTax": 384003000, "incomeTaxExpense": 211258000, "minorityInterest": 151246000, "netIncomeFromContinuingOps": 172745000, "discontinuedOperations": {}, "extraordinaryItems": {}, "effectOfAccountingCharges": {}, "otherItems": {}, "netIncome": 186027000, "netIncomeApplicableToCommonShares": 186027000}], "maxAge": 86400}, "cashflowStatementHistoryQuarterly": {"cashflowStatements": [{"maxAge": 1, "endDate": "2020-06-30", "netIncome": -1775310000, "changeToLiabilities": 0}, {"maxAge": 1, "endDate": "2020-03-31", "netIncome": 127295000, "changeToLiabilities": 0}, {"maxAge": 1, "endDate": "2019-12-31", "netIncome": 538700000, "changeToLiabilities": 0}, {"maxAge": 1, "endDate": "2019-09-30", "netIncome": 186027000, "changeToLiabilities": 0}], "maxAge": 86400}, "insiderHolders": {"holders": [{"maxAge": 1, "name": "ARISAIG Partners (Asia) Pte. Ltd.", "relation": "Investment Management Company", "url": "", "transactionDescription": "Acquisition", "latestTransDate": "2013-09-13", "positionDirect": 3285000, "positionDirectDate": "2013-09-13"}, {"maxAge": 1, "name": "Arisag Partners (Asia) Pte Ltd A/c Arisag India Fund", "relation": "Institution- Corporation", "url": "", "transactionDescription": "Acquisition", "latestTransDate": "2012-05-22", "positionDirect": 2050366, "positionDirectDate": "2012-05-22"}, {"maxAge": 1, "name": "Dodona Holdings Ltd", "relation": "Institution- Corporation", "url": "", "transactionDescription": "Acquisition", "latestTransDate": "2014-03-27", "positionDirect": 1781756, "positionDirectDate": "2014-03-27"}, {"maxAge": 1, "name": "Reliance Capital Trustee Company, Ltd. A/c Reliance Tax Save", "relation": "Investment Advisor", "url": "", "transactionDescription": "Acquisition", "latestTransDate": "2011-01-04", "positionDirect": 1884092, "positionDirectDate": "2011-01-04"}, {"maxAge": 1, "name": "Singh (Sonia)", "relation": "Director (Non-Executive)", "url": "", "transactionDescription": "Other", "latestTransDate": "2015-03-03", "positionDirect": 122, "positionDirectDate": "2015-03-03"}, {"maxAge": 1, "name": "Surti (M M)", "relation": "Compliance officer", "url": "", "transactionDescription": "Acquisition", "latestTransDate": "2012-09-24", "positionDirect": 722, "positionDirectDate": "2012-09-24"}, {"maxAge": 1, "name": "Tata (Noel Naval)", "relation": "Non Executive Vice Chairman", "url": "", "transactionDescription": "Acquisition", "latestTransDate": "2012-09-24", "positionDirect": 88693, "positionDirectDate": "2012-09-24"}], "maxAge": 1}, "earnings": {"maxAge": 86400, "earningsChart": {"quarterly": [{"date": "2Q2018", "actual": 1.15, "estimate": 1.6}, {"date": "3Q2018", "actual": 0.99, "estimate": 1.42}], "currentQuarterEstimateDate": "4Q", "currentQuarterEstimateYear": 2018, "earningsDate": ["2020-08-13 05:30:S"]}, "financialsChart": {"yearly": [{"date": 2017, "revenue": 18124400000, "earnings": 848600000}, {"date": 2018, "revenue": 21574600000, "earnings": 869700000}, {"date": 2019, "revenue": 26343000000, "earnings": 969600000}, {"date": 2020, "revenue": 35082700000, "earnings": 1227800000}], "quarterly": [{"date": "3Q2019", "revenue": 8548724000, "earnings": 186027000}, {"date": "4Q2019", "revenue": 9882873000, "earnings": 538700000}, {"date": "1Q2020", "revenue": 8652290000, "earnings": 127295000}, {"date": "2Q2020", "revenue": 2484065000, "earnings": -1775310000}]}, "financialCurrency": "INR"}, "calendarEvents": {"maxAge": 1, "earnings": {"earningsDate": ["2020-08-13 05:30:S"]}}, "upgradeDowngradeHistory": {"history": [], "maxAge": 86400}, "price": {"maxAge": 1, "regularMarketChangePercent": 0.0010949847, "regularMarketChange": 0.8500366, "regularMarketTime": "2021-04-30 15:57:42", "priceHint": 2, "regularMarketPrice": 777.15, "regularMarketDayHigh": 790.2, "regularMarketDayLow": 761.35, "regularMarketVolume": 24409, "averageDailyVolume10Day": 31346, "averageDailyVolume3Month": 34141, "regularMarketPreviousClose": 776.3, "regularMarketSource": "FREE_REALTIME", "regularMarketOpen": 778.0, "exchange": "BSE", "exchangeName": "BSE", "exchangeDataDelayedBy": 0, "marketState": "CLOSED", "quoteType": "EQUITY", "symbol": "TRENT.BO", "underlyingSymbol": null, "shortName": "TRENT LTD.", "longName": "Trent Limited", "currency": "INR", "quoteSourceName": "Delayed Quote", "currencySymbol": "\u20b9", "fromCurrency": null, "lastMarket": null, "marketCap": 258260156416}, "balanceSheetHistory": {"balanceSheetStatements": [{"maxAge": 1, "endDate": "2020-03-31", "cash": 560000000, "shortTermInvestments": 399000000, "netReceivables": 1827800000, "inventory": 6078100000, "otherCurrentAssets": 642700000, "totalCurrentAssets": 17034600000, "longTermInvestments": 7359100000, "propertyPlantEquipment": 26635300000, "goodWill": 492100000, "intangibleAssets": 202500000, "otherAssets": 3343200000, "deferredLongTermAssetCharges": 1104000000, "totalAssets": 55066800000, "accountsPayable": 2976500000, "otherCurrentLiab": 574600000, "longTermDebt": 2997400000, "otherLiab": 260300000, "minorityInterest": 802600000, "totalCurrentLiabilities": 4872700000, "totalLiab": 30383800000, "commonStock": 355500000, "retainedEarnings": -372000000, "treasuryStock": 4653900000, "capitalSurplus": 19243000000, "otherStockholderEquity": 4653900000, "totalStockholderEquity": 23880400000, "netTangibleAssets": 23185800000}, {"maxAge": 1, "endDate": "2019-03-31", "cash": 514600000, "netReceivables": 1076100000, "inventory": 4970100000, "otherCurrentAssets": 1331900000, "totalCurrentAssets": 8783300000, "longTermInvestments": 8041300000, "propertyPlantEquipment": 6486700000, "goodWill": 481700000, "intangibleAssets": 200400000, "otherAssets": 1594200000, "totalAssets": 25587600000, "accountsPayable": 2449700000, "shortLongTermDebt": 999600000, "otherCurrentLiab": 955300000, "longTermDebt": 2995600000, "otherLiab": 415600000, "deferredLongTermLiab": 37100000, "minorityInterest": -29000000, "totalCurrentLiabilities": 5740300000, "totalLiab": 9151500000, "commonStock": 332300000, "retainedEarnings": 1684700000, "treasuryStock": 4679900000, "capitalSurplus": 9768200000, "otherStockholderEquity": 4679900000, "totalStockholderEquity": 16465100000, "netTangibleAssets": 15783000000}, {"maxAge": 1, "endDate": "2018-03-31", "cash": 301100000, "netReceivables": 890900000, "inventory": 3447700000, "otherCurrentAssets": 1157800000, "totalCurrentAssets": 6308400000, "longTermInvestments": 9801600000, "propertyPlantEquipment": 5210400000, "goodWill": 481700000, "intangibleAssets": 197500000, "otherAssets": 1359000000, "totalAssets": 23358600000, "accountsPayable": 2084400000, "otherCurrentLiab": 861800000, "longTermDebt": 998900000, "otherLiab": 333700000, "deferredLongTermLiab": 15900000, "minorityInterest": 7800000, "totalCurrentLiabilities": 6064500000, "totalLiab": 7397100000, "commonStock": 332300000, "retainedEarnings": 1238500000, "treasuryStock": 4614700000, "capitalSurplus": 9768200000, "otherStockholderEquity": 4614700000, "totalStockholderEquity": 15953700000, "netTangibleAssets": 15274500000}, {"maxAge": 1, "endDate": "2017-03-31", "cash": 316800000, "netReceivables": 366300000, "inventory": 3053600000, "otherCurrentAssets": 899500000, "totalCurrentAssets": 5620800000, "longTermInvestments": 9879800000, "propertyPlantEquipment": 4854000000, "goodWill": 261500000, "intangibleAssets": 89700000, "otherAssets": 1516700000, "totalAssets": 22222500000, "accountsPayable": 1687800000, "shortLongTermDebt": 1010500000, "otherCurrentLiab": 594400000, "longTermDebt": 998200000, "otherLiab": 265500000, "deferredLongTermLiab": 18000000, "minorityInterest": 7500000, "totalCurrentLiabilities": 5474400000, "totalLiab": 6738100000, "commonStock": 332300000, "retainedEarnings": 768800000, "treasuryStock": 4607600000, "capitalSurplus": 9768200000, "otherStockholderEquity": 4607600000, "totalStockholderEquity": 15476900000, "netTangibleAssets": 15125700000}], "maxAge": 86400}, "earningsTrend": {"trend": [{"maxAge": 1, "period": "0q", "endDate": "2018-12-31", "growth": {}, "earningsEstimate": {"avg": 0.0, "low": 0.0, "high": 0.0, "yearAgoEps": {}, "numberOfAnalysts": 0, "growth": {}}, "revenueEstimate": {"avg": 0, "low": 0, "high": 0, "numberOfAnalysts": 0, "yearAgoRevenue": {}, "growth": {}}, "epsTrend": {"current": 0.0, "7daysAgo": 0.0, "30daysAgo": 0.0, "60daysAgo": 0.0, "90daysAgo": 0.0}, "epsRevisions": {"upLast7days": 0, "upLast30days": 0, "downLast30days": 0, "downLast90days": {}}}, {"maxAge": 1, "period": "+1q", "endDate": "2019-03-31", "growth": {}, "earningsEstimate": {"avg": 0.0, "low": 0.0, "high": 0.0, "yearAgoEps": {}, "numberOfAnalysts": 0, "growth": {}}, "revenueEstimate": {"avg": 0, "low": 0, "high": 0, "numberOfAnalysts": 0, "yearAgoRevenue": {}, "growth": {}}, "epsTrend": {"current": 0.0, "7daysAgo": 0.0, "30daysAgo": 0.0, "60daysAgo": 0.0, "90daysAgo": 0.0}, "epsRevisions": {"upLast7days": 0, "upLast30days": 0, "downLast30days": 0, "downLast90days": {}}}, {"maxAge": 1, "period": "0y", "endDate": "2019-03-31", "growth": {}, "earningsEstimate": {"avg": 0.0, "low": 0.0, "high": 0.0, "yearAgoEps": {}, "numberOfAnalysts": 0, "growth": {}}, "revenueEstimate": {"avg": 26774200000, "low": 25830000000, "high": 27906000000, "numberOfAnalysts": 6, "yearAgoRevenue": 20662900000, "growth": 0.296}, "epsTrend": {"current": 0.0, "7daysAgo": 4.98, "30daysAgo": 4.98, "60daysAgo": 4.98, "90daysAgo": 4.98}, "epsRevisions": {"upLast7days": 0, "upLast30days": 0, "downLast30days": 0, "downLast90days": {}}}, {"maxAge": 1, "period": "+1y", "endDate": "2020-03-31", "growth": {}, "earningsEstimate": {"avg": 0.0, "low": 0.0, "high": 0.0, "yearAgoEps": {}, "numberOfAnalysts": 0, "growth": {}}, "revenueEstimate": {"avg": 32219000000, "low": 31212000000, "high": 33862000000, "numberOfAnalysts": 6, "yearAgoRevenue": 26774200000, "growth": 0.203}, "epsTrend": {"current": 0.0, "7daysAgo": 7.23, "30daysAgo": 7.23, "60daysAgo": 7.23, "90daysAgo": 7.23}, "epsRevisions": {"upLast7days": 0, "upLast30days": 0, "downLast30days": 0, "downLast90days": {}}}, {"maxAge": 1, "period": "+5y", "endDate": null, "growth": {}, "earningsEstimate": {"avg": {}, "low": {}, "high": {}, "yearAgoEps": {}, "numberOfAnalysts": {}, "growth": {}}, "revenueEstimate": {"avg": {}, "low": {}, "high": {}, "numberOfAnalysts": {}, "yearAgoRevenue": {}, "growth": {}}, "epsTrend": {"current": {}, "7daysAgo": {}, "30daysAgo": {}, "60daysAgo": {}, "90daysAgo": {}}, "epsRevisions": {"upLast7days": {}, "upLast30days": {}, "downLast30days": {}, "downLast90days": {}}}, {"maxAge": 1, "period": "-5y", "endDate": null, "growth": {}, "earningsEstimate": {"avg": {}, "low": {}, "high": {}, "yearAgoEps": {}, "numberOfAnalysts": {}, "growth": {}}, "revenueEstimate": {"avg": {}, "low": {}, "high": {}, "numberOfAnalysts": {}, "yearAgoRevenue": {}, "growth": {}}, "epsTrend": {"current": {}, "7daysAgo": {}, "30daysAgo": {}, "60daysAgo": {}, "90daysAgo": {}}, "epsRevisions": {"upLast7days": {}, "upLast30days": {}, "downLast30days": {}, "downLast90days": {}}}], "maxAge": 1}, "financialData": {"maxAge": 86400, "currentPrice": 777.15, "targetHighPrice": 420.0, "targetLowPrice": 380.0, "targetMeanPrice": 400.0, "targetMedianPrice": 404.0, "recommendationKey": "none", "numberOfAnalystOpinions": 6, "grossProfits": 15446000000, "financialCurrency": "INR"}}}