{"TRENT.NS": {"assetProfile": {"address1": "Trent House, G-Block", "address2": "Plot No. C-60, Beside Citi Bank Bandra-Kurla Complex Bandra (East)", "city": "Mumbai", "zip": "400051", "country": "India", "phone": "91 22 6700 9000", "fax": "91 22 2610 6193", "website": "http://www.westside.com", "industry": "Apparel Retail", "sector": "Consumer Cyclical", "longBusinessSummary": "Trent Limited, together with its subsidiaries, operates a chain of retail stores primarily under the Westside brand in India. The company's Westside stores provide women's wear, men's wear, kids' wear, footwear, lingerie, cosmetics, perfumes, accessories, and home furniture products. It also operates hypermarket and supermarket stores under the Star Market brand, which offer food and groceries, staple foods, beverages, health and beauty products, apparels, vegetables, fruits, home furnishings, dairy, and non-vegetarian products. In addition, the company provides lifestyle products, including toys, music, frontlist books, stationery, gadgets, and sports merchandise under the Landmark brand. Further, it offers fashion apparels, footwear, accessories, and beauty products for women, men, and children under the Zudio brand; and ethnic apparels, beauty products, and accessories under the Utsa brand. As of March 31, 2020, the company operated 165 Westside stores; 10 Hypermarket and 39 Star Market stores; 80 standalone Zudio stores and 16 Star locations; 4 standalone Landmark stores; and 2 standalone Utsa stores. Trent Limited was incorporated in 1952 and is based in Mumbai, India.", "fullTimeEmployees": 11943, "companyOfficers": [{"maxAge": 1, "name": "Mr. P.  Venkatesalu", "title": "Exec. Director of Fin., CFO & Exec. Director", "fiscalYear": 2020, "totalPay": 27764000, "exercisedValue": 0, "unexercisedValue": 0}, {"maxAge": 1, "name": "Mr. Mehernosh M. Surti", "title": "Company Sec. & Compliance Officer", "fiscalYear": 2020, "totalPay": 6393000, "exercisedValue": 0, "unexercisedValue": 0}, {"maxAge": 1, "name": "Mr. Philip N. Auld", "title": "Exec. Director", "fiscalYear": 2020, "totalPay": 58119000, "exercisedValue": 0, "unexercisedValue": 0}, {"maxAge": 1, "name": "S.  Rayfield", "title": "Chief Exec. Officer", "exercisedValue": 0, "unexercisedValue": 0}, {"maxAge": 1, "name": "Mr. P. K. Anand", "age": 66, "title": "Sr. Vice-Pres of Operations", "yearBorn": 1954, "fiscalYear": 2010, "exercisedValue": 0, "unexercisedValue": 0}, {"maxAge": 1, "name": "Mr. S. W. Kamat", "age": 66, "title": "Gen. Mang. of Fin. & Accounts", "yearBorn": 1954, "fiscalYear": 2008, "exercisedValue": 0, "unexercisedValue": 0}, {"maxAge": 1, "name": "Mr. S. K. Jain", "age": 72, "title": "Head of HR", "yearBorn": 1948, "fiscalYear": 2008, "exercisedValue": 0, "unexercisedValue": 0}, {"maxAge": 1, "name": "Mr. Rastogi  Sanjay", "age": 53, "title": "Head of Corp. HR", "yearBorn": 1967, "fiscalYear": 2008, "exercisedValue": 0, "unexercisedValue": 0}, {"maxAge": 1, "name": "Mr. Solkar  Shailesh", "title": "Head of Merchandising & Supply Chain", "fiscalYear": 2008, "exercisedValue": 0, "unexercisedValue": 0}, {"maxAge": 1, "name": "Damani  Madhulika", "title": "Head of Indian Wear", "fiscalYear": 2008, "exercisedValue": 0, "unexercisedValue": 0}], "compensationAsOfEpochDate": "2020-12-31 05:30:00", "maxAge": 86400}, "recommendationTrend": {"trend": [{"period": "0m", "strongBuy": 0, "buy": 0, "hold": 0, "sell": 0, "strongSell": 0}, {"period": "-1m", "strongBuy": 0, "buy": 4, "hold": 0, "sell": 0, "strongSell": 0}, {"period": "-2m", "strongBuy": 0, "buy": 4, "hold": 0, "sell": 0, "strongSell": 0}, {"period": "-3m", "strongBuy": 0, "buy": 4, "hold": 0, "sell": 0, "strongSell": 0}], "maxAge": 86400}, "cashflowStatementHistory": {"cashflowStatements": [{"maxAge": 1, "endDate": "2020-03-31", "netIncome": 1227800000, "depreciation": 2430800000, "changeToNetincome": 876100000, "changeToAccountReceivables": -257400000, "changeToLiabilities": 263200000, "changeToInventory": -889600000, "changeToOperatingActivities": -148800000, "totalCashFromOperatingActivities": 3553100000, "capitalExpenditures": -1559100000, "investments": -6793400000, "otherCashflowsFromInvestingActivities": 215600000, "totalCashflowsFromInvestingActivities": -8277600000, "dividendsPaid": -398200000, "netBorrowings": -1773200000, "otherCashflowsFromFinancingActivities": -2511500000, "totalCashFromFinancingActivities": 4641300000, "effectOfExchangeRate": -100000, "changeInCash": 71800000, "repurchaseOfStock": -1000000000, "issuanceOfStock": 10324200000}, {"maxAge": 1, "endDate": "2019-03-31", "netIncome": 969600000, "depreciation": 479300000, "changeToNetincome": 35000000, "changeToAccountReceivables": -114900000, "changeToLiabilities": 493600000, "changeToInventory": -1522500000, "changeToOperatingActivities": -208500000, "totalCashFromOperatingActivities": 209800000, "capitalExpenditures": -2025600000, "investments": 1400700000, "otherCashflowsFromInvestingActivities": 181900000, "totalCashflowsFromInvestingActivities": -370400000, "dividendsPaid": -459200000, "netBorrowings": 1060600000, "otherCashflowsFromFinancingActivities": -226700000, "totalCashFromFinancingActivities": 374700000, "effectOfExchangeRate": 100000, "changeInCash": 214200000, "repurchaseOfStock": -1000000000, "issuanceOfStock": 10324200000}, {"maxAge": 1, "endDate": "2018-03-31", "netIncome": 869700000, "depreciation": 427600000, "changeToNetincome": 29100000, "changeToAccountReceivables": -543800000, "changeToLiabilities": 428200000, "changeToInventory": -394100000, "changeToOperatingActivities": -133300000, "totalCashFromOperatingActivities": 768600000, "capitalExpenditures": -1074100000, "investments": 854800000, "otherCashflowsFromInvestingActivities": 173000000, "totalCashflowsFromInvestingActivities": -40300000, "dividendsPaid": -334900000, "netBorrowings": 1000300000, "otherCashflowsFromFinancingActivities": -384700000, "totalCashFromFinancingActivities": -743100000, "effectOfExchangeRate": 100000, "changeInCash": -14700000, "repurchaseOfStock": -1023800000, "issuanceOfStock": 10324200000}, {"maxAge": 1, "endDate": "2017-03-31", "netIncome": 848600000, "depreciation": 390800000, "changeToNetincome": -56500000, "changeToAccountReceivables": 236900000, "changeToLiabilities": -94900000, "changeToInventory": -261800000, "changeToOperatingActivities": -123800000, "totalCashFromOperatingActivities": 1024400000, "capitalExpenditures": -706800000, "investments": 145800000, "otherCashflowsFromInvestingActivities": 186700000, "totalCashflowsFromInvestingActivities": -437100000, "dividendsPaid": -10800000, "netBorrowings": 1864000000, "otherCashflowsFromFinancingActivities": -364800000, "totalCashFromFinancingActivities": -513600000, "effectOfExchangeRate": 100000, "changeInCash": 73800000, "repurchaseOfStock": -3000000000, "issuanceOfStock": 998000000}], "maxAge": 86400}, "indexTrend": {"maxAge": 1, "symbol": "SP5", "peRatio": 19.7411, "pegRatio": 1.34172, "estimates": [{"period": "0q", "growth": 0.549}, {"period": "+1q", "growth": 0.431}, {"period": "0y", "growth": 0.305}, {"period": "+1y", "growth": 0.109}, {"period": "+5y", "growth": 0.120865}, {"period": "-5y"}]}, "defaultKeyStatistics": {"maxAge": 1, "priceHint": 2, "enterpriseValue": 292342562816, "profitMargins": -0.06366, "floatShares": 189567382, "sharesOutstanding": 355487008, "heldPercentInsiders": 0.45455003, "heldPercentInstitutions": 0.24903, "beta": 0.615349, "category": null, "bookValue": 59.07, "priceToBook": 13.148807, "fundFamily": null, "legalType": null, "lastFiscalYearEnd": "2020-03-31 05:30:00", "nextFiscalYearEnd": "2022-03-31 05:30:00", "mostRecentQuarter": "2020-12-31 05:30:00", "earningsQuarterlyGrowth": 0.372, "netIncomeToCommon": -1624989056, "trailingEps": -4.579, "forwardEps": 6.7, "lastSplitFactor": "10:1", "lastSplitDate": "2016-09-12 05:30:00", "enterpriseToRevenue": 11.453, "enterpriseToEbitda": -870.78}, "industryTrend": {"maxAge": 1, "symbol": null, "estimates": []}, "quoteType": {"exchange": "NSI", "quoteType": "EQUITY", "symbol": "TRENT.NS", "underlyingSymbol": "TRENT.NS", "shortName": "TRENT LTD", "longName": "Trent Limited", "firstTradeDateEpochUtc": "2002-07-01 09:15:00", "timeZoneFullName": "Asia/Kolkata", "timeZoneShortName": "IST", "uuid": "2d4733f2-b83b-36d9-aadc-9c8dd3fde556", "gmtOffSetMilliseconds": 19800000, "maxAge": 1}, "incomeStatementHistory": {"incomeStatementHistory": [{"maxAge": 1, "endDate": "2020-03-31", "totalRevenue": 35082700000, "costOfRevenue": 19636700000, "grossProfit": 15446000000, "researchDevelopment": {}, "sellingGeneralAdministrative": 6105200000, "nonRecurring": {}, "otherOperatingExpenses": 3650400000, "totalOperatingExpenses": 31864700000, "operatingIncome": 3218000000, "totalOtherIncomeExpenseNet": -1568100000, "ebit": 3218000000, "interestExpense": -2457300000, "incomeBeforeTax": 1649900000, "incomeTaxExpense": 590100000, "minorityInterest": 802600000, "netIncomeFromContinuingOps": 1059800000, "discontinuedOperations": {}, "extraordinaryItems": {}, "effectOfAccountingCharges": {}, "otherItems": {}, "netIncome": 1227800000, "netIncomeApplicableToCommonShares": 1227800000}, {"maxAge": 1, "endDate": "2019-03-31", "totalRevenue": 26343000000, "costOfRevenue": 13980600000, "grossProfit": 12362400000, "researchDevelopment": {}, "sellingGeneralAdministrative": 6519400000, "nonRecurring": {}, "otherOperatingExpenses": 3418400000, "totalOperatingExpenses": 24435100000, "operatingIncome": 1907900000, "totalOtherIncomeExpenseNet": -223400000, "ebit": 1907900000, "interestExpense": -366800000, "incomeBeforeTax": 1684500000, "incomeTaxExpense": 736100000, "minorityInterest": -29000000, "netIncomeFromContinuingOps": 948400000, "discontinuedOperations": {}, "extraordinaryItems": {}, "effectOfAccountingCharges": {}, "otherItems": {}, "netIncome": 969600000, "netIncomeApplicableToCommonShares": 969600000}, {"maxAge": 1, "endDate": "2018-03-31", "totalRevenue": 21574600000, "costOfRevenue": 11106300000, "grossProfit": 10468300000, "researchDevelopment": {}, "sellingGeneralAdministrative": 5430900000, "nonRecurring": {}, "otherOperatingExpenses": 2858200000, "totalOperatingExpenses": 19850700000, "operatingIncome": 1723900000, "totalOtherIncomeExpenseNet": -257300000, "ebit": 1723900000, "interestExpense": -304000000, "incomeBeforeTax": 1466600000, "incomeTaxExpense": 596200000, "minorityInterest": 7800000, "netIncomeFromContinuingOps": 870400000, "discontinuedOperations": {}, "extraordinaryItems": {}, "effectOfAccountingCharges": {}, "otherItems": {}, "netIncome": 869700000, "netIncomeApplicableToCommonShares": 869700000}, {"maxAge": 1, "endDate": "2017-03-31", "totalRevenue": 18124400000, "costOfRevenue": 9548600000, "grossProfit": 8575800000, "researchDevelopment": {}, "sellingGeneralAdministrative": 4723100000, "nonRecurring": {}, "otherOperatingExpenses": 2541300000, "totalOperatingExpenses": 17225900000, "operatingIncome": 898500000, "totalOtherIncomeExpenseNet": 118600000, "ebit": 898500000, "interestExpense": -336500000, "incomeBeforeTax": 1017100000, "incomeTaxExpense": 430500000, "minorityInterest": 7500000, "netIncomeFromContinuingOps": 586600000, "discontinuedOperations": 262900000, "extraordinaryItems": {}, "effectOfAccountingCharges": {}, "otherItems": {}, "netIncome": 848600000, "netIncomeApplicableToCommonShares": 848600000}], "maxAge": 86400}, "fundOwnership": {"ownershipList": [{"maxAge": 1, "reportDate": "2021-01-31", "organization": "Vanguard International Stock Index-Total Intl Stock Indx", "pctHeld": 0.0069999998, "position": 2483152, "value": 1543403125}, {"maxAge": 1, "reportDate": "2021-01-31", "organization": "Vanguard International Stock Index-Emerging Markets Stk", "pctHeld": 0.0067000003, "position": 2371369, "value": 1473924401}, {"maxAge": 1, "reportDate": "2021-03-31", "organization": "iShares Core MSCI Emerging Markets ETF", "pctHeld": 0.0045, "position": 1600526, "value": 1202075052}, {"maxAge": 1, "reportDate": "2020-12-31", "organization": "Wasatch Emerging India Fund", "pctHeld": 0.0043, "position": 1521425, "value": 1046131830}, {"maxAge": 1, "reportDate": "2021-03-31", "organization": "iShares MSCI India ETF", "pctHeld": 0.0036000002, "position": 1268279, "value": 952540942}, {"maxAge": 1, "reportDate": "2020-12-31", "organization": "Wasatch Emerging Markets Small Cap Fund", "pctHeld": 0.0027, "position": 960506, "value": 660443925}, {"maxAge": 1, "reportDate": "2020-12-31", "organization": "Matthews International  Fds-Matthews India Fd", "pctHeld": 0.0021, "position": 752915, "value": 517704354}, {"maxAge": 1, "reportDate": "2021-03-31", "organization": "iShares MSCI Emerging Markets ETF", "pctHeld": 0.002, "position": 713547, "value": 535909474}, {"maxAge": 1, "reportDate": "2021-01-31", "organization": "DFA Emerging Markets Core Equity Portfolio", "pctHeld": 0.00090000004, "position": 326716, "value": 203070329}, {"maxAge": 1, "reportDate": "2021-01-31", "organization": "Vanguard Intl Equity Index Fds-FTSE All World ex U.S. Index Fund", "pctHeld": 0.00090000004, "position": 323413, "value": 201017350}], "maxAge": 1}, "summaryDetail": {"maxAge": 1, "priceHint": 2, "previousClose": 775.85, "open": 776.6, "dayLow": 760.95, "dayHigh": 790.7, "regularMarketPreviousClose": 775.85, "regularMarketOpen": 776.6, "regularMarketDayLow": 760.95, "regularMarketDayHigh": 790.7, "dividendRate": 1.0, "dividendYield": 0.0013, "exDividendDate": "2020-07-24 05:30:00", "beta": 0.615349, "forwardPE": 115.92538, "volume": 1839121, "regularMarketVolume": 1839121, "averageVolume": 806060, "averageVolume10days": 687863, "averageDailyVolume10Day": 687863, "bid": 0.0, "ask": 0.0, "bidSize": 0, "askSize": 0, "marketCap": 276267532288, "fiftyTwoWeekLow": 401.05, "fiftyTwoWeekHigh": 944.7, "priceToSalesTrailing12Months": 10.822819, "fiftyDayAverage": 818.6588, "twoHundredDayAverage": 715.6798, "trailingAnnualDividendRate": 1.0, "trailingAnnualDividendYield": 0.001288909, "currency": "INR", "fromCurrency": null, "lastMarket": null, "algorithm": null, "tradeable": false}, "insiderHolders": {"holders": [{"maxAge": 1, "name": "ARISAIG Partners (Asia) Pte. Ltd.", "relation": "Institution- Corporation", "url": "", "transactionDescription": "Sale", "latestTransDate": "2020-11-27", "positionDirect": 19686198, "positionDirectDate": "2020-11-27"}, {"maxAge": 1, "name": "Arisag Partners (Asia) Pte Ltd A/c Arisag India Fund", "relation": "Institution- Corporation", "url": "", "transactionDescription": "Acquisition", "latestTransDate": "2012-05-22", "positionDirect": 2050366, "positionDirectDate": "2012-05-22"}, {"maxAge": 1, "name": "Dodona Holdings Ltd", "relation": "Institution- Corporation", "url": "", "transactionDescription": "Acquisition", "latestTransDate": "2014-03-27", "positionDirect": 1781756, "positionDirectDate": "2014-03-27"}, {"maxAge": 1, "name": "Reliance Capital Trustee Company, Ltd. A/c Reliance Tax Save", "relation": "Investment Advisor", "url": "", "transactionDescription": "Acquisition", "latestTransDate": "2011-01-04", "positionDirect": 1884092, "positionDirectDate": "2011-01-04"}, {"maxAge": 1, "name": "Singh (Sonia)", "relation": "Director (Non-Executive)", "url": "", "transactionDescription": "Other", "latestTransDate": "2015-03-03", "positionDirect": 122, "positionDirectDate": "2015-03-03"}, {"maxAge": 1, "name": "Surti (M M)", "relation": "Compliance officer", "url": "", "transactionDescription": "Acquisition", "latestTransDate": "2012-09-24", "positionDirect": 722, "positionDirectDate": "2012-09-24"}, {"maxAge": 1, "name": "Tata (Noel Naval)", "relation": "Non Executive Vice Chairman", "url": "", "transactionDescription": "Acquisition", "latestTransDate": "2012-09-24", "positionDirect": 88693, "positionDirectDate": "2012-09-24"}], "maxAge": 1}, "calendarEvents": {"maxAge": 1, "earnings": {"earningsDate": []}, "exDividendDate": "2020-07-24 05:30:00"}, "upgradeDowngradeHistory": {"history": [], "maxAge": 86400}, "price": {"maxAge": 1, "regularMarketChangePercent": 0.0010956199, "regularMarketChange": 0.8500366, "regularMarketTime": "2021-04-30 15:29:55", "priceHint": 2, "regularMarketPrice": 776.7, "regularMarketDayHigh": 790.7, "regularMarketDayLow": 760.95, "regularMarketVolume": 1839121, "averageDailyVolume10Day": 687863, "averageDailyVolume3Month": 806060, "regularMarketPreviousClose": 775.85, "regularMarketSource": "FREE_REALTIME", "regularMarketOpen": 776.6, "exchange": "NSI", "exchangeName": "NSE", "exchangeDataDelayedBy": 15, "marketState": "CLOSED", "quoteType": "EQUITY", "symbol": "TRENT.NS", "underlyingSymbol": null, "shortName": "TRENT LTD", "longName": "Trent Limited", "currency": "INR", "quoteSourceName": "Delayed Quote", "currencySymbol": "\u20b9", "fromCurrency": null, "lastMarket": null, "marketCap": 276267532288}, "balanceSheetHistory": {"balanceSheetStatements": [{"maxAge": 1, "endDate": "2020-03-31", "cash": 560000000, "shortTermInvestments": 399000000, "netReceivables": 1827800000, "inventory": 6078100000, "otherCurrentAssets": 642700000, "totalCurrentAssets": 17034600000, "longTermInvestments": 7359100000, "propertyPlantEquipment": 26635300000, "goodWill": 492100000, "intangibleAssets": 202500000, "otherAssets": 3343200000, "deferredLongTermAssetCharges": 1104000000, "totalAssets": 55066800000, "accountsPayable": 2976500000, "otherCurrentLiab": 574600000, "longTermDebt": 2997400000, "otherLiab": 260300000, "minorityInterest": 802600000, "totalCurrentLiabilities": 4872700000, "totalLiab": 30383800000, "commonStock": 355500000, "retainedEarnings": -372000000, "treasuryStock": 4653900000, "capitalSurplus": 19243000000, "otherStockholderEquity": 4653900000, "totalStockholderEquity": 23880400000, "netTangibleAssets": 23185800000}, {"maxAge": 1, "endDate": "2019-03-31", "cash": 514600000, "netReceivables": 1076100000, "inventory": 4970100000, "otherCurrentAssets": 1331900000, "totalCurrentAssets": 8783300000, "longTermInvestments": 8041300000, "propertyPlantEquipment": 6486700000, "goodWill": 481700000, "intangibleAssets": 200400000, "otherAssets": 1594200000, "totalAssets": 25587600000, "accountsPayable": 2449700000, "shortLongTermDebt": 999600000, "otherCurrentLiab": 955300000, "longTermDebt": 2995600000, "otherLiab": 415600000, "deferredLongTermLiab": 37100000, "minorityInterest": -29000000, "totalCurrentLiabilities": 5740300000, "totalLiab": 9151500000, "commonStock": 332300000, "retainedEarnings": 1684700000, "treasuryStock": 4679900000, "capitalSurplus": 9768200000, "otherStockholderEquity": 4679900000, "totalStockholderEquity": 16465100000, "netTangibleAssets": 15783000000}, {"maxAge": 1, "endDate": "2018-03-31", "cash": 301100000, "netReceivables": 890900000, "inventory": 3447700000, "otherCurrentAssets": 1157800000, "totalCurrentAssets": 6308400000, "longTermInvestments": 9801600000, "propertyPlantEquipment": 5210400000, "goodWill": 481700000, "intangibleAssets": 197500000, "otherAssets": 1359000000, "totalAssets": 23358600000, "accountsPayable": 2084400000, "otherCurrentLiab": 861800000, "longTermDebt": 998900000, "otherLiab": 333700000, "deferredLongTermLiab": 15900000, "minorityInterest": 7800000, "totalCurrentLiabilities": 6064500000, "totalLiab": 7397100000, "commonStock": 332300000, "retainedEarnings": 1238500000, "treasuryStock": 4614700000, "capitalSurplus": 9768200000, "otherStockholderEquity": 4614700000, "totalStockholderEquity": 15953700000, "netTangibleAssets": 15274500000}, {"maxAge": 1, "endDate": "2017-03-31", "cash": 316800000, "netReceivables": 366300000, "inventory": 3053600000, "otherCurrentAssets": 899500000, "totalCurrentAssets": 5620800000, "longTermInvestments": 9879800000, "propertyPlantEquipment": 4854000000, "goodWill": 261500000, "intangibleAssets": 89700000, "otherAssets": 1516700000, "totalAssets": 22222500000, "accountsPayable": 1687800000, "shortLongTermDebt": 1010500000, "otherCurrentLiab": 594400000, "longTermDebt": 998200000, "otherLiab": 265500000, "deferredLongTermLiab": 18000000, "minorityInterest": 7500000, "totalCurrentLiabilities": 5474400000, "totalLiab": 6738100000, "commonStock": 332300000, "retainedEarnings": 768800000, "treasuryStock": 4607600000, "capitalSurplus": 9768200000, "otherStockholderEquity": 4607600000, "totalStockholderEquity": 15476900000, "netTangibleAssets": 15125700000}], "maxAge": 86400}, "earningsTrend": {"trend": [{"maxAge": 1, "period": "0q", "endDate": null, "growth": {}, "earningsEstimate": {"avg": 0.0, "low": 0.0, "high": 0.0, "yearAgoEps": {}, "numberOfAnalysts": 0, "growth": {}}, "revenueEstimate": {"avg": 0, "low": 0, "high": 0, "numberOfAnalysts": 0, "yearAgoRevenue": {}, "growth": {}}, "epsTrend": {"current": 0.0, "7daysAgo": 0.0, "30daysAgo": 0.0, "60daysAgo": 0.0, "90daysAgo": 0.0}, "epsRevisions": {"upLast7days": 0, "upLast30days": 0, "downLast30days": 0, "downLast90days": {}}}, {"maxAge": 1, "period": "+1q", "endDate": null, "growth": {}, "earningsEstimate": {"avg": 0.0, "low": 0.0, "high": 0.0, "yearAgoEps": {}, "numberOfAnalysts": 0, "growth": {}}, "revenueEstimate": {"avg": 0, "low": 0, "high": 0, "numberOfAnalysts": 0, "yearAgoRevenue": {}, "growth": {}}, "epsTrend": {"current": 0.0, "7daysAgo": 0.0, "30daysAgo": 0.0, "60daysAgo": 0.0, "90daysAgo": 0.0}, "epsRevisions": {"upLast7days": 0, "upLast30days": 0, "downLast30days": 0, "downLast90days": {}}}, {"maxAge": 1, "period": "0y", "endDate": null, "growth": {}, "earningsEstimate": {"avg": 0.0, "low": 0.0, "high": 0.0, "yearAgoEps": {}, "numberOfAnalysts": 0, "growth": {}}, "revenueEstimate": {"avg": 0, "low": 0, "high": 0, "numberOfAnalysts": 0, "yearAgoRevenue": {}, "growth": {}}, "epsTrend": {"current": 0.0, "7daysAgo": 0.0, "30daysAgo": 0.0, "60daysAgo": 0.0, "90daysAgo": 0.0}, "epsRevisions": {"upLast7days": 0, "upLast30days": 0, "downLast30days": 0, "downLast90days": {}}}, {"maxAge": 1, "period": "+1y", "endDate": null, "growth": {}, "earningsEstimate": {"avg": 0.0, "low": 0.0, "high": 0.0, "yearAgoEps": {}, "numberOfAnalysts": 0, "growth": {}}, "revenueEstimate": {"avg": 0, "low": 0, "high": 0, "numberOfAnalysts": 0, "yearAgoRevenue": {}, "growth": {}}, "epsTrend": {"current": 0.0, "7daysAgo": 0.0, "30daysAgo": 0.0, "60daysAgo": 0.0, "90daysAgo": 0.0}, "epsRevisions": {"upLast7days": 0, "upLast30days": 0, "downLast30days": 0, "downLast90days": {}}}, {"maxAge": 1, "period": "+5y", "endDate": null, "growth": {}, "earningsEstimate": {"avg": {}, "low": {}, "high": {}, "yearAgoEps": {}, "numberOfAnalysts": {}, "growth": {}}, "revenueEstimate": {"avg": {}, "low": {}, "high": {}, "numberOfAnalysts": {}, "yearAgoRevenue": {}, "growth": {}}, "epsTrend": {"current": {}, "7daysAgo": {}, "30daysAgo": {}, "60daysAgo": {}, "90daysAgo": {}}, "epsRevisions": {"upLast7days": {}, "upLast30days": {}, "downLast30days": {}, "downLast90days": {}}}, {"maxAge": 1, "period": "-5y", "endDate": null, "growth": 1.45141, "earningsEstimate": {"avg": {}, "low": {}, "high": {}, "yearAgoEps": {}, "numberOfAnalysts": {}, "growth": {}}, "revenueEstimate": {"avg": {}, "low": {}, "high": {}, "numberOfAnalysts": {}, "yearAgoRevenue": {}, "growth": {}}, "epsTrend": {"current": {}, "7daysAgo": {}, "30daysAgo": {}, "60daysAgo": {}, "90daysAgo": {}}, "epsRevisions": {"upLast7days": {}, "upLast30days": {}, "downLast30days": {}, "downLast90days": {}}}], "maxAge": 1}, "institutionOwnership": {"ownershipList": [], "maxAge": 1}, "majorHoldersBreakdown": {"maxAge": 1, "insidersPercentHeld": 0.45455003, "institutionsPercentHeld": 0.24903, "institutionsFloatPercentHeld": 0.45656, "institutionsCount": 91}, "balanceSheetHistoryQuarterly": {"balanceSheetStatements": [{"maxAge": 1, "endDate": "2020-12-31", "totalStockholderEquity": 21040439000, "netTangibleAssets": 20357992000}, {"maxAge": 1, "endDate": "2020-09-30", "cash": 572515000, "shortTermInvestments": 6241910000, "netReceivables": 461315000, "inventory": 3881908000, "otherCurrentAssets": 1312963000, "totalCurrentAssets": 12470611000, "longTermInvestments": 7762975000, "propertyPlantEquipment": 27004458000, "goodWill": 271886000, "intangibleAssets": 410561000, "otherAssets": 4187453000, "deferredLongTermAssetCharges": 1793063000, "totalAssets": 52107944000, "accountsPayable": 2994394000, "otherCurrentLiab": 4425174000, "otherLiab": 218056000, "minorityInterest": 661054000, "totalCurrentLiabilities": 7476906000, "totalLiab": 30406451000, "commonStock": 355487000, "treasuryStock": 20684952000, "otherStockholderEquity": 20684952000, "totalStockholderEquity": 21040439000, "netTangibleAssets": 20357992000}, {"maxAge": 1, "endDate": "2020-06-30", "totalStockholderEquity": 23880400000, "netTangibleAssets": 23185800000}, {"maxAge": 1, "endDate": "2020-03-31", "cash": 560000000, "shortTermInvestments": 399000000, "netReceivables": 1827800000, "inventory": 6078100000, "otherCurrentAssets": 642700000, "totalCurrentAssets": 17034600000, "longTermInvestments": 7359100000, "propertyPlantEquipment": 26635300000, "goodWill": 492100000, "intangibleAssets": 202500000, "otherAssets": 3343200000, "deferredLongTermAssetCharges": 1104000000, "totalAssets": 55066800000, "accountsPayable": 2976500000, "otherCurrentLiab": 574600000, "longTermDebt": 2997400000, "otherLiab": 260300000, "minorityInterest": 802600000, "totalCurrentLiabilities": 4872700000, "totalLiab": 30383800000, "commonStock": 355500000, "retainedEarnings": -372000000, "treasuryStock": 4653900000, "capitalSurplus": 19243000000, "otherStockholderEquity": 4653900000, "totalStockholderEquity": 23880400000, "netTangibleAssets": 23185800000}], "maxAge": 86400}, "earningsHistory": {"history": [{"maxAge": 1, "epsActual": {}, "epsEstimate": {}, "epsDifference": {}, "surprisePercent": {}, "quarter": {}, "period": "-4q"}, {"maxAge": 1, "epsActual": {}, "epsEstimate": {}, "epsDifference": {}, "surprisePercent": {}, "quarter": {}, "period": "-3q"}, {"maxAge": 1, "epsActual": {}, "epsEstimate": {}, "epsDifference": {}, "surprisePercent": {}, "quarter": {}, "period": "-2q"}, {"maxAge": 1, "epsActual": {}, "epsEstimate": {}, "epsDifference": {}, "surprisePercent": {}, "quarter": {}, "period": "-1q"}], "maxAge": 86400}, "summaryProfile": {"address1": "Trent House, G-Block", "address2": "Plot No. C-60, Beside Citi Bank Bandra-Kurla Complex Bandra (East)", "city": "Mumbai", "zip": "400051", "country": "India", "phone": "91 22 6700 9000", "fax": "91 22 2610 6193", "website": "http://www.westside.com", "industry": "Apparel Retail", "sector": "Consumer Cyclical", "longBusinessSummary": "Trent Limited, together with its subsidiaries, operates a chain of retail stores primarily under the Westside brand in India. The company's Westside stores provide women's wear, men's wear, kids' wear, footwear, lingerie, cosmetics, perfumes, accessories, and home furniture products. It also operates hypermarket and supermarket stores under the Star Market brand, which offer food and groceries, staple foods, beverages, health and beauty products, apparels, vegetables, fruits, home furnishings, dairy, and non-vegetarian products. In addition, the company provides lifestyle products, including toys, music, frontlist books, stationery, gadgets, and sports merchandise under the Landmark brand. Further, it offers fashion apparels, footwear, accessories, and beauty products for women, men, and children under the Zudio brand; and ethnic apparels, beauty products, and accessories under the Utsa brand. As of March 31, 2020, the company operated 165 Westside stores; 10 Hypermarket and 39 Star Market stores; 80 standalone Zudio stores and 16 Star locations; 4 standalone Landmark stores; and 2 standalone Utsa stores. Trent Limited was incorporated in 1952 and is based in Mumbai, India.", "fullTimeEmployees": 11943, "companyOfficers": [], "maxAge": 86400}, "netSharePurchaseActivity": {"maxAge": 1, "period": "6m", "buyInfoCount": 0, "buyInfoShares": 0, "sellInfoCount": 0, "netInfoCount": 0, "netInfoShares": 0, "netPercentInsiderShares": 0.0, "totalInsiderShares": 161574832}, "insiderTransactions": {"transactions": [{"maxAge": 1, "shares": 16401198, "filerUrl": "", "transactionText": "", "filerName": "ARISAIG Partners (Asia) Pte. Ltd.", "filerRelation": "Institution- Corporation", "moneyText": "", "startDate": "2020-11-27", "ownership": "D"}, {"maxAge": 1, "shares": 122, "filerUrl": "", "transactionText": "", "filerName": "Singh (Sonia)", "filerRelation": "Director (Non-Executive)", "moneyText": "", "startDate": "2015-03-03", "ownership": "D"}, {"maxAge": 1, "shares": 1050368, "filerUrl": "", "transactionText": "", "filerName": "Dodona Holdings Ltd", "filerRelation": "Institution- Corporation", "moneyText": "", "startDate": "2014-03-27", "ownership": "D"}, {"maxAge": 1, "shares": 1234634, "filerUrl": "", "transactionText": "", "filerName": "ARISAIG Partners (Asia) Pte. Ltd.", "filerRelation": "Investment Management Company", "moneyText": "", "startDate": "2013-09-13", "ownership": "D"}, {"maxAge": 1, "shares": 111, "filerUrl": "", "transactionText": "", "filerName": "Surti (M M)", "filerRelation": "Compliance officer", "moneyText": "", "startDate": "2012-09-24", "ownership": "D"}, {"maxAge": 1, "shares": 14689, "filerUrl": "", "transactionText": "", "filerName": "Tata (Noel Naval)", "filerRelation": "Non Executive Vice Chairman", "moneyText": "", "startDate": "2012-09-24", "ownership": "D"}, {"maxAge": 1, "shares": 563025, "filerUrl": "", "transactionText": "", "filerName": "Arisag Partners (Asia) Pte Ltd A/c Arisag India Fund", "filerRelation": "Institution- Corporation", "moneyText": "", "startDate": "2012-05-22", "ownership": "D"}, {"maxAge": 1, "shares": 200000, "filerUrl": "", "transactionText": "", "filerName": "Arisag Partners (Asia) Pte Ltd A/c Arisag India Fund", "filerRelation": "Institution- Corporation", "moneyText": "", "startDate": "2012-04-17", "ownership": "D"}, {"maxAge": 1, "shares": 111, "filerUrl": "", "transactionText": "", "filerName": "Surti (M M)", "filerRelation": "Compliance officer", "moneyText": "", "startDate": "2011-09-15", "ownership": "D"}, {"maxAge": 1, "shares": 14689, "filerUrl": "", "transactionText": "", "filerName": "Tata (Noel Naval)", "filerRelation": "Non Executive Vice Chairman", "moneyText": "", "startDate": "2011-09-15", "ownership": "D"}, {"maxAge": 1, "shares": 300, "filerUrl": "", "transactionText": "", "filerName": "Reliance Capital Trustee Company, Ltd. A/c Reliance Tax Save", "filerRelation": "Investment Advisor", "moneyText": "", "startDate": "2011-01-04", "ownership": "D"}, {"maxAge": 1, "shares": 10000, "filerUrl": "", "transactionText": "", "filerName": "Tata (Noel Naval)", "filerRelation": "Non Executive Vice Chairman", "moneyText": "", "startDate": "2010-06-25", "ownership": "D"}, {"maxAge": 1, "shares": 500, "filerUrl": "", "transactionText": "", "filerName": "Surti (M M)", "filerRelation": "Compliance officer", "moneyText": "", "startDate": "2010-06-25", "ownership": "D"}, {"maxAge": 1, "shares": 5993, "filerUrl": "", "transactionText": "", "filerName": "Tata (Noel Naval)", "filerRelation": "Non Executive Vice Chairman", "moneyText": "", "startDate": "2010-03-11", "ownership": "D"}], "maxAge": 1}, "sectorTrend": {"maxAge": 1, "symbol": null, "estimates": []}, "incomeStatementHistoryQuarterly": {"incomeStatementHistory": [{"maxAge": 1, "endDate": "2020-12-31", "totalRevenue": 8536264000, "costOfRevenue": 4355236000, "grossProfit": 4181028000, "researchDevelopment": {}, "sellingGeneralAdministrative": 806763000, "nonRecurring": {}, "otherOperatingExpenses": 1659417000, "totalOperatingExpenses": 7452869000, "operatingIncome": 1083395000, "totalOtherIncomeExpenseNet": -186372000, "ebit": 1083395000, "interestExpense": -638986000, "incomeBeforeTax": 897023000, "incomeTaxExpense": 256690000, "minorityInterest": {}, "netIncomeFromContinuingOps": 640333000, "discontinuedOperations": {}, "extraordinaryItems": {}, "effectOfAccountingCharges": {}, "otherItems": {}, "netIncome": 739359000, "netIncomeApplicableToCommonShares": 739359000}, {"maxAge": 1, "endDate": "2020-09-30", "totalRevenue": 5853773000, "costOfRevenue": 3884732000, "grossProfit": 1969041000, "researchDevelopment": {}, "sellingGeneralAdministrative": 683314000, "nonRecurring": {}, "otherOperatingExpenses": 1281829000, "totalOperatingExpenses": 6478403000, "operatingIncome": -624630000, "totalOtherIncomeExpenseNet": -404018000, "ebit": -624630000, "interestExpense": -603660000, "incomeBeforeTax": -1028648000, "incomeTaxExpense": -242996000, "minorityInterest": 661054000, "netIncomeFromContinuingOps": -785652000, "discontinuedOperations": {}, "extraordinaryItems": {}, "effectOfAccountingCharges": {}, "otherItems": {}, "netIncome": -715954000, "netIncomeApplicableToCommonShares": -715954000}, {"maxAge": 1, "endDate": "2020-06-30", "totalRevenue": 2484065000, "costOfRevenue": 2238088000, "grossProfit": 245977000, "researchDevelopment": {}, "sellingGeneralAdministrative": 714106000, "nonRecurring": {}, "otherOperatingExpenses": 769378000, "totalOperatingExpenses": 4356614000, "operatingIncome": -1872549000, "totalOtherIncomeExpenseNet": -442762000, "ebit": -1872549000, "interestExpense": -600540000, "incomeBeforeTax": -2315311000, "incomeTaxExpense": -474899000, "minorityInterest": 661054000, "netIncomeFromContinuingOps": -1840412000, "discontinuedOperations": {}, "extraordinaryItems": {}, "effectOfAccountingCharges": {}, "otherItems": {}, "netIncome": -1775310000, "netIncomeApplicableToCommonShares": -1775310000}, {"maxAge": 1, "endDate": "2020-03-31", "totalRevenue": 8652290000, "costOfRevenue": 5806382000, "grossProfit": 2845908000, "researchDevelopment": {}, "sellingGeneralAdministrative": 1854629000, "nonRecurring": {}, "otherOperatingExpenses": -95622000, "totalOperatingExpenses": 8233956000, "operatingIncome": 418334000, "totalOtherIncomeExpenseNet": -784926000, "ebit": 418334000, "interestExpense": -615087000, "incomeBeforeTax": -366592000, "incomeTaxExpense": -398779000, "minorityInterest": 802600000, "netIncomeFromContinuingOps": 32187000, "discontinuedOperations": {}, "extraordinaryItems": {}, "effectOfAccountingCharges": {}, "otherItems": {}, "netIncome": 127295000, "netIncomeApplicableToCommonShares": 127295000}], "maxAge": 86400}, "cashflowStatementHistoryQuarterly": {"cashflowStatements": [{"maxAge": 1, "endDate": "2020-12-31", "netIncome": 739359000, "changeToLiabilities": 0}, {"maxAge": 1, "endDate": "2020-09-30", "netIncome": -715954000, "changeToLiabilities": 0}, {"maxAge": 1, "endDate": "2020-06-30", "netIncome": -1775310000, "changeToLiabilities": 0}, {"maxAge": 1, "endDate": "2020-03-31", "netIncome": 127295000, "changeToLiabilities": 0}], "maxAge": 86400}, "earnings": {"maxAge": 86400, "earningsChart": {"quarterly": [], "earningsDate": []}, "financialsChart": {"yearly": [{"date": 2017, "revenue": 18124400000, "earnings": 848600000}, {"date": 2018, "revenue": 21574600000, "earnings": 869700000}, {"date": 2019, "revenue": 26343000000, "earnings": 969600000}, {"date": 2020, "revenue": 35082700000, "earnings": 1227800000}], "quarterly": [{"date": "1Q2020", "revenue": 8652290000, "earnings": 127295000}, {"date": "2Q2020", "revenue": 2484065000, "earnings": -1775310000}, {"date": "3Q2020", "revenue": 5853773000, "earnings": -715954000}, {"date": "4Q2020", "revenue": 8536264000, "earnings": 739359000}]}, "financialCurrency": "INR"}, "financialData": {"maxAge": 86400, "currentPrice": 776.7, "targetHighPrice": 400.0, "targetLowPrice": 365.0, "targetMeanPrice": 377.25, "targetMedianPrice": 372.0, "recommendationMean": 1.8, "recommendationKey": "buy", "numberOfAnalystOpinions": 4, "totalCash": 6814425088, "totalCashPerShare": 19.171, "ebitda": -335724992, "totalDebt": 22711488512, "totalRevenue": 25526392832, "debtToEquity": 104.654, "revenuePerShare": 71.878, "grossProfits": 15446000000, "earningsGrowth": 0.368, "revenueGrowth": -0.136, "grossMargins": 0.36205003, "ebitdaMargins": -0.013150001, "operatingMargins": -0.039, "profitMargins": -0.06366, "financialCurrency": "INR"}}}