{"TRF.BO": {"recommendationTrend": {"trend": [{"period": "0m", "strongBuy": 0, "buy": 0, "hold": 0, "sell": 0, "strongSell": 0}, {"period": "-1m", "strongBuy": 0, "buy": 0, "hold": 0, "sell": 0, "strongSell": 0}, {"period": "-2m", "strongBuy": 0, "buy": 0, "hold": 0, "sell": 0, "strongSell": 0}, {"period": "-3m", "strongBuy": 0, "buy": 0, "hold": 0, "sell": 0, "strongSell": 0}], "maxAge": 86400}, "cashflowStatementHistory": {"cashflowStatements": [{"maxAge": 1, "endDate": "2020-03-31", "netIncome": -1850337000, "depreciation": 33024000, "changeToNetincome": 1640919000, "changeToAccountReceivables": -108628000, "changeToLiabilities": -346778000, "changeToInventory": 83931000, "changeToOperatingActivities": -9614000, "totalCashFromOperatingActivities": -557483000, "capitalExpenditures": -7622000, "investments": 308667000, "otherCashflowsFromInvestingActivities": -104709000, "totalCashflowsFromInvestingActivities": 196336000, "netBorrowings": 1006927000, "otherCashflowsFromFinancingActivities": -367693000, "totalCashFromFinancingActivities": 639234000, "effectOfExchangeRate": -2276000, "changeInCash": 96452000}, {"maxAge": 1, "endDate": "2019-03-31", "netIncome": -345683000, "depreciation": 33914000, "changeToNetincome": 331574000, "changeToAccountReceivables": 308063000, "changeToLiabilities": -533351000, "changeToInventory": 142425000, "changeToOperatingActivities": -1006879000, "totalCashFromOperatingActivities": -1069937000, "capitalExpenditures": -26470000, "investments": 1483888000, "otherCashflowsFromInvestingActivities": -114010000, "totalCashflowsFromInvestingActivities": 1343410000, "dividendsPaid": -252000, "netBorrowings": -2022320000, "otherCashflowsFromFinancingActivities": -586554000, "totalCashFromFinancingActivities": -109126000, "effectOfExchangeRate": -2251000, "changeInCash": 162096000, "issuanceOfStock": 2500000000}, {"maxAge": 1, "endDate": "2018-03-31", "netIncome": -1341135000, "depreciation": 85327000, "changeToNetincome": 541060000, "changeToAccountReceivables": 317546000, "changeToLiabilities": 242993000, "changeToInventory": 211762000, "changeToOperatingActivities": 490850000, "totalCashFromOperatingActivities": 552242000, "capitalExpenditures": -43541000, "investments": 306000000, "otherCashflowsFromInvestingActivities": -43974000, "totalCashflowsFromInvestingActivities": 230022000, "dividendsPaid": -4669000, "netBorrowings": -157442000, "otherCashflowsFromFinancingActivities": -537999000, "totalCashFromFinancingActivities": -700110000, "effectOfExchangeRate": 21834000, "changeInCash": 103987000, "issuanceOfStock": 2500000000}, {"maxAge": 1, "endDate": "2017-03-31", "netIncome": -240985000, "depreciation": 89773000, "changeToNetincome": 395468000, "changeToAccountReceivables": 642091000, "changeToLiabilities": 270917000, "changeToInventory": 150624000, "changeToOperatingActivities": -213356000, "totalCashFromOperatingActivities": 1105089000, "capitalExpenditures": -52226000, "investments": 306000000, "otherCashflowsFromInvestingActivities": 6657000, "totalCashflowsFromInvestingActivities": 29993000, "dividendsPaid": -4669000, "netBorrowings": -540154000, "otherCashflowsFromFinancingActivities": -554778000, "totalCashFromFinancingActivities": -1094932000, "effectOfExchangeRate": -9409000, "changeInCash": 30741000, "issuanceOfStock": 2500000000}], "maxAge": 86400}, "institutionOwnership": {"ownershipList": [], "maxAge": 1}, "balanceSheetHistoryQuarterly": {"balanceSheetStatements": [{"maxAge": 1, "endDate": "2020-06-30", "totalStockholderEquity": -1793346000, "netTangibleAssets": -1794313000}, {"maxAge": 1, "endDate": "2020-03-31", "cash": 397598000, "netReceivables": 2422161000, "inventory": 588187000, "otherCurrentAssets": 1520580000, "totalCurrentAssets": 4928526000, "longTermInvestments": 4395000, "propertyPlantEquipment": 224537000, "intangibleAssets": 967000, "otherAssets": 543648000, "totalAssets": 5702073000, "accountsPayable": 2124180000, "shortLongTermDebt": 373891000, "otherCurrentLiab": 2076966000, "longTermDebt": 362077000, "otherLiab": 208288000, "totalCurrentLiabilities": 6919350000, "totalLiab": 7495419000, "commonStock": 110044000, "retainedEarnings": -4432244000, "treasuryStock": 2528854000, "otherStockholderEquity": 2528854000, "totalStockholderEquity": -1793346000, "netTangibleAssets": -1794313000}, {"maxAge": 1, "endDate": "2019-12-31"}, {"maxAge": 1, "endDate": "2019-06-30", "totalStockholderEquity": -5886000, "netTangibleAssets": -764002000}], "maxAge": 86400}, "earningsHistory": {"history": [{"maxAge": 1, "epsActual": {}, "epsEstimate": {}, "epsDifference": {}, "surprisePercent": {}, "quarter": {}, "period": "-4q"}, {"maxAge": 1, "epsActual": {}, "epsEstimate": {}, "epsDifference": {}, "surprisePercent": {}, "quarter": {}, "period": "-3q"}, {"maxAge": 1, "epsActual": {}, "epsEstimate": {}, "epsDifference": {}, "surprisePercent": {}, "quarter": {}, "period": "-2q"}, {"maxAge": 1, "epsActual": {}, "epsEstimate": {}, "epsDifference": {}, "surprisePercent": {}, "quarter": {}, "period": "-1q"}], "maxAge": 86400}, "indexTrend": {"maxAge": 1, "symbol": "SP5", "peRatio": 19.7411, "pegRatio": 1.34172, "estimates": [{"period": "0q", "growth": 0.549}, {"period": "+1q", "growth": 0.431}, {"period": "0y", "growth": 0.305}, {"period": "+1y", "growth": 0.109}, {"period": "+5y", "growth": 0.120865}, {"period": "-5y"}]}, "industryTrend": {"maxAge": 1, "symbol": null, "estimates": []}, "insiderTransactions": {"transactions": [{"maxAge": 1, "shares": 61444, "filerUrl": "", "transactionText": "", "filerName": "Sundaram Mutual Fund A/c Sundaram Select Thematic Funds Cape", "filerRelation": "Investment Advisor", "moneyText": "", "startDate": "2014-11-03", "ownership": "D"}, {"maxAge": 1, "shares": 7562, "filerUrl": "", "transactionText": "", "filerName": "Tata AIA Life Insurance Company Ltd", "filerRelation": "Institution- Corporation", "moneyText": "", "startDate": "2011-10-07", "ownership": "D"}, {"maxAge": 1, "shares": 1728, "filerUrl": "", "transactionText": "", "filerName": "Tata AIA Life Insurance Company Ltd", "filerRelation": "Institution- Corporation", "moneyText": "", "startDate": "2011-09-30", "ownership": "D"}, {"maxAge": 1, "shares": 2822, "filerUrl": "", "transactionText": "", "filerName": "Tata AIA Life Insurance Company Ltd", "filerRelation": "Institution- Corporation", "moneyText": "", "startDate": "2011-09-29", "ownership": "D"}, {"maxAge": 1, "shares": 466, "filerUrl": "", "transactionText": "", "filerName": "Tata AIA Life Insurance Company Ltd", "filerRelation": "Institution- Corporation", "moneyText": "", "startDate": "2011-09-28", "ownership": "D"}, {"maxAge": 1, "shares": 1250, "filerUrl": "", "transactionText": "", "filerName": "Tata AIA Life Insurance Company Ltd", "filerRelation": "Institution- Corporation", "moneyText": "", "startDate": "2011-09-27", "ownership": "D"}, {"maxAge": 1, "shares": 1299, "filerUrl": "", "transactionText": "", "filerName": "Tata AIA Life Insurance Company Ltd", "filerRelation": "Institution- Corporation", "moneyText": "", "startDate": "2011-09-21", "ownership": "D"}, {"maxAge": 1, "shares": 740, "filerUrl": "", "transactionText": "", "filerName": "Tata AIA Life Insurance Company Ltd", "filerRelation": "Institution- Corporation", "moneyText": "", "startDate": "2011-09-15", "ownership": "D"}, {"maxAge": 1, "shares": 2550, "filerUrl": "", "transactionText": "", "filerName": "Tata AIA Life Insurance Company Ltd", "filerRelation": "Institution- Corporation", "moneyText": "", "startDate": "2011-09-14", "ownership": "D"}, {"maxAge": 1, "shares": 12250, "filerUrl": "", "transactionText": "", "filerName": "Tata AIA Life Insurance Company Ltd", "filerRelation": "Institution- Corporation", "moneyText": "", "startDate": "2011-09-13", "ownership": "D"}, {"maxAge": 1, "shares": 182727, "filerUrl": "", "transactionText": "", "filerName": "Zash Traders Ltd", "filerRelation": "Institution- Corporation", "moneyText": "", "startDate": "2011-03-09", "ownership": "D"}, {"maxAge": 1, "shares": 11002, "filerUrl": "", "transactionText": "", "filerName": "Sundaram Mutual Fund", "filerRelation": "Investment Advisor", "moneyText": "", "startDate": "2011-01-31", "ownership": "D"}, {"maxAge": 1, "shares": 55100, "filerUrl": "", "transactionText": "", "filerName": "Sundaram Mutual Fund", "filerRelation": "Investment Advisor", "moneyText": "", "startDate": "2010-06-09", "ownership": "D"}], "maxAge": 1}, "quoteType": {"exchange": "BSE", "quoteType": "EQUITY", "symbol": "TRF.BO", "underlyingSymbol": "TRF.BO", "shortName": "TRF LTD.", "longName": "TRF Limited", "firstTradeDateEpochUtc": "2001-08-30 09:15:00", "timeZoneFullName": "Asia/Kolkata", "timeZoneShortName": "IST", "uuid": "76e22e74-f864-38f2-a2b2-3b3de2b296a9", "gmtOffSetMilliseconds": 19800000, "maxAge": 1}, "incomeStatementHistory": {"incomeStatementHistory": [{"maxAge": 1, "endDate": "2020-03-31", "totalRevenue": 1864111000, "costOfRevenue": 1291327000, "grossProfit": 572784000, "researchDevelopment": {}, "sellingGeneralAdministrative": 524154000, "nonRecurring": {}, "otherOperatingExpenses": 1063528000, "totalOperatingExpenses": 2912033000, "operatingIncome": -1047922000, "totalOtherIncomeExpenseNet": -276840000, "ebit": -1047922000, "interestExpense": -346595000, "incomeBeforeTax": -1324762000, "incomeTaxExpense": 328000, "minorityInterest": {}, "netIncomeFromContinuingOps": -1325090000, "discontinuedOperations": -525247000, "extraordinaryItems": {}, "effectOfAccountingCharges": {}, "otherItems": {}, "netIncome": -1850337000, "netIncomeApplicableToCommonShares": -1850337000}, {"maxAge": 1, "endDate": "2019-03-31", "totalRevenue": 2370582000, "costOfRevenue": 1561222000, "grossProfit": 809360000, "researchDevelopment": {}, "sellingGeneralAdministrative": 465686000, "nonRecurring": {}, "otherOperatingExpenses": 1204290000, "totalOperatingExpenses": 3265112000, "operatingIncome": -894530000, "totalOtherIncomeExpenseNet": -194319000, "ebit": -894530000, "interestExpense": -563685000, "incomeBeforeTax": -1088849000, "incomeTaxExpense": 126000, "minorityInterest": {}, "netIncomeFromContinuingOps": -1088975000, "discontinuedOperations": 740344000, "extraordinaryItems": {}, "effectOfAccountingCharges": {}, "otherItems": {}, "netIncome": -345683000, "netIncomeApplicableToCommonShares": -345683000}, {"maxAge": 1, "endDate": "2018-03-31", "totalRevenue": 4393376000, "costOfRevenue": 3728633000, "grossProfit": 664743000, "researchDevelopment": {}, "sellingGeneralAdministrative": 704562000, "nonRecurring": {}, "otherOperatingExpenses": 1385677000, "totalOperatingExpenses": 5873470000, "operatingIncome": -1480094000, "totalOtherIncomeExpenseNet": -369695000, "ebit": -1480094000, "interestExpense": -447656000, "incomeBeforeTax": -1849789000, "incomeTaxExpense": -180262000, "minorityInterest": 4528000, "netIncomeFromContinuingOps": -1669527000, "discontinuedOperations": 328392000, "extraordinaryItems": {}, "effectOfAccountingCharges": {}, "otherItems": {}, "netIncome": -1341135000, "netIncomeApplicableToCommonShares": -1341135000}, {"maxAge": 1, "endDate": "2017-03-31", "totalRevenue": 5570414000, "costOfRevenue": 4327519000, "grossProfit": 1242895000, "researchDevelopment": {}, "sellingGeneralAdministrative": 651118000, "nonRecurring": {}, "otherOperatingExpenses": 922921000, "totalOperatingExpenses": 5971809000, "operatingIncome": -401395000, "totalOtherIncomeExpenseNet": -356116000, "ebit": -401395000, "interestExpense": -443195000, "incomeBeforeTax": -757511000, "incomeTaxExpense": -211195000, "minorityInterest": 4523000, "netIncomeFromContinuingOps": -546316000, "discontinuedOperations": 305302000, "extraordinaryItems": {}, "effectOfAccountingCharges": {}, "otherItems": {}, "netIncome": -240985000, "netIncomeApplicableToCommonShares": -240985000}], "maxAge": 86400}, "fundOwnership": {"ownershipList": [], "maxAge": 1}, "summaryDetail": {"maxAge": 1, "priceHint": 2, "previousClose": 92.65, "open": 92.4, "dayLow": 92.4, "dayHigh": 97.4, "regularMarketPreviousClose": 92.65, "regularMarketOpen": 92.4, "regularMarketDayLow": 92.4, "regularMarketDayHigh": 97.4, "volume": 9977, "regularMarketVolume": 9977, "averageVolume": 4514, "averageVolume10days": 1885, "averageDailyVolume10Day": 1885, "bid": 90.0, "ask": 93.75, "bidSize": 0, "askSize": 0, "marketCap": 1031662528, "fiftyTwoWeekLow": 45.4, "fiftyTwoWeekHigh": 125.0, "fiftyDayAverage": 98.65758, "twoHundredDayAverage": 87.45584, "currency": "INR", "fromCurrency": null, "lastMarket": null, "algorithm": null, "tradeable": false}, "sectorTrend": {"maxAge": 1, "symbol": null, "estimates": []}, "incomeStatementHistoryQuarterly": {"incomeStatementHistory": [{"maxAge": 1, "endDate": "2020-06-30", "totalRevenue": 104414000, "costOfRevenue": 95083000, "grossProfit": 9331000, "researchDevelopment": {}, "sellingGeneralAdministrative": 125853000, "nonRecurring": {}, "otherOperatingExpenses": 65696000, "totalOperatingExpenses": 293699000, "operatingIncome": -189285000, "totalOtherIncomeExpenseNet": -65964000, "ebit": -189285000, "interestExpense": -83891000, "incomeBeforeTax": -255249000, "incomeTaxExpense": 0, "minorityInterest": {}, "netIncomeFromContinuingOps": -255249000, "discontinuedOperations": -26026000, "extraordinaryItems": {}, "effectOfAccountingCharges": {}, "otherItems": {}, "netIncome": -281275000, "netIncomeApplicableToCommonShares": -281275000}, {"maxAge": 1, "endDate": "2020-03-31", "totalRevenue": 442480000, "costOfRevenue": 317502000, "grossProfit": 124978000, "researchDevelopment": {}, "sellingGeneralAdministrative": 150884000, "nonRecurring": {}, "otherOperatingExpenses": 207456000, "totalOperatingExpenses": 683768000, "operatingIncome": -241288000, "totalOtherIncomeExpenseNet": -5834000, "ebit": -241288000, "interestExpense": -45295000, "incomeBeforeTax": -247122000, "incomeTaxExpense": 1000, "minorityInterest": {}, "netIncomeFromContinuingOps": -247123000, "discontinuedOperations": -327628000, "extraordinaryItems": {}, "effectOfAccountingCharges": {}, "otherItems": {}, "netIncome": -574751000, "netIncomeApplicableToCommonShares": -574751000}, {"maxAge": 1, "endDate": "2019-12-31", "totalRevenue": 438987000, "costOfRevenue": 283457000, "grossProfit": 155530000, "researchDevelopment": {}, "sellingGeneralAdministrative": 137879000, "nonRecurring": {}, "otherOperatingExpenses": 61423000, "totalOperatingExpenses": 491028000, "operatingIncome": -52041000, "totalOtherIncomeExpenseNet": -66463000, "ebit": -52041000, "interestExpense": -85525000, "incomeBeforeTax": -118504000, "incomeTaxExpense": 3000, "minorityInterest": {}, "netIncomeFromContinuingOps": -118507000, "discontinuedOperations": 14026000, "extraordinaryItems": {}, "effectOfAccountingCharges": {}, "otherItems": {}, "netIncome": -104481000, "netIncomeApplicableToCommonShares": -104481000}, {"maxAge": 1, "endDate": "2019-06-30", "totalRevenue": 690629000, "costOfRevenue": 333266000, "grossProfit": 357363000, "researchDevelopment": {}, "sellingGeneralAdministrative": 137820000, "nonRecurring": {}, "otherOperatingExpenses": 181344000, "totalOperatingExpenses": 661675000, "operatingIncome": 28954000, "totalOtherIncomeExpenseNet": 95955000, "ebit": 28954000, "interestExpense": -75863000, "incomeBeforeTax": 124909000, "incomeTaxExpense": 1819000, "minorityInterest": {}, "netIncomeFromContinuingOps": 123090000, "discontinuedOperations": 11989000, "extraordinaryItems": {}, "effectOfAccountingCharges": {}, "otherItems": {}, "netIncome": 135079000, "netIncomeApplicableToCommonShares": 135079000}], "maxAge": 86400}, "cashflowStatementHistoryQuarterly": {"cashflowStatements": [{"maxAge": 1, "endDate": "2020-06-30", "netIncome": -281275000, "changeToLiabilities": 0}, {"maxAge": 1, "endDate": "2020-03-31", "netIncome": -574751000, "changeToLiabilities": 0}, {"maxAge": 1, "endDate": "2019-12-31", "netIncome": -104481000, "changeToLiabilities": 0}, {"maxAge": 1, "endDate": "2019-06-30", "netIncome": 135079000, "changeToLiabilities": 0}], "maxAge": 86400}, "insiderHolders": {"holders": [{"maxAge": 1, "name": "Sundaram Mutual Fund", "relation": "Investment Advisor", "url": "", "transactionDescription": "Acquisition", "latestTransDate": "2011-01-31", "positionDirect": 550775, "positionDirectDate": "2011-01-31"}, {"maxAge": 1, "name": "Sundaram Mutual Fund A/c Sundaram Select Thematic Funds Cape", "relation": "Investment Advisor", "url": "", "transactionDescription": "Acquisition", "latestTransDate": "2014-11-03", "positionDirect": 612219, "positionDirectDate": "2014-11-03"}, {"maxAge": 1, "name": "Tata AIA Life Insurance Company Ltd", "relation": "Institution- Corporation", "url": "", "transactionDescription": "Sale", "latestTransDate": "2011-10-07", "positionDirect": 0, "positionDirectDate": "2011-10-07"}, {"maxAge": 1, "name": "Zash Traders Ltd", "relation": "Institution- Corporation", "url": "", "transactionDescription": "Acquisition", "latestTransDate": "2011-03-09", "positionDirect": 307786, "positionDirectDate": "2011-03-09"}], "maxAge": 1}, "earnings": {"maxAge": 86400, "earningsChart": {"quarterly": [], "earningsDate": ["2020-08-03 05:30:S"]}, "financialsChart": {"yearly": [{"date": 2017, "revenue": 5570414000, "earnings": -240985000}, {"date": 2018, "revenue": 4393376000, "earnings": -1341135000}, {"date": 2019, "revenue": 2370582000, "earnings": -345683000}, {"date": 2020, "revenue": 1864111000, "earnings": -1850337000}], "quarterly": [{"date": "2Q2019", "revenue": 690629000, "earnings": 135079000}, {"date": "4Q2019", "revenue": 438987000, "earnings": -104481000}, {"date": "1Q2020", "revenue": 442480000, "earnings": -574751000}, {"date": "2Q2020", "revenue": 104414000, "earnings": -281275000}]}, "financialCurrency": "INR"}, "calendarEvents": {"maxAge": 1, "earnings": {"earningsDate": ["2020-08-03 05:30:S"]}}, "upgradeDowngradeHistory": {"history": [], "maxAge": 86400}, "price": {"maxAge": 1, "regularMarketChangePercent": 0.011872622, "regularMarketChange": 1.0999985, "regularMarketTime": "2021-04-30 15:26:29", "priceHint": 2, "regularMarketPrice": 93.75, "regularMarketDayHigh": 97.4, "regularMarketDayLow": 92.4, "regularMarketVolume": 9977, "averageDailyVolume10Day": 1885, "averageDailyVolume3Month": 4514, "regularMarketPreviousClose": 92.65, "regularMarketSource": "FREE_REALTIME", "regularMarketOpen": 92.4, "exchange": "BSE", "exchangeName": "BSE", "exchangeDataDelayedBy": 0, "marketState": "CLOSED", "quoteType": "EQUITY", "symbol": "TRF.BO", "underlyingSymbol": null, "shortName": "TRF LTD.", "longName": "TRF Limited", "currency": "INR", "quoteSourceName": "Delayed Quote", "currencySymbol": "\u20b9", "fromCurrency": null, "lastMarket": null, "marketCap": 1031662528}, "balanceSheetHistory": {"balanceSheetStatements": [{"maxAge": 1, "endDate": "2020-03-31", "cash": 397598000, "netReceivables": 2422161000, "inventory": 588187000, "otherCurrentAssets": 1520580000, "totalCurrentAssets": 4928526000, "longTermInvestments": 4395000, "propertyPlantEquipment": 224537000, "intangibleAssets": 967000, "otherAssets": 543648000, "totalAssets": 5702073000, "accountsPayable": 2124180000, "shortLongTermDebt": 373891000, "otherCurrentLiab": 2076966000, "longTermDebt": 362077000, "otherLiab": 208288000, "totalCurrentLiabilities": 6919350000, "totalLiab": 7495419000, "commonStock": 110044000, "retainedEarnings": -4432244000, "treasuryStock": 2528854000, "otherStockholderEquity": 2528854000, "totalStockholderEquity": -1793346000, "netTangibleAssets": -1794313000}, {"maxAge": 1, "endDate": "2019-03-31", "cash": 304227000, "netReceivables": 3067364000, "inventory": 862479000, "otherCurrentAssets": 561860000, "totalCurrentAssets": 4795930000, "longTermInvestments": 279515000, "propertyPlantEquipment": 381953000, "goodWill": 756241000, "intangibleAssets": 1875000, "otherAssets": 590718000, "deferredLongTermAssetCharges": 1832000, "totalAssets": 6806232000, "accountsPayable": 2554232000, "shortLongTermDebt": 343385000, "otherCurrentLiab": 1758442000, "longTermDebt": 245758000, "otherLiab": 152993000, "totalCurrentLiabilities": 6411589000, "totalLiab": 6812118000, "commonStock": 110044000, "retainedEarnings": -2574029000, "treasuryStock": 2458099000, "otherStockholderEquity": 2458099000, "totalStockholderEquity": -5886000, "netTangibleAssets": -764002000}, {"maxAge": 1, "endDate": "2018-03-31", "cash": 142131000, "netReceivables": 3857782000, "inventory": 1002942000, "otherCurrentAssets": 3417256000, "totalCurrentAssets": 8420798000, "longTermInvestments": 189192000, "propertyPlantEquipment": 394255000, "goodWill": 1546710000, "intangibleAssets": 3591000, "otherAssets": 354165000, "deferredLongTermAssetCharges": 1746000, "totalAssets": 10908711000, "accountsPayable": 3086527000, "shortLongTermDebt": 681332000, "otherCurrentLiab": 5558897000, "longTermDebt": 339951000, "otherLiab": 150325000, "minorityInterest": 4528000, "totalCurrentLiabilities": 12421638000, "totalLiab": 12912418000, "commonStock": 110044000, "retainedEarnings": -2255939000, "treasuryStock": 137660000, "otherStockholderEquity": 137660000, "totalStockholderEquity": -2008235000, "netTangibleAssets": -3558536000}, {"maxAge": 1, "endDate": "2017-03-31", "cash": 483253000, "shortTermInvestments": 23134000, "netReceivables": 5589665000, "inventory": 2232529000, "otherCurrentAssets": 759848000, "totalCurrentAssets": 9089872000, "longTermInvestments": 428811000, "propertyPlantEquipment": 620855000, "goodWill": 1465056000, "intangibleAssets": 12189000, "otherAssets": 382198000, "deferredLongTermAssetCharges": 23198000, "totalAssets": 11998981000, "accountsPayable": 4148771000, "shortLongTermDebt": 822176000, "otherCurrentLiab": 2496683000, "longTermDebt": 1590896000, "otherLiab": 393824000, "minorityInterest": 4523000, "totalCurrentLiabilities": 10821861000, "totalLiab": 12808168000, "commonStock": 110044000, "retainedEarnings": -913934000, "treasuryStock": -9820000, "otherStockholderEquity": -9820000, "totalStockholderEquity": -813710000, "netTangibleAssets": -2290955000}], "maxAge": 86400}, "earningsTrend": {"trend": [{"maxAge": 1, "period": "0q", "endDate": null, "growth": {}, "earningsEstimate": {"avg": 0.0, "low": 0.0, "high": 0.0, "yearAgoEps": {}, "numberOfAnalysts": 0, "growth": {}}, "revenueEstimate": {"avg": 0, "low": 0, "high": 0, "numberOfAnalysts": 0, "yearAgoRevenue": {}, "growth": {}}, "epsTrend": {"current": 0.0, "7daysAgo": 0.0, "30daysAgo": 0.0, "60daysAgo": 0.0, "90daysAgo": 0.0}, "epsRevisions": {"upLast7days": 0, "upLast30days": 0, "downLast30days": 0, "downLast90days": {}}}, {"maxAge": 1, "period": "+1q", "endDate": null, "growth": {}, "earningsEstimate": {"avg": 0.0, "low": 0.0, "high": 0.0, "yearAgoEps": {}, "numberOfAnalysts": 0, "growth": {}}, "revenueEstimate": {"avg": 0, "low": 0, "high": 0, "numberOfAnalysts": 0, "yearAgoRevenue": {}, "growth": {}}, "epsTrend": {"current": 0.0, "7daysAgo": 0.0, "30daysAgo": 0.0, "60daysAgo": 0.0, "90daysAgo": 0.0}, "epsRevisions": {"upLast7days": 0, "upLast30days": 0, "downLast30days": 0, "downLast90days": {}}}, {"maxAge": 1, "period": "0y", "endDate": null, "growth": {}, "earningsEstimate": {"avg": 0.0, "low": 0.0, "high": 0.0, "yearAgoEps": {}, "numberOfAnalysts": 0, "growth": {}}, "revenueEstimate": {"avg": 0, "low": 0, "high": 0, "numberOfAnalysts": 0, "yearAgoRevenue": {}, "growth": {}}, "epsTrend": {"current": 0.0, "7daysAgo": 0.0, "30daysAgo": 0.0, "60daysAgo": 0.0, "90daysAgo": 0.0}, "epsRevisions": {"upLast7days": 0, "upLast30days": 0, "downLast30days": 0, "downLast90days": {}}}, {"maxAge": 1, "period": "+1y", "endDate": null, "growth": {}, "earningsEstimate": {"avg": 0.0, "low": 0.0, "high": 0.0, "yearAgoEps": {}, "numberOfAnalysts": 0, "growth": {}}, "revenueEstimate": {"avg": 0, "low": 0, "high": 0, "numberOfAnalysts": 0, "yearAgoRevenue": {}, "growth": {}}, "epsTrend": {"current": 0.0, "7daysAgo": 0.0, "30daysAgo": 0.0, "60daysAgo": 0.0, "90daysAgo": 0.0}, "epsRevisions": {"upLast7days": 0, "upLast30days": 0, "downLast30days": 0, "downLast90days": {}}}, {"maxAge": 1, "period": "+5y", "endDate": null, "growth": {}, "earningsEstimate": {"avg": {}, "low": {}, "high": {}, "yearAgoEps": {}, "numberOfAnalysts": {}, "growth": {}}, "revenueEstimate": {"avg": {}, "low": {}, "high": {}, "numberOfAnalysts": {}, "yearAgoRevenue": {}, "growth": {}}, "epsTrend": {"current": {}, "7daysAgo": {}, "30daysAgo": {}, "60daysAgo": {}, "90daysAgo": {}}, "epsRevisions": {"upLast7days": {}, "upLast30days": {}, "downLast30days": {}, "downLast90days": {}}}, {"maxAge": 1, "period": "-5y", "endDate": null, "growth": {}, "earningsEstimate": {"avg": {}, "low": {}, "high": {}, "yearAgoEps": {}, "numberOfAnalysts": {}, "growth": {}}, "revenueEstimate": {"avg": {}, "low": {}, "high": {}, "numberOfAnalysts": {}, "yearAgoRevenue": {}, "growth": {}}, "epsTrend": {"current": {}, "7daysAgo": {}, "30daysAgo": {}, "60daysAgo": {}, "90daysAgo": {}}, "epsRevisions": {"upLast7days": {}, "upLast30days": {}, "downLast30days": {}, "downLast90days": {}}}], "maxAge": 1}, "financialData": {"maxAge": 86400, "currentPrice": 93.75, "targetHighPrice": 100.0, "targetLowPrice": 100.0, "targetMeanPrice": 100.0, "targetMedianPrice": 100.0, "recommendationKey": "none", "numberOfAnalystOpinions": 1, "grossProfits": 572784000, "financialCurrency": "INR"}}}