{"TRIDENT.BO": {"recommendationTrend": {"trend": [{"period": "0m", "strongBuy": 0, "buy": 0, "hold": 0, "sell": 0, "strongSell": 0}, {"period": "-1m", "strongBuy": 0, "buy": 0, "hold": 0, "sell": 0, "strongSell": 0}, {"period": "-2m", "strongBuy": 0, "buy": 0, "hold": 0, "sell": 0, "strongSell": 0}, {"period": "-3m", "strongBuy": 0, "buy": 0, "hold": 0, "sell": 0, "strongSell": 0}], "maxAge": 86400}, "cashflowStatementHistory": {"cashflowStatements": [{"maxAge": 1, "endDate": "2020-03-31", "netIncome": 3397000000, "depreciation": 3270000000, "changeToNetincome": 326600000, "changeToAccountReceivables": 3896500000, "changeToLiabilities": 151800000, "changeToInventory": 956400000, "changeToOperatingActivities": -128200000, "totalCashFromOperatingActivities": 12137000000, "capitalExpenditures": -1640700000, "investments": 1033700000, "otherCashflowsFromInvestingActivities": 150100000, "totalCashflowsFromInvestingActivities": -426800000, "dividendsPaid": -2091300000, "netBorrowings": -4923400000, "otherCashflowsFromFinancingActivities": -1609000000, "totalCashFromFinancingActivities": -8623700000, "effectOfExchangeRate": 1200000, "changeInCash": 3087700000}, {"maxAge": 1, "endDate": "2019-03-31", "netIncome": 3717700000, "depreciation": 3573300000, "changeToNetincome": 1241500000, "changeToAccountReceivables": -2018200000, "changeToLiabilities": 177100000, "changeToInventory": -894400000, "changeToOperatingActivities": 693300000, "totalCashFromOperatingActivities": 6557000000, "capitalExpenditures": -1064700000, "investments": 217900000, "otherCashflowsFromInvestingActivities": 323300000, "totalCashflowsFromInvestingActivities": -506300000, "dividendsPaid": -1309300000, "netBorrowings": -3610200000, "otherCashflowsFromFinancingActivities": -1510600000, "totalCashFromFinancingActivities": -6430100000, "effectOfExchangeRate": -300000, "changeInCash": -379700000}, {"maxAge": 1, "endDate": "2018-03-31", "netIncome": 2661500000, "depreciation": 3981200000, "changeToNetincome": 1056300000, "changeToAccountReceivables": -734100000, "changeToLiabilities": 24500000, "changeToInventory": -1479000000, "changeToOperatingActivities": -807700000, "totalCashFromOperatingActivities": 4762700000, "capitalExpenditures": -2030400000, "investments": -127400000, "otherCashflowsFromInvestingActivities": 267500000, "totalCashflowsFromInvestingActivities": -1879300000, "dividendsPaid": -764400000, "netBorrowings": -537400000, "otherCashflowsFromFinancingActivities": -1379800000, "totalCashFromFinancingActivities": -2681400000, "effectOfExchangeRate": 500000, "changeInCash": 202500000, "issuanceOfStock": 200000}, {"maxAge": 1, "endDate": "2017-03-31", "netIncome": 3372200000, "depreciation": 4066200000, "changeToNetincome": 1247500000, "changeToAccountReceivables": -1223200000, "changeToLiabilities": 41200000, "changeToInventory": 1313200000, "changeToOperatingActivities": 1111700000, "totalCashFromOperatingActivities": 9987600000, "capitalExpenditures": -1675800000, "investments": -451600000, "otherCashflowsFromInvestingActivities": 243600000, "totalCashflowsFromInvestingActivities": -1674800000, "dividendsPaid": -945500000, "netBorrowings": -5858100000, "otherCashflowsFromFinancingActivities": -1367500000, "totalCashFromFinancingActivities": -8084200000, "effectOfExchangeRate": 500000, "changeInCash": 228600000, "issuanceOfStock": 686900000}], "maxAge": 86400}, "institutionOwnership": {"ownershipList": [], "maxAge": 1}, "balanceSheetHistoryQuarterly": {"balanceSheetStatements": [{"maxAge": 1, "endDate": "2020-09-30", "cash": 775100000, "shortTermInvestments": 1270100000, "netReceivables": 3141800000, "inventory": 5948400000, "otherCurrentAssets": 743200000, "totalCurrentAssets": 11878600000, "longTermInvestments": 1080600000, "propertyPlantEquipment": 36883000000, "intangibleAssets": 428300000, "otherAssets": 674500000, "totalAssets": 50945000000, "accountsPayable": 2984700000, "otherCurrentLiab": 3404800000, "longTermDebt": 3172800000, "otherLiab": 3346100000, "totalCurrentLiabilities": 12056400000, "totalLiab": 18906700000, "commonStock": 4979400000, "treasuryStock": 27058900000, "otherStockholderEquity": 27058900000, "totalStockholderEquity": 32038300000, "netTangibleAssets": 31610000000}, {"maxAge": 1, "endDate": "2020-06-30", "totalStockholderEquity": 30214000000, "netTangibleAssets": 29788600000}, {"maxAge": 1, "endDate": "2020-03-31", "cash": 3188500000, "shortTermInvestments": 37000000, "netReceivables": 3765000000, "inventory": 9164100000, "otherCurrentAssets": 1211800000, "totalCurrentAssets": 17519300000, "longTermInvestments": 1276400000, "propertyPlantEquipment": 37841600000, "intangibleAssets": 425400000, "otherAssets": 702100000, "totalAssets": 57764800000, "accountsPayable": 2022700000, "shortLongTermDebt": 3618700000, "otherCurrentLiab": 1653300000, "longTermDebt": 6890700000, "otherLiab": 3366100000, "totalCurrentLiabilities": 16970100000, "totalLiab": 27550800000, "commonStock": 4979400000, "retainedEarnings": 12998700000, "treasuryStock": 8902200000, "capitalSurplus": 3333700000, "otherStockholderEquity": 8902200000, "totalStockholderEquity": 30214000000, "netTangibleAssets": 29788600000}, {"maxAge": 1, "endDate": "2019-12-31", "totalStockholderEquity": 31396200000, "netTangibleAssets": 30986400000}], "maxAge": 86400}, "earningsHistory": {"history": [{"maxAge": 1, "epsActual": 1.41, "epsEstimate": 1.45, "epsDifference": -0.04, "surprisePercent": -0.027999999, "quarter": "2017-12-31", "period": "-4q"}, {"maxAge": 1, "epsActual": 1.0, "epsEstimate": 1.68, "epsDifference": -0.68, "surprisePercent": -0.405, "quarter": "2018-03-31", "period": "-3q"}, {"maxAge": 1, "epsActual": 1.16, "epsEstimate": 1.4, "epsDifference": -0.24, "surprisePercent": -0.171, "quarter": "2018-06-30", "period": "-2q"}, {"maxAge": 1, "epsActual": 2.14, "epsEstimate": 1.4, "epsDifference": 0.74, "surprisePercent": 0.52900004, "quarter": "2018-09-30", "period": "-1q"}], "maxAge": 86400}, "indexTrend": {"maxAge": 1, "symbol": "SP5", "peRatio": 19.7411, "pegRatio": 1.34172, "estimates": [{"period": "0q", "growth": 0.549}, {"period": "+1q", "growth": 0.431}, {"period": "0y", "growth": 0.305}, {"period": "+1y", "growth": 0.109}, {"period": "+5y", "growth": 0.120865}, {"period": "-5y"}]}, "industryTrend": {"maxAge": 1, "symbol": null, "estimates": []}, "insiderTransactions": {"transactions": [{"maxAge": 1, "shares": 1800000, "filerUrl": "", "transactionText": "", "filerName": "Trident Capital Ltd.", "filerRelation": "Promoter", "moneyText": "", "startDate": "2019-08-21", "ownership": "D"}, {"maxAge": 1, "shares": 1800000, "filerUrl": "", "transactionText": "", "filerName": "Trident Group", "filerRelation": "Promoter", "moneyText": "", "startDate": "2019-08-21", "ownership": "D"}, {"maxAge": 1, "shares": 400000, "filerUrl": "", "transactionText": "", "filerName": "Madhuraj Foundation", "filerRelation": "Promoter", "moneyText": "", "startDate": "2019-06-11", "ownership": "D"}, {"maxAge": 1, "shares": 400000, "filerUrl": "", "transactionText": "", "filerName": "Madhuraj Foundation", "filerRelation": "Promoter", "moneyText": "", "startDate": "2019-06-10", "ownership": "D"}, {"maxAge": 1, "shares": 443496, "filerUrl": "", "transactionText": "", "filerName": "Madhuraj Foundation", "filerRelation": "Promoter", "moneyText": "", "startDate": "2019-06-07", "ownership": "D"}, {"maxAge": 1, "shares": 264012, "filerUrl": "", "transactionText": "", "filerName": "Madhuraj Foundation", "filerRelation": "Promoter", "moneyText": "", "startDate": "2019-05-17", "ownership": "D"}, {"maxAge": 1, "shares": 3400000, "filerUrl": "", "transactionText": "", "filerName": "Trident Group", "filerRelation": "Promoter", "moneyText": "", "startDate": "2019-01-30", "ownership": "D"}, {"maxAge": 1, "shares": 6600000, "filerUrl": "", "transactionText": "", "filerName": "Gupta (Rajinder)", "filerRelation": "Promoter", "moneyText": "", "startDate": "2019-01-30", "ownership": "D"}, {"maxAge": 1, "shares": 3200000, "filerUrl": "", "transactionText": "", "filerName": "Madhuraj Foundation", "filerRelation": "Promoter", "moneyText": "", "startDate": "2019-01-30", "ownership": "D"}, {"maxAge": 1, "shares": 7715596, "filerUrl": "", "transactionText": "", "filerName": "Gupta (Rajinder)", "filerRelation": "UNREPORTED", "moneyText": "", "startDate": "2018-12-20", "ownership": "D"}, {"maxAge": 1, "shares": 1570000, "filerUrl": "", "transactionText": "", "filerName": "Trident Group", "filerRelation": "Promoter", "moneyText": "", "startDate": "2018-10-22", "ownership": "D"}, {"maxAge": 1, "shares": 2775, "filerUrl": "", "transactionText": "", "filerName": "Lotus Global Foundation", "filerRelation": "Promoter", "moneyText": "", "startDate": "2018-09-28", "ownership": "D"}, {"maxAge": 1, "shares": 1720000, "filerUrl": "", "transactionText": "", "filerName": "Trident Group", "filerRelation": "Promoter", "moneyText": "", "startDate": "2018-09-28", "ownership": "D"}, {"maxAge": 1, "shares": 815000, "filerUrl": "", "transactionText": "", "filerName": "Lotus Global Foundation", "filerRelation": "Promoter", "moneyText": "", "startDate": "2018-09-27", "ownership": "D"}, {"maxAge": 1, "shares": 1175, "filerUrl": "", "transactionText": "", "filerName": "Lotus Global Foundation", "filerRelation": "Promoter", "moneyText": "", "startDate": "2018-09-27", "ownership": "D"}, {"maxAge": 1, "shares": 1550000, "filerUrl": "", "transactionText": "", "filerName": "Trident Group", "filerRelation": "Promoter", "moneyText": "", "startDate": "2018-08-31", "ownership": "D"}, {"maxAge": 1, "shares": 1850000, "filerUrl": "", "transactionText": "", "filerName": "Trident Group", "filerRelation": "Promoter", "moneyText": "", "startDate": "2018-08-28", "ownership": "D"}, {"maxAge": 1, "shares": 39000, "filerUrl": "", "transactionText": "", "filerName": "Trident Co., Ltd.", "filerRelation": "Institution- Corporation", "moneyText": "", "startDate": "2018-06-26", "ownership": "D"}], "maxAge": 1}, "quoteType": {"exchange": "BSE", "quoteType": "EQUITY", "symbol": "TRIDENT.BO", "underlyingSymbol": "TRIDENT.BO", "shortName": "TRIDENT LTD.", "longName": "Trident Limited", "firstTradeDateEpochUtc": "2000-11-08 09:15:00", "timeZoneFullName": "Asia/Kolkata", "timeZoneShortName": "IST", "uuid": "4e1e0a50-6a2a-3170-b496-81768d0ac2b8", "gmtOffSetMilliseconds": 19800000, "maxAge": 1}, "incomeStatementHistory": {"incomeStatementHistory": [{"maxAge": 1, "endDate": "2020-03-31", "totalRevenue": 47276700000, "costOfRevenue": 21738700000, "grossProfit": 25538000000, "researchDevelopment": {}, "sellingGeneralAdministrative": 6165500000, "nonRecurring": {}, "otherOperatingExpenses": 11067600000, "totalOperatingExpenses": 42308700000, "operatingIncome": 4968000000, "totalOtherIncomeExpenseNet": -757600000, "ebit": 4968000000, "interestExpense": -1081700000, "incomeBeforeTax": 4210400000, "incomeTaxExpense": 813400000, "minorityInterest": {}, "netIncomeFromContinuingOps": 3397000000, "discontinuedOperations": {}, "extraordinaryItems": {}, "effectOfAccountingCharges": {}, "otherItems": {}, "netIncome": 3397000000, "netIncomeApplicableToCommonShares": 3397000000}, {"maxAge": 1, "endDate": "2019-03-31", "totalRevenue": 52486000000, "costOfRevenue": 24371500000, "grossProfit": 28114500000, "researchDevelopment": {}, "sellingGeneralAdministrative": 5977500000, "nonRecurring": {}, "otherOperatingExpenses": 11642800000, "totalOperatingExpenses": 45631800000, "operatingIncome": 6854200000, "totalOtherIncomeExpenseNet": -1352600000, "ebit": 6854200000, "interestExpense": -1096200000, "incomeBeforeTax": 5501600000, "incomeTaxExpense": 1783900000, "minorityInterest": {}, "netIncomeFromContinuingOps": 3717700000, "discontinuedOperations": {}, "extraordinaryItems": {}, "effectOfAccountingCharges": {}, "otherItems": {}, "netIncome": 3717700000, "netIncomeApplicableToCommonShares": 3717700000}, {"maxAge": 1, "endDate": "2018-03-31", "totalRevenue": 45697500000, "costOfRevenue": 22910100000, "grossProfit": 22787400000, "researchDevelopment": {}, "sellingGeneralAdministrative": 5389100000, "nonRecurring": {}, "otherOperatingExpenses": 9038900000, "totalOperatingExpenses": 41379300000, "operatingIncome": 4318200000, "totalOtherIncomeExpenseNet": -401000000, "ebit": 4318200000, "interestExpense": -1094700000, "incomeBeforeTax": 3917200000, "incomeTaxExpense": 1255700000, "minorityInterest": {}, "netIncomeFromContinuingOps": 2661500000, "discontinuedOperations": {}, "extraordinaryItems": {}, "effectOfAccountingCharges": {}, "otherItems": {}, "netIncome": 2661500000, "netIncomeApplicableToCommonShares": 2661500000}, {"maxAge": 1, "endDate": "2017-03-31", "totalRevenue": 46276900000, "costOfRevenue": 22551000000, "grossProfit": 23725900000, "researchDevelopment": {}, "sellingGeneralAdministrative": 6129600000, "nonRecurring": {}, "otherOperatingExpenses": 8706000000, "totalOperatingExpenses": 41511600000, "operatingIncome": 4765300000, "totalOtherIncomeExpenseNet": -377000000, "ebit": 4765300000, "interestExpense": -1299700000, "incomeBeforeTax": 4388300000, "incomeTaxExpense": 1016100000, "minorityInterest": {}, "netIncomeFromContinuingOps": 3372200000, "discontinuedOperations": {}, "extraordinaryItems": {}, "effectOfAccountingCharges": {}, "otherItems": {}, "netIncome": 3372200000, "netIncomeApplicableToCommonShares": 3372200000}], "maxAge": 86400}, "fundOwnership": {"ownershipList": [], "maxAge": 1}, "summaryDetail": {"maxAge": 1, "priceHint": 2, "previousClose": 13.82, "open": 13.65, "dayLow": 13.55, "dayHigh": 13.95, "regularMarketPreviousClose": 13.82, "regularMarketOpen": 13.65, "regularMarketDayLow": 13.55, "regularMarketDayHigh": 13.95, "trailingPE": 36.005222, "forwardPE": 2.3372881, "volume": 2194780, "regularMarketVolume": 2194780, "averageVolume": 5025385, "averageVolume10days": 3548976, "averageDailyVolume10Day": 3548976, "bid": 13.77, "ask": 13.79, "bidSize": 0, "askSize": 0, "marketCap": 7027329024, "fiftyTwoWeekLow": 3.05, "fiftyTwoWeekHigh": 16.98, "fiftyDayAverage": 12.562121, "twoHundredDayAverage": 8.614779, "trailingAnnualDividendRate": 0.18, "trailingAnnualDividendYield": 0.013024603, "currency": "INR", "fromCurrency": null, "lastMarket": null, "algorithm": null, "tradeable": false}, "sectorTrend": {"maxAge": 1, "symbol": null, "estimates": []}, "incomeStatementHistoryQuarterly": {"incomeStatementHistory": [{"maxAge": 1, "endDate": "2020-09-30", "totalRevenue": 11739800000, "costOfRevenue": 5041500000, "grossProfit": 6698300000, "researchDevelopment": {}, "sellingGeneralAdministrative": 1481500000, "nonRecurring": {}, "otherOperatingExpenses": 2905900000, "totalOperatingExpenses": 10260800000, "operatingIncome": 1479000000, "totalOtherIncomeExpenseNet": -91900000, "ebit": 1479000000, "interestExpense": -123100000, "incomeBeforeTax": 1387100000, "incomeTaxExpense": 330200000, "minorityInterest": {}, "netIncomeFromContinuingOps": 1056900000, "discontinuedOperations": {}, "extraordinaryItems": {}, "effectOfAccountingCharges": {}, "otherItems": {}, "netIncome": 1056900000, "netIncomeApplicableToCommonShares": 1056900000}, {"maxAge": 1, "endDate": "2020-06-30", "totalRevenue": 7085400000, "costOfRevenue": 3166200000, "grossProfit": 3919200000, "researchDevelopment": {}, "sellingGeneralAdministrative": 993600000, "nonRecurring": {}, "otherOperatingExpenses": 1745300000, "totalOperatingExpenses": 6730000000, "operatingIncome": 355400000, "totalOtherIncomeExpenseNet": -223000000, "ebit": 355400000, "interestExpense": -231000000, "incomeBeforeTax": 132400000, "incomeTaxExpense": 31300000, "minorityInterest": {}, "netIncomeFromContinuingOps": 101100000, "discontinuedOperations": {}, "extraordinaryItems": {}, "effectOfAccountingCharges": {}, "otherItems": {}, "netIncome": 101100000, "netIncomeApplicableToCommonShares": 101100000}, {"maxAge": 1, "endDate": "2020-03-31", "totalRevenue": 9380600000, "costOfRevenue": 4636300000, "grossProfit": 4744300000, "researchDevelopment": {}, "sellingGeneralAdministrative": 1692100000, "nonRecurring": {}, "otherOperatingExpenses": 2229800000, "totalOperatingExpenses": 9374500000, "operatingIncome": 6100000, "totalOtherIncomeExpenseNet": 429800000, "ebit": 6100000, "interestExpense": -250300000, "incomeBeforeTax": 435900000, "incomeTaxExpense": 34600000, "minorityInterest": {}, "netIncomeFromContinuingOps": 401300000, "discontinuedOperations": {}, "extraordinaryItems": {}, "effectOfAccountingCharges": {}, "otherItems": {}, "netIncome": 401300000, "netIncomeApplicableToCommonShares": 401300000}, {"maxAge": 1, "endDate": "2019-12-31", "totalRevenue": 11355900000, "costOfRevenue": 5187300000, "grossProfit": 6168600000, "researchDevelopment": {}, "sellingGeneralAdministrative": 1467800000, "nonRecurring": {}, "otherOperatingExpenses": 2791900000, "totalOperatingExpenses": 10269200000, "operatingIncome": 1086700000, "totalOtherIncomeExpenseNet": -662200000, "ebit": 1086700000, "interestExpense": -235200000, "incomeBeforeTax": 424500000, "incomeTaxExpense": 51200000, "minorityInterest": {}, "netIncomeFromContinuingOps": 373300000, "discontinuedOperations": {}, "extraordinaryItems": {}, "effectOfAccountingCharges": {}, "otherItems": {}, "netIncome": 373300000, "netIncomeApplicableToCommonShares": 373300000}], "maxAge": 86400}, "cashflowStatementHistoryQuarterly": {"cashflowStatements": [{"maxAge": 1, "endDate": "2020-09-30", "netIncome": 1056900000, "changeToLiabilities": 0}, {"maxAge": 1, "endDate": "2020-06-30", "netIncome": 101100000, "changeToLiabilities": 0}, {"maxAge": 1, "endDate": "2020-03-31", "netIncome": 401300000, "changeToLiabilities": 0}, {"maxAge": 1, "endDate": "2019-12-31", "netIncome": 373300000, "changeToLiabilities": 0}], "maxAge": 86400}, "insiderHolders": {"holders": [{"maxAge": 1, "name": "Gupta (Rajinder)", "relation": "Promoter", "url": "", "transactionDescription": "Other", "latestTransDate": "2019-01-30", "positionDirect": 1115596, "positionDirectDate": "2019-01-30"}, {"maxAge": 1, "name": "Lotus Global Foundation", "relation": "Promoter", "url": "", "transactionDescription": "Acquisition", "latestTransDate": "2018-09-28", "positionDirect": 816600, "positionDirectDate": "2018-09-28"}, {"maxAge": 1, "name": "Madhuraj Foundation", "relation": "Promoter", "url": "", "transactionDescription": "Acquisition", "latestTransDate": "2019-06-11", "positionDirect": 145963701, "positionDirectDate": "2019-06-11"}, {"maxAge": 1, "name": "Trident Capital Ltd.", "relation": "Promoter", "url": "", "transactionDescription": "Other", "latestTransDate": "2019-08-21", "positionDirect": 18200064, "positionDirectDate": "2019-08-21"}, {"maxAge": 1, "name": "Trident Co., Ltd.", "relation": "Institution- Corporation", "url": "", "transactionDescription": "Acquisition", "latestTransDate": "2018-06-26", "positionDirect": 1533997, "positionDirectDate": "2018-06-26"}, {"maxAge": 1, "name": "Trident Group", "relation": "Promoter", "url": "", "transactionDescription": "Other", "latestTransDate": "2019-08-21", "positionDirect": 162391616, "positionDirectDate": "2019-08-21"}], "maxAge": 1}, "earnings": {"maxAge": 86400, "earningsChart": {"quarterly": [{"date": "4Q2017", "actual": 1.41, "estimate": 1.45}, {"date": "1Q2018", "actual": 1.0, "estimate": 1.68}, {"date": "2Q2018", "actual": 1.16, "estimate": 1.4}, {"date": "3Q2018", "actual": 2.14, "estimate": 1.4}], "currentQuarterEstimateDate": "4Q", "currentQuarterEstimateYear": 2018, "earningsDate": ["2020-10-15 05:30:S"]}, "financialsChart": {"yearly": [{"date": 2017, "revenue": 46276900000, "earnings": 3372200000}, {"date": 2018, "revenue": 45697500000, "earnings": 2661500000}, {"date": 2019, "revenue": 52486000000, "earnings": 3717700000}, {"date": 2020, "revenue": 47276700000, "earnings": 3397000000}], "quarterly": [{"date": "4Q2019", "revenue": 11355900000, "earnings": 373300000}, {"date": "1Q2020", "revenue": 9380600000, "earnings": 401300000}, {"date": "2Q2020", "revenue": 7085400000, "earnings": 101100000}, {"date": "3Q2020", "revenue": 11739800000, "earnings": 1056900000}]}, "financialCurrency": "INR"}, "calendarEvents": {"maxAge": 1, "earnings": {"earningsDate": ["2020-10-15 05:30:S"], "revenueAverage": 12205000000, "revenueLow": 12205000000, "revenueHigh": 12205000000}}, "upgradeDowngradeHistory": {"history": [], "maxAge": 86400}, "price": {"maxAge": 1, "regularMarketChangePercent": -0.0021707478, "regularMarketChange": -0.029999733, "regularMarketTime": "2021-04-30 15:56:03", "priceHint": 2, "regularMarketPrice": 13.79, "regularMarketDayHigh": 13.95, "regularMarketDayLow": 13.55, "regularMarketVolume": 2194780, "averageDailyVolume10Day": 3548976, "averageDailyVolume3Month": 5025385, "regularMarketPreviousClose": 13.82, "regularMarketSource": "FREE_REALTIME", "regularMarketOpen": 13.65, "exchange": "BSE", "exchangeName": "BSE", "exchangeDataDelayedBy": 0, "marketState": "CLOSED", "quoteType": "EQUITY", "symbol": "TRIDENT.BO", "underlyingSymbol": null, "shortName": "TRIDENT LTD.", "longName": "Trident Limited", "currency": "INR", "quoteSourceName": "Delayed Quote", "currencySymbol": "\u20b9", "fromCurrency": null, "lastMarket": null, "marketCap": 7027329024}, "balanceSheetHistory": {"balanceSheetStatements": [{"maxAge": 1, "endDate": "2020-03-31", "cash": 3188500000, "shortTermInvestments": 37000000, "netReceivables": 3765000000, "inventory": 9164100000, "otherCurrentAssets": 1211800000, "totalCurrentAssets": 17519300000, "longTermInvestments": 1276400000, "propertyPlantEquipment": 37841600000, "intangibleAssets": 425400000, "otherAssets": 702100000, "totalAssets": 57764800000, "accountsPayable": 2022700000, "shortLongTermDebt": 3618700000, "otherCurrentLiab": 1653300000, "longTermDebt": 6890700000, "otherLiab": 3366100000, "totalCurrentLiabilities": 16970100000, "totalLiab": 27550800000, "commonStock": 4979400000, "retainedEarnings": 12998700000, "treasuryStock": 8902200000, "capitalSurplus": 3333700000, "otherStockholderEquity": 8902200000, "totalStockholderEquity": 30214000000, "netTangibleAssets": 29788600000}, {"maxAge": 1, "endDate": "2019-03-31", "cash": 100800000, "shortTermInvestments": 55700000, "netReceivables": 7812000000, "inventory": 10120600000, "otherCurrentAssets": 1495000000, "totalCurrentAssets": 20369000000, "longTermInvestments": 1313000000, "propertyPlantEquipment": 38047500000, "intangibleAssets": 435900000, "otherAssets": 1395200000, "totalAssets": 61560600000, "accountsPayable": 1865700000, "shortLongTermDebt": 3401700000, "otherCurrentLiab": 752000000, "longTermDebt": 9536200000, "otherLiab": 4078600000, "totalCurrentLiabilities": 18215600000, "totalLiab": 31830400000, "commonStock": 4981400000, "retainedEarnings": 12115900000, "treasuryStock": 9299200000, "capitalSurplus": 3333700000, "otherStockholderEquity": 9299200000, "totalStockholderEquity": 29730200000, "netTangibleAssets": 29294300000}, {"maxAge": 1, "endDate": "2018-03-31", "cash": 480500000, "shortTermInvestments": 57700000, "netReceivables": 6041300000, "inventory": 9226200000, "otherCurrentAssets": 2267000000, "totalCurrentAssets": 18305400000, "longTermInvestments": 1042500000, "propertyPlantEquipment": 40283300000, "intangibleAssets": 504100000, "otherAssets": 1496400000, "totalAssets": 61631700000, "accountsPayable": 1690300000, "shortLongTermDebt": 2785900000, "otherCurrentLiab": 647500000, "longTermDebt": 14107800000, "otherLiab": 3400700000, "totalCurrentLiabilities": 16861000000, "totalLiab": 34369500000, "commonStock": 4978300000, "retainedEarnings": 9975400000, "treasuryStock": 8974800000, "capitalSurplus": 3333700000, "otherStockholderEquity": 8974800000, "totalStockholderEquity": 27262200000, "netTangibleAssets": 26758100000}, {"maxAge": 1, "endDate": "2017-03-31", "cash": 278000000, "shortTermInvestments": 510100000, "netReceivables": 4927200000, "inventory": 7747200000, "otherCurrentAssets": 1429900000, "totalCurrentAssets": 15070800000, "longTermInvestments": 1005000000, "propertyPlantEquipment": 44178200000, "intangibleAssets": 501400000, "otherAssets": 1084700000, "totalAssets": 61840100000, "accountsPayable": 1730200000, "shortLongTermDebt": 3013200000, "otherCurrentLiab": 813900000, "longTermDebt": 17442400000, "otherLiab": 2462500000, "totalCurrentLiabilities": 14366700000, "totalLiab": 34271600000, "commonStock": 4978800000, "retainedEarnings": 9635900000, "treasuryStock": 9620100000, "capitalSurplus": 3333700000, "otherStockholderEquity": 9620100000, "totalStockholderEquity": 27568500000, "netTangibleAssets": 27067100000}], "maxAge": 86400}, "earningsTrend": {"trend": [{"maxAge": 1, "period": "0q", "endDate": "2018-12-31", "growth": {}, "earningsEstimate": {"avg": 0.0, "low": 0.0, "high": 0.0, "yearAgoEps": 1.41, "numberOfAnalysts": 0, "growth": {}}, "revenueEstimate": {"avg": 12205000000, "low": 12205000000, "high": 12205000000, "numberOfAnalysts": 1, "yearAgoRevenue": 11371700000, "growth": 0.073}, "epsTrend": {"current": 0.0, "7daysAgo": 0.0, "30daysAgo": 0.0, "60daysAgo": 0.0, "90daysAgo": 0.0}, "epsRevisions": {"upLast7days": 0, "upLast30days": 0, "downLast30days": 0, "downLast90days": {}}}, {"maxAge": 1, "period": "+1q", "endDate": "2019-03-31", "growth": {}, "earningsEstimate": {"avg": 0.0, "low": 0.0, "high": 0.0, "yearAgoEps": 1.0, "numberOfAnalysts": 0, "growth": {}}, "revenueEstimate": {"avg": 13237000000, "low": 13237000000, "high": 13237000000, "numberOfAnalysts": 1, "yearAgoRevenue": 11850100000, "growth": 0.117}, "epsTrend": {"current": 0.0, "7daysAgo": 0.0, "30daysAgo": 0.0, "60daysAgo": 0.0, "90daysAgo": 0.0}, "epsRevisions": {"upLast7days": 0, "upLast30days": 0, "downLast30days": 0, "downLast90days": {}}}, {"maxAge": 1, "period": "0y", "endDate": "2019-03-31", "growth": {}, "earningsEstimate": {"avg": 0.0, "low": 0.0, "high": 0.0, "yearAgoEps": {}, "numberOfAnalysts": 0, "growth": {}}, "revenueEstimate": {"avg": 49487500000, "low": 48875000000, "high": 50100000000, "numberOfAnalysts": 2, "yearAgoRevenue": 45640800000, "growth": 0.084}, "epsTrend": {"current": 0.0, "7daysAgo": 7.8, "30daysAgo": 7.8, "60daysAgo": 7.8, "90daysAgo": 7.8}, "epsRevisions": {"upLast7days": 0, "upLast30days": 0, "downLast30days": 0, "downLast90days": {}}}, {"maxAge": 1, "period": "+1y", "endDate": "2020-03-31", "growth": {}, "earningsEstimate": {"avg": 0.0, "low": 0.0, "high": 0.0, "yearAgoEps": {}, "numberOfAnalysts": 0, "growth": {}}, "revenueEstimate": {"avg": 52600000000, "low": 52600000000, "high": 52600000000, "numberOfAnalysts": 1, "yearAgoRevenue": 49487500000, "growth": 0.063}, "epsTrend": {"current": 0.0, "7daysAgo": 9.0, "30daysAgo": 9.0, "60daysAgo": 9.0, "90daysAgo": 9.0}, "epsRevisions": {"upLast7days": 0, "upLast30days": 0, "downLast30days": 0, "downLast90days": {}}}, {"maxAge": 1, "period": "+5y", "endDate": null, "growth": {}, "earningsEstimate": {"avg": {}, "low": {}, "high": {}, "yearAgoEps": {}, "numberOfAnalysts": {}, "growth": {}}, "revenueEstimate": {"avg": {}, "low": {}, "high": {}, "numberOfAnalysts": {}, "yearAgoRevenue": {}, "growth": {}}, "epsTrend": {"current": {}, "7daysAgo": {}, "30daysAgo": {}, "60daysAgo": {}, "90daysAgo": {}}, "epsRevisions": {"upLast7days": {}, "upLast30days": {}, "downLast30days": {}, "downLast90days": {}}}, {"maxAge": 1, "period": "-5y", "endDate": null, "growth": {}, "earningsEstimate": {"avg": {}, "low": {}, "high": {}, "yearAgoEps": {}, "numberOfAnalysts": {}, "growth": {}}, "revenueEstimate": {"avg": {}, "low": {}, "high": {}, "numberOfAnalysts": {}, "yearAgoRevenue": {}, "growth": {}}, "epsTrend": {"current": {}, "7daysAgo": {}, "30daysAgo": {}, "60daysAgo": {}, "90daysAgo": {}}, "epsRevisions": {"upLast7days": {}, "upLast30days": {}, "downLast30days": {}, "downLast90days": {}}}], "maxAge": 1}, "financialData": {"maxAge": 86400, "currentPrice": 13.79, "targetHighPrice": 85.0, "targetLowPrice": 67.0, "targetMeanPrice": 79.0, "targetMedianPrice": 82.0, "recommendationKey": "none", "numberOfAnalystOpinions": 4, "grossProfits": 25538000000, "financialCurrency": "INR"}}}