{"TRIGYN.NS": {"assetProfile": {"address1": "Unit 27 SDF-I", "address2": "SEEPZ-SEZ Andheri (East)", "city": "Mumbai", "zip": "400096", "country": "India", "phone": "91 22 6140 0909", "fax": "91 22 2829 1418", "website": "http://www.trigyn.com", "industry": "Information Technology Services", "sector": "Technology", "longBusinessSummary": "Trigyn Technologies Limited provides communications and information technology staffing support services in India and internationally. The company offers system integration services covering custom application development and maintenance, enterprise content management, legacy modernization/application reengineering, mobile application development and enablement, business intelligence and reporting, user experience consulting/design, independent testing, business process outsourcing, and 24X7 helpdesk and support. It also provides managed services consisting of project management and business analysis, helpdesk and network support, network and infrastructure design, ERP technical and functional, and UX/UI and usability, as well as architecture, design, development, and quality assurance. In addition, the company offers development and maintenance, SAP, and IT solutions. It serves international organizations, non-governmental organizations, and state and local governments, as well as the commercial sector comprising financial services, pharmaceutical, manufacturing, and distribution. The company was formerly known as Leading Edge Systems Ltd and changed its name to Trigyn Technologies Limited in July 2000. Trigyn Technologies Limited was incorporated in 1986 and is headquartered in Mumbai, India.", "fullTimeEmployees": 440, "companyOfficers": [{"maxAge": 1, "name": "Mr. Dilip  Hanumara", "age": 43, "title": "CEO & Director", "yearBorn": 1977, "fiscalYear": 2020, "totalPay": 0, "exercisedValue": 0, "unexercisedValue": 0}, {"maxAge": 1, "name": "Mr. Amin Abdul Bhojani", "title": "Chief Financial Officer", "fiscalYear": 2020, "totalPay": 3968000, "exercisedValue": 0, "unexercisedValue": 0}, {"maxAge": 1, "name": "Mr. Mukesh  Tank", "title": "VP, Compliance Officer, Company Sec. & Head of Legal", "fiscalYear": 2020, "totalPay": 2478000, "exercisedValue": 0, "unexercisedValue": 0}, {"maxAge": 1, "name": "Ms. P. Bhavana Rao", "age": 37, "title": "Exec. Director", "yearBorn": 1983, "exercisedValue": 0, "unexercisedValue": 0}, {"maxAge": 1, "name": "Mr. Homiyar Minoo Panday", "title": "Pres of US Operations", "exercisedValue": 0, "unexercisedValue": 0}, {"maxAge": 1, "name": "Mr. Ramkrishna B. Bhagwat", "age": 66, "title": "Co-Founder", "yearBorn": 1954, "fiscalYear": 2006, "exercisedValue": 0, "unexercisedValue": 0}, {"maxAge": 1, "name": "Mr. Rajesh  Thakker", "title": "Head of India Bus. Unit", "exercisedValue": 0, "unexercisedValue": 0}, {"maxAge": 1, "name": "Mr. Thomas A. Gordon", "title": "Sr. VP of Trigyn Technologies Inc", "exercisedValue": 0, "unexercisedValue": 0}], "compensationAsOfEpochDate": "2020-12-31 05:30:00", "maxAge": 86400}, "recommendationTrend": {"trend": [{"period": "0m", "strongBuy": 0, "buy": 0, "hold": 0, "sell": 0, "strongSell": 0}, {"period": "-1m", "strongBuy": 0, "buy": 1, "hold": 0, "sell": 0, "strongSell": 0}, {"period": "-2m", "strongBuy": 0, "buy": 1, "hold": 0, "sell": 0, "strongSell": 0}, {"period": "-3m", "strongBuy": 0, "buy": 1, "hold": 0, "sell": 0, "strongSell": 0}], "maxAge": 86400}, "cashflowStatementHistory": {"cashflowStatements": [{"maxAge": 1, "endDate": "2020-03-31", "netIncome": 501036000, "depreciation": 20534000, "changeToNetincome": 95307000, "changeToAccountReceivables": -728090000, "changeToLiabilities": 63245000, "changeToInventory": -31816000, "changeToOperatingActivities": 69101000, "totalCashFromOperatingActivities": -10344000, "capitalExpenditures": -138284000, "otherCashflowsFromInvestingActivities": 29372000, "totalCashflowsFromInvestingActivities": -108912000, "dividendsPaid": -23089000, "netBorrowings": -4875000, "otherCashflowsFromFinancingActivities": -22162000, "totalCashFromFinancingActivities": -50063000, "effectOfExchangeRate": 231807000, "changeInCash": 62488000, "issuanceOfStock": 63000}, {"maxAge": 1, "endDate": "2019-03-31", "netIncome": 484527000, "depreciation": 11570000, "changeToNetincome": 165995000, "changeToAccountReceivables": -495602000, "changeToLiabilities": 64752000, "changeToInventory": 84948000, "changeToOperatingActivities": -493428000, "totalCashFromOperatingActivities": -176617000, "capitalExpenditures": -4302000, "otherCashflowsFromInvestingActivities": -24838000, "totalCashflowsFromInvestingActivities": -29140000, "dividendsPaid": -23089000, "netBorrowings": 73977000, "otherCashflowsFromFinancingActivities": -10869000, "totalCashFromFinancingActivities": 71883000, "effectOfExchangeRate": 137395000, "changeInCash": 3522000, "issuanceOfStock": 8775000}, {"maxAge": 1, "endDate": "2018-03-31", "netIncome": 394697000, "depreciation": 10193000, "changeToNetincome": 6267000, "changeToAccountReceivables": 42528000, "changeToLiabilities": -33048000, "changeToInventory": -99130000, "changeToOperatingActivities": -168696000, "totalCashFromOperatingActivities": 153440000, "capitalExpenditures": -28156000, "otherCashflowsFromInvestingActivities": 9298000, "totalCashflowsFromInvestingActivities": -18858000, "dividendsPaid": -23089000, "netBorrowings": 426000, "otherCashflowsFromFinancingActivities": -7969000, "totalCashFromFinancingActivities": -5918000, "effectOfExchangeRate": 5112000, "changeInCash": 133776000, "issuanceOfStock": 1625000}, {"maxAge": 1, "endDate": "2017-03-31", "netIncome": 390363000, "depreciation": 6464000, "changeToNetincome": 17477000, "changeToAccountReceivables": 204965000, "changeToLiabilities": -21734000, "changeToInventory": -99130000, "changeToOperatingActivities": -136190000, "totalCashFromOperatingActivities": 461707000, "capitalExpenditures": -14255000, "otherCashflowsFromInvestingActivities": 26173000, "totalCashflowsFromInvestingActivities": 10558000, "dividendsPaid": -23089000, "netBorrowings": 426000, "otherCashflowsFromFinancingActivities": -9196000, "totalCashFromFinancingActivities": -6258000, "effectOfExchangeRate": -39456000, "changeInCash": 426551000, "issuanceOfStock": 2938000}], "maxAge": 86400}, "indexTrend": {"maxAge": 1, "symbol": "SP5", "peRatio": 19.7411, "pegRatio": 1.34172, "estimates": [{"period": "0q", "growth": 0.549}, {"period": "+1q", "growth": 0.431}, {"period": "0y", "growth": 0.305}, {"period": "+1y", "growth": 0.109}, {"period": "+5y", "growth": 0.120865}, {"period": "-5y"}]}, "defaultKeyStatistics": {"maxAge": 1, "priceHint": 2, "enterpriseValue": 948574592, "profitMargins": 0.05506, "floatShares": 13405290, "sharesOutstanding": 30785700, "heldPercentInsiders": 0.54945, "heldPercentInstitutions": 0.0, "beta": 1.277295, "category": null, "bookValue": 173.17, "priceToBook": 0.47294566, "fundFamily": null, "legalType": null, "lastFiscalYearEnd": "2020-03-31 05:30:00", "nextFiscalYearEnd": "2022-03-31 05:30:00", "mostRecentQuarter": "2020-12-31 05:30:00", "earningsQuarterlyGrowth": -0.182, "netIncomeToCommon": 530060992, "trailingEps": 17.163, "forwardEps": 18.8, "lastSplitFactor": null, "enterpriseToRevenue": 0.099, "enterpriseToEbitda": 1.166}, "industryTrend": {"maxAge": 1, "symbol": null, "estimates": []}, "quoteType": {"exchange": "NSI", "quoteType": "EQUITY", "symbol": "TRIGYN.NS", "underlyingSymbol": "TRIGYN.NS", "shortName": "TRIGYN TECHNOLOGIE", "longName": "Trigyn Technologies Limited", "firstTradeDateEpochUtc": "2002-07-01 09:15:00", "timeZoneFullName": "Asia/Kolkata", "timeZoneShortName": "IST", "uuid": "4172bf7e-4bc5-3880-806a-e386320d3b96", "gmtOffSetMilliseconds": 19800000, "maxAge": 1}, "incomeStatementHistory": {"incomeStatementHistory": [{"maxAge": 1, "endDate": "2020-03-31", "totalRevenue": 9105457000, "costOfRevenue": 6123815000, "grossProfit": 2981642000, "researchDevelopment": {}, "sellingGeneralAdministrative": 13136000, "nonRecurring": {}, "otherOperatingExpenses": 2197526000, "totalOperatingExpenses": 8355350000, "operatingIncome": 750107000, "totalOtherIncomeExpenseNet": 26871000, "ebit": 750107000, "interestExpense": -13444000, "incomeBeforeTax": 776978000, "incomeTaxExpense": 275942000, "minorityInterest": {}, "netIncomeFromContinuingOps": 501036000, "discontinuedOperations": {}, "extraordinaryItems": {}, "effectOfAccountingCharges": {}, "otherItems": {}, "netIncome": 501036000, "netIncomeApplicableToCommonShares": 501036000}, {"maxAge": 1, "endDate": "2019-03-31", "totalRevenue": 8946456000, "costOfRevenue": 6104461000, "grossProfit": 2841995000, "researchDevelopment": {}, "sellingGeneralAdministrative": 18584000, "nonRecurring": {}, "otherOperatingExpenses": 1978942000, "totalOperatingExpenses": 8114178000, "operatingIncome": 832278000, "totalOtherIncomeExpenseNet": -48043000, "ebit": 832278000, "interestExpense": -198000, "incomeBeforeTax": 784235000, "incomeTaxExpense": 299708000, "minorityInterest": {}, "netIncomeFromContinuingOps": 484527000, "discontinuedOperations": {}, "extraordinaryItems": {}, "effectOfAccountingCharges": {}, "otherItems": {}, "netIncome": 484527000, "netIncomeApplicableToCommonShares": 484527000}, {"maxAge": 1, "endDate": "2018-03-31", "totalRevenue": 6845134000, "costOfRevenue": 4795818000, "grossProfit": 2049316000, "researchDevelopment": {}, "sellingGeneralAdministrative": 20789000, "nonRecurring": {}, "otherOperatingExpenses": 1417353000, "totalOperatingExpenses": 6244782000, "operatingIncome": 600352000, "totalOtherIncomeExpenseNet": -1825000, "ebit": 600352000, "interestExpense": -50000, "incomeBeforeTax": 598527000, "incomeTaxExpense": 203830000, "minorityInterest": {}, "netIncomeFromContinuingOps": 394697000, "discontinuedOperations": {}, "extraordinaryItems": {}, "effectOfAccountingCharges": {}, "otherItems": {}, "netIncome": 394697000, "netIncomeApplicableToCommonShares": 394697000}, {"maxAge": 1, "endDate": "2017-03-31", "totalRevenue": 6791529000, "costOfRevenue": 4690475000, "grossProfit": 2101054000, "researchDevelopment": {}, "sellingGeneralAdministrative": 21654000, "nonRecurring": {}, "otherOperatingExpenses": 1407547000, "totalOperatingExpenses": 6126502000, "operatingIncome": 665027000, "totalOtherIncomeExpenseNet": -2271000, "ebit": 665027000, "interestExpense": -728000, "incomeBeforeTax": 662756000, "incomeTaxExpense": 272393000, "minorityInterest": {}, "netIncomeFromContinuingOps": 390363000, "discontinuedOperations": {}, "extraordinaryItems": {}, "effectOfAccountingCharges": {}, "otherItems": {}, "netIncome": 390363000, "netIncomeApplicableToCommonShares": 390363000}], "maxAge": 86400}, "fundOwnership": {"ownershipList": [], "maxAge": 1}, "summaryDetail": {"maxAge": 1, "priceHint": 2, "previousClose": 78.45, "open": 77.0, "dayLow": 76.8, "dayHigh": 86.3, "regularMarketPreviousClose": 78.45, "regularMarketOpen": 77.0, "regularMarketDayLow": 76.8, "regularMarketDayHigh": 86.3, "dividendRate": 0.25, "dividendYield": 0.0033000002, "exDividendDate": "2020-09-17 05:30:00", "payoutRatio": 0.0146, "beta": 1.277295, "trailingPE": 4.771893, "forwardPE": 4.3563833, "volume": 579522, "regularMarketVolume": 579522, "averageVolume": 89586, "averageVolume10days": 38071, "averageDailyVolume10Day": 38071, "bid": 0.0, "ask": 0.0, "bidSize": 0, "askSize": 0, "marketCap": 2514927872, "fiftyTwoWeekLow": 22.25, "fiftyTwoWeekHigh": 92.95, "priceToSalesTrailing12Months": 0.2612357, "fiftyDayAverage": 69.11471, "twoHundredDayAverage": 65.260635, "trailingAnnualDividendRate": 0.25, "trailingAnnualDividendYield": 0.0031867432, "currency": "INR", "fromCurrency": null, "lastMarket": null, "algorithm": null, "tradeable": false}, "insiderHolders": {"holders": [{"maxAge": 1, "name": "Bhojani (Amin A)", "relation": "UNREPORTED", "url": "", "transactionDescription": "Other", "latestTransDate": "2019-06-10", "positionIndirectDate": 1560124800}, {"maxAge": 1, "name": "Ganapathi (R)", "relation": "Executive Chairman", "url": "", "transactionDescription": "Sale", "latestTransDate": "2019-01-24", "positionDirect": 148425, "positionDirectDate": "2019-01-24"}, {"maxAge": 1, "name": "Gordon (Thomas A)", "relation": "Senior Vice President", "url": "", "transactionDescription": "Acquisition", "latestTransDate": "2010-02-09", "positionDirect": 150000, "positionDirectDate": "2010-02-09"}, {"maxAge": 1, "name": "Panday (Homiyar)", "relation": "UNREPORTED", "url": "", "transactionDescription": "Other", "latestTransDate": "2018-12-15", "positionDirect": 950666, "positionDirectDate": "2018-12-15"}, {"maxAge": 1, "name": "United Telecoms Ltd", "relation": "Institution- Corporation", "url": "", "transactionDescription": "Acquisition", "latestTransDate": "2011-03-30", "positionDirect": 12714020, "positionDirectDate": "2011-03-30"}], "maxAge": 1}, "calendarEvents": {"maxAge": 1, "earnings": {"earningsDate": []}, "exDividendDate": "2020-09-17 05:30:00"}, "upgradeDowngradeHistory": {"history": [], "maxAge": 86400}, "price": {"maxAge": 1, "regularMarketChangePercent": 0.04397712, "regularMarketChange": 3.4500046, "regularMarketTime": "2021-04-30 15:29:58", "priceHint": 2, "regularMarketPrice": 81.9, "regularMarketDayHigh": 86.3, "regularMarketDayLow": 76.8, "regularMarketVolume": 579522, "averageDailyVolume10Day": 38071, "averageDailyVolume3Month": 89586, "regularMarketPreviousClose": 78.45, "regularMarketSource": "FREE_REALTIME", "regularMarketOpen": 77.0, "exchange": "NSI", "exchangeName": "NSE", "exchangeDataDelayedBy": 15, "marketState": "CLOSED", "quoteType": "EQUITY", "symbol": "TRIGYN.NS", "underlyingSymbol": null, "shortName": "TRIGYN TECHNOLOGIE", "longName": "Trigyn Technologies Limited", "currency": "INR", "quoteSourceName": "Delayed Quote", "currencySymbol": "\u20b9", "fromCurrency": null, "lastMarket": null, "marketCap": 2514927872}, "balanceSheetHistory": {"balanceSheetStatements": [{"maxAge": 1, "endDate": "2020-03-31", "cash": 1296031000, "netReceivables": 2622682000, "inventory": 45997000, "otherCurrentAssets": 129772000, "totalCurrentAssets": 4100689000, "longTermInvestments": 747963000, "propertyPlantEquipment": 52794000, "goodWill": 867433000, "intangibleAssets": 89184000, "otherAssets": 320747000, "deferredLongTermAssetCharges": 18407000, "totalAssets": 6178810000, "accountsPayable": 719268000, "shortLongTermDebt": 46291000, "otherCurrentLiab": 99106000, "longTermDebt": 44421000, "otherLiab": 39161000, "totalCurrentLiabilities": 1044723000, "totalLiab": 1143617000, "commonStock": 307857000, "retainedEarnings": 2663255000, "treasuryStock": 670310000, "capitalSurplus": 1393771000, "otherStockholderEquity": 670310000, "totalStockholderEquity": 5035193000, "netTangibleAssets": 4078576000}, {"maxAge": 1, "endDate": "2019-03-31", "cash": 1233542000, "netReceivables": 2327502000, "inventory": 14181000, "otherCurrentAssets": 136206000, "totalCurrentAssets": 3718807000, "longTermInvestments": 489183000, "propertyPlantEquipment": 27393000, "goodWill": 867433000, "intangibleAssets": 340000, "otherAssets": 307164000, "deferredLongTermAssetCharges": 19570000, "totalAssets": 5410320000, "accountsPayable": 652570000, "shortLongTermDebt": 35604000, "otherCurrentLiab": 79967000, "longTermDebt": 76595000, "otherLiab": 32537000, "totalCurrentLiabilities": 965936000, "totalLiab": 1075847000, "commonStock": 307795000, "retainedEarnings": 2193287000, "treasuryStock": 439722000, "capitalSurplus": 1393669000, "otherStockholderEquity": 439722000, "totalStockholderEquity": 4334473000, "netTangibleAssets": 3466700000}, {"maxAge": 1, "endDate": "2018-03-31", "cash": 1230021000, "netReceivables": 1410776000, "inventory": 99130000, "otherCurrentAssets": 140353000, "totalCurrentAssets": 2886157000, "longTermInvestments": 161584000, "propertyPlantEquipment": 34689000, "goodWill": 867433000, "intangibleAssets": 961000, "otherAssets": 511979000, "deferredLongTermAssetCharges": 15123000, "totalAssets": 4462803000, "accountsPayable": 526158000, "otherCurrentLiab": 15734000, "otherLiab": 28575000, "totalCurrentLiabilities": 726468000, "totalLiab": 758439000, "commonStock": 299020000, "retainedEarnings": 1709130000, "treasuryStock": 352842000, "capitalSurplus": 1343372000, "otherStockholderEquity": 352842000, "totalStockholderEquity": 3704364000, "netTangibleAssets": 2835970000}, {"maxAge": 1, "endDate": "2017-03-31", "cash": 1096245000, "netReceivables": 1290487000, "otherCurrentAssets": 44418000, "totalCurrentAssets": 2431150000, "longTermInvestments": 132701000, "propertyPlantEquipment": 16819000, "goodWill": 867433000, "intangibleAssets": 1498000, "otherAssets": 402076000, "deferredLongTermAssetCharges": 13637000, "totalAssets": 3851677000, "accountsPayable": 367670000, "otherCurrentLiab": 18508000, "otherLiab": 26727000, "totalCurrentLiabilities": 551157000, "totalLiab": 580854000, "commonStock": 297395000, "retainedEarnings": -3971427000, "treasuryStock": 328129000, "capitalSurplus": 6616726000, "otherStockholderEquity": 328129000, "totalStockholderEquity": 3270823000, "netTangibleAssets": 2401892000}], "maxAge": 86400}, "earningsTrend": {"trend": [{"maxAge": 1, "period": "0q", "endDate": null, "growth": {}, "earningsEstimate": {"avg": 0.0, "low": 0.0, "high": 0.0, "yearAgoEps": {}, "numberOfAnalysts": 0, "growth": {}}, "revenueEstimate": {"avg": 0, "low": 0, "high": 0, "numberOfAnalysts": 0, "yearAgoRevenue": {}, "growth": {}}, "epsTrend": {"current": 0.0, "7daysAgo": 0.0, "30daysAgo": 0.0, "60daysAgo": 0.0, "90daysAgo": 0.0}, "epsRevisions": {"upLast7days": 0, "upLast30days": 0, "downLast30days": 0, "downLast90days": {}}}, {"maxAge": 1, "period": "+1q", "endDate": null, "growth": {}, "earningsEstimate": {"avg": 0.0, "low": 0.0, "high": 0.0, "yearAgoEps": {}, "numberOfAnalysts": 0, "growth": {}}, "revenueEstimate": {"avg": 0, "low": 0, "high": 0, "numberOfAnalysts": 0, "yearAgoRevenue": {}, "growth": {}}, "epsTrend": {"current": 0.0, "7daysAgo": 0.0, "30daysAgo": 0.0, "60daysAgo": 0.0, "90daysAgo": 0.0}, "epsRevisions": {"upLast7days": 0, "upLast30days": 0, "downLast30days": 0, "downLast90days": {}}}, {"maxAge": 1, "period": "0y", "endDate": null, "growth": {}, "earningsEstimate": {"avg": 0.0, "low": 0.0, "high": 0.0, "yearAgoEps": {}, "numberOfAnalysts": 0, "growth": {}}, "revenueEstimate": {"avg": 0, "low": 0, "high": 0, "numberOfAnalysts": 0, "yearAgoRevenue": {}, "growth": {}}, "epsTrend": {"current": 0.0, "7daysAgo": 0.0, "30daysAgo": 0.0, "60daysAgo": 0.0, "90daysAgo": 0.0}, "epsRevisions": {"upLast7days": 0, "upLast30days": 0, "downLast30days": 0, "downLast90days": {}}}, {"maxAge": 1, "period": "+1y", "endDate": null, "growth": {}, "earningsEstimate": {"avg": 0.0, "low": 0.0, "high": 0.0, "yearAgoEps": {}, "numberOfAnalysts": 0, "growth": {}}, "revenueEstimate": {"avg": 0, "low": 0, "high": 0, "numberOfAnalysts": 0, "yearAgoRevenue": {}, "growth": {}}, "epsTrend": {"current": 0.0, "7daysAgo": 0.0, "30daysAgo": 0.0, "60daysAgo": 0.0, "90daysAgo": 0.0}, "epsRevisions": {"upLast7days": 0, "upLast30days": 0, "downLast30days": 0, "downLast90days": {}}}, {"maxAge": 1, "period": "+5y", "endDate": null, "growth": {}, "earningsEstimate": {"avg": {}, "low": {}, "high": {}, "yearAgoEps": {}, "numberOfAnalysts": {}, "growth": {}}, "revenueEstimate": {"avg": {}, "low": {}, "high": {}, "numberOfAnalysts": {}, "yearAgoRevenue": {}, "growth": {}}, "epsTrend": {"current": {}, "7daysAgo": {}, "30daysAgo": {}, "60daysAgo": {}, "90daysAgo": {}}, "epsRevisions": {"upLast7days": {}, "upLast30days": {}, "downLast30days": {}, "downLast90days": {}}}, {"maxAge": 1, "period": "-5y", "endDate": null, "growth": 0.25482, "earningsEstimate": {"avg": {}, "low": {}, "high": {}, "yearAgoEps": {}, "numberOfAnalysts": {}, "growth": {}}, "revenueEstimate": {"avg": {}, "low": {}, "high": {}, "numberOfAnalysts": {}, "yearAgoRevenue": {}, "growth": {}}, "epsTrend": {"current": {}, "7daysAgo": {}, "30daysAgo": {}, "60daysAgo": {}, "90daysAgo": {}}, "epsRevisions": {"upLast7days": {}, "upLast30days": {}, "downLast30days": {}, "downLast90days": {}}}], "maxAge": 1}, "institutionOwnership": {"ownershipList": [], "maxAge": 1}, "majorHoldersBreakdown": {"maxAge": 1, "insidersPercentHeld": 0.54945, "institutionsPercentHeld": 0.0, "institutionsFloatPercentHeld": 0.0, "institutionsCount": 0}, "balanceSheetHistoryQuarterly": {"balanceSheetStatements": [{"maxAge": 1, "endDate": "2020-12-31", "totalStockholderEquity": 5327703000, "netTangibleAssets": 4375583000}, {"maxAge": 1, "endDate": "2020-09-30", "cash": 1589902000, "netReceivables": 2626628000, "inventory": 42160000, "otherCurrentAssets": 101071000, "totalCurrentAssets": 4359761000, "longTermInvestments": 982780000, "propertyPlantEquipment": 58958000, "goodWill": 867433000, "intangibleAssets": 84687000, "otherAssets": 77380000, "deferredLongTermAssetCharges": 17193000, "totalAssets": 6430999000, "accountsPayable": 660964000, "shortLongTermDebt": 33375000, "otherCurrentLiab": 214240000, "longTermDebt": 68285000, "otherLiab": 43196000, "totalCurrentLiabilities": 978576000, "totalLiab": 1103296000, "commonStock": 307857000, "treasuryStock": 5019846000, "otherStockholderEquity": 5019846000, "totalStockholderEquity": 5327703000, "netTangibleAssets": 4375583000}, {"maxAge": 1, "endDate": "2020-06-30", "totalStockholderEquity": 5035193000, "netTangibleAssets": 4078576000}, {"maxAge": 1, "endDate": "2020-03-31", "cash": 1296031000, "netReceivables": 2622682000, "inventory": 45997000, "otherCurrentAssets": 129772000, "totalCurrentAssets": 4100689000, "longTermInvestments": 747963000, "propertyPlantEquipment": 52794000, "goodWill": 867433000, "intangibleAssets": 89184000, "otherAssets": 320747000, "deferredLongTermAssetCharges": 18407000, "totalAssets": 6178810000, "accountsPayable": 719268000, "shortLongTermDebt": 46291000, "otherCurrentLiab": 99106000, "longTermDebt": 44421000, "otherLiab": 39161000, "totalCurrentLiabilities": 1044723000, "totalLiab": 1143617000, "commonStock": 307857000, "retainedEarnings": 2663255000, "treasuryStock": 670310000, "capitalSurplus": 1393771000, "otherStockholderEquity": 670310000, "totalStockholderEquity": 5035193000, "netTangibleAssets": 4078576000}], "maxAge": 86400}, "earningsHistory": {"history": [{"maxAge": 1, "epsActual": {}, "epsEstimate": {}, "epsDifference": {}, "surprisePercent": {}, "quarter": {}, "period": "-4q"}, {"maxAge": 1, "epsActual": {}, "epsEstimate": {}, "epsDifference": {}, "surprisePercent": {}, "quarter": {}, "period": "-3q"}, {"maxAge": 1, "epsActual": {}, "epsEstimate": {}, "epsDifference": {}, "surprisePercent": {}, "quarter": {}, "period": "-2q"}, {"maxAge": 1, "epsActual": {}, "epsEstimate": {}, "epsDifference": {}, "surprisePercent": {}, "quarter": {}, "period": "-1q"}], "maxAge": 86400}, "summaryProfile": {"address1": "Unit 27 SDF-I", "address2": "SEEPZ-SEZ Andheri (East)", "city": "Mumbai", "zip": "400096", "country": "India", "phone": "91 22 6140 0909", "fax": "91 22 2829 1418", "website": "http://www.trigyn.com", "industry": "Information Technology Services", "sector": "Technology", "longBusinessSummary": "Trigyn Technologies Limited provides communications and information technology staffing support services in India and internationally. The company offers system integration services covering custom application development and maintenance, enterprise content management, legacy modernization/application reengineering, mobile application development and enablement, business intelligence and reporting, user experience consulting/design, independent testing, business process outsourcing, and 24X7 helpdesk and support. It also provides managed services consisting of project management and business analysis, helpdesk and network support, network and infrastructure design, ERP technical and functional, and UX/UI and usability, as well as architecture, design, development, and quality assurance. In addition, the company offers development and maintenance, SAP, and IT solutions. It serves international organizations, non-governmental organizations, and state and local governments, as well as the commercial sector comprising financial services, pharmaceutical, manufacturing, and distribution. The company was formerly known as Leading Edge Systems Ltd and changed its name to Trigyn Technologies Limited in July 2000. Trigyn Technologies Limited was incorporated in 1986 and is headquartered in Mumbai, India.", "fullTimeEmployees": 440, "companyOfficers": [], "maxAge": 86400}, "netSharePurchaseActivity": {"maxAge": 1, "period": "6m", "buyInfoCount": 0, "buyInfoShares": 0, "sellInfoCount": 0, "netInfoCount": 0, "netInfoShares": 0, "netPercentInsiderShares": 0.0, "totalInsiderShares": 16905064}, "insiderTransactions": {"transactions": [{"maxAge": 1, "shares": 0, "filerUrl": "", "transactionText": "", "filerName": "Bhojani (Amin A)", "filerRelation": "UNREPORTED", "moneyText": "", "startDate": "2019-06-10", "ownership": "I"}, {"maxAge": 1, "shares": 6250, "filerUrl": "", "transactionText": "", "filerName": "Bhojani (Amin A)", "filerRelation": "UNREPORTED", "moneyText": "", "startDate": "2019-05-28", "ownership": "D"}, {"maxAge": 1, "shares": 5000, "filerUrl": "", "transactionText": "", "filerName": "Ganapathi (R)", "filerRelation": "Executive Chairman", "moneyText": "", "startDate": "2019-01-24", "ownership": "D"}, {"maxAge": 1, "shares": 16311, "filerUrl": "", "transactionText": "", "filerName": "Ganapathi (R)", "filerRelation": "Executive Chairman", "moneyText": "", "startDate": "2019-01-23", "ownership": "D"}, {"maxAge": 1, "shares": 15000, "filerUrl": "", "transactionText": "", "filerName": "Ganapathi (R)", "filerRelation": "Executive Chairman", "moneyText": "", "startDate": "2019-01-21", "ownership": "D"}, {"maxAge": 1, "shares": 115264, "filerUrl": "", "transactionText": "", "filerName": "Ganapathi (R)", "filerRelation": "Executive Chairman", "moneyText": "", "startDate": "2019-01-21", "ownership": "D"}, {"maxAge": 1, "shares": 250000, "filerUrl": "", "transactionText": "", "filerName": "Panday (Homiyar)", "filerRelation": "UNREPORTED", "moneyText": "", "startDate": "2018-12-15", "ownership": "D"}, {"maxAge": 1, "shares": 490000, "filerUrl": "", "transactionText": "", "filerName": "Panday (Homiyar)", "filerRelation": "UNREPORTED", "moneyText": "", "startDate": "2018-10-26", "ownership": "D"}, {"maxAge": 1, "shares": 275000, "filerUrl": "", "transactionText": "", "filerName": "Ganapathi (R)", "filerRelation": "Executive Chairman", "moneyText": "", "startDate": "2016-06-01", "ownership": "D"}, {"maxAge": 1, "shares": 25000, "filerUrl": "", "transactionText": "", "filerName": "Ganapathi (R)", "filerRelation": "Executive Chairman", "moneyText": "", "startDate": "2014-09-15", "ownership": "D"}, {"maxAge": 1, "shares": 1380000, "filerUrl": "", "transactionText": "", "filerName": "United Telecoms Ltd", "filerRelation": "Institution- Corporation", "moneyText": "", "startDate": "2011-03-30", "ownership": "D"}, {"maxAge": 1, "shares": 1315000, "filerUrl": "", "transactionText": "", "filerName": "United Telecoms Ltd", "filerRelation": "Institution- Corporation", "moneyText": "", "startDate": "2010-03-31", "ownership": "D"}, {"maxAge": 1, "shares": 150000, "filerUrl": "", "transactionText": "", "filerName": "Gordon (Thomas A)", "filerRelation": "Senior Vice President", "moneyText": "", "startDate": "2010-02-09", "ownership": "D"}], "maxAge": 1}, "sectorTrend": {"maxAge": 1, "symbol": null, "estimates": []}, "incomeStatementHistoryQuarterly": {"incomeStatementHistory": [{"maxAge": 1, "endDate": "2020-12-31", "totalRevenue": 2373792000, "costOfRevenue": 1668727000, "grossProfit": 705065000, "researchDevelopment": {}, "sellingGeneralAdministrative": {}, "nonRecurring": {}, "otherOperatingExpenses": 498881000, "totalOperatingExpenses": 2174963000, "operatingIncome": 198829000, "totalOtherIncomeExpenseNet": -3630000, "ebit": 198829000, "interestExpense": -6912000, "incomeBeforeTax": 195199000, "incomeTaxExpense": 54285000, "minorityInterest": {}, "netIncomeFromContinuingOps": 140914000, "discontinuedOperations": {}, "extraordinaryItems": {}, "effectOfAccountingCharges": {}, "otherItems": {}, "netIncome": 140914000, "netIncomeApplicableToCommonShares": 140914000}, {"maxAge": 1, "endDate": "2020-09-30", "totalRevenue": 2408582000, "costOfRevenue": 1612617000, "grossProfit": 795965000, "researchDevelopment": {}, "sellingGeneralAdministrative": {}, "nonRecurring": {}, "otherOperatingExpenses": 540133000, "totalOperatingExpenses": 2163894000, "operatingIncome": 244688000, "totalOtherIncomeExpenseNet": 2526000, "ebit": 244688000, "interestExpense": -7119000, "incomeBeforeTax": 247214000, "incomeTaxExpense": 69080000, "minorityInterest": {}, "netIncomeFromContinuingOps": 178134000, "discontinuedOperations": {}, "extraordinaryItems": {}, "effectOfAccountingCharges": {}, "otherItems": {}, "netIncome": 178134000, "netIncomeApplicableToCommonShares": 178134000}, {"maxAge": 1, "endDate": "2020-06-30", "totalRevenue": 2488645000, "costOfRevenue": 1670287000, "grossProfit": 818358000, "researchDevelopment": {}, "sellingGeneralAdministrative": {}, "nonRecurring": {}, "otherOperatingExpenses": 565273000, "totalOperatingExpenses": 2240245000, "operatingIncome": 248400000, "totalOtherIncomeExpenseNet": 1932000, "ebit": 248400000, "interestExpense": -5943000, "incomeBeforeTax": 250332000, "incomeTaxExpense": 71797000, "minorityInterest": {}, "netIncomeFromContinuingOps": 178535000, "discontinuedOperations": {}, "extraordinaryItems": {}, "effectOfAccountingCharges": {}, "otherItems": {}, "netIncome": 178535000, "netIncomeApplicableToCommonShares": 178535000}, {"maxAge": 1, "endDate": "2020-03-31", "totalRevenue": 2356026000, "costOfRevenue": 1617322000, "grossProfit": 738704000, "researchDevelopment": {}, "sellingGeneralAdministrative": 13136000, "nonRecurring": {}, "otherOperatingExpenses": 612881000, "totalOperatingExpenses": 2248791000, "operatingIncome": 107235000, "totalOtherIncomeExpenseNet": 7729000, "ebit": 107235000, "interestExpense": -5943000, "incomeBeforeTax": 114964000, "incomeTaxExpense": 82485000, "minorityInterest": {}, "netIncomeFromContinuingOps": 32479000, "discontinuedOperations": {}, "extraordinaryItems": {}, "effectOfAccountingCharges": {}, "otherItems": {}, "netIncome": 32479000, "netIncomeApplicableToCommonShares": 32479000}], "maxAge": 86400}, "cashflowStatementHistoryQuarterly": {"cashflowStatements": [{"maxAge": 1, "endDate": "2020-12-31", "netIncome": 140914000, "changeToLiabilities": 0}, {"maxAge": 1, "endDate": "2020-09-30", "netIncome": 178134000, "changeToLiabilities": 0}, {"maxAge": 1, "endDate": "2020-06-30", "netIncome": 178535000, "changeToLiabilities": 0}, {"maxAge": 1, "endDate": "2020-03-31", "netIncome": 32479000, "changeToLiabilities": 0}], "maxAge": 86400}, "earnings": {"maxAge": 86400, "earningsChart": {"quarterly": [], "earningsDate": []}, "financialsChart": {"yearly": [{"date": 2017, "revenue": 6791529000, "earnings": 390363000}, {"date": 2018, "revenue": 6845134000, "earnings": 394697000}, {"date": 2019, "revenue": 8946456000, "earnings": 484527000}, {"date": 2020, "revenue": 9105457000, "earnings": 501036000}], "quarterly": [{"date": "1Q2020", "revenue": 2356026000, "earnings": 32479000}, {"date": "2Q2020", "revenue": 2488645000, "earnings": 178535000}, {"date": "3Q2020", "revenue": 2408582000, "earnings": 178134000}, {"date": "4Q2020", "revenue": 2373792000, "earnings": 140914000}]}, "financialCurrency": "INR"}, "financialData": {"maxAge": 86400, "currentPrice": 81.9, "recommendationMean": 2.0, "recommendationKey": "buy", "totalCash": 1589901952, "totalCashPerShare": 51.675, "ebitda": 813209728, "totalDebt": 124786000, "totalRevenue": 9627044864, "debtToEquity": 2.342, "revenuePerShare": 312.678, "grossProfits": 2981642000, "earningsGrowth": -0.181, "revenueGrowth": 0.024, "grossMargins": 0.31766, "ebitdaMargins": 0.08447, "operatingMargins": 0.083009996, "profitMargins": 0.05506, "financialCurrency": "INR"}}}