{"TRIL.NS": {"assetProfile": {"address1": "Survey No. 427 P/3-4 and 431 P/1-2", "address2": "Sarkhej-Bavla Highway Moraiya Village Sanand Taluka", "city": "Ahmedabad", "zip": "382213", "country": "India", "phone": "91 27 1766 1661", "fax": "91 27 1766 1716", "website": "http://www.transformerindia.com", "industry": "Electrical Equipment & Parts", "sector": "Industrials", "longBusinessSummary": "Transformers and Rectifiers (India) Limited, together with its subsidiaries, manufactures, sells, and exports transformers in India and internationally. It provides power transformers, such as generator transformers, unit and station auxiliary transformers, interconnecting transformers, and trackside transformers for railways; and rectifier transformers, including six and twelve pulse transformers with IPT, as well as transformers for bridge connection and railway traction. The company also offers distribution transformers comprising stepdown and step-up transformers, energy efficient transformers, transformers for solar and wind applications, and transformers for mines applications, as well as hermitically sealed and conservator type of construction transformers. In addition, it provides furnace transformers consisting of arc furnace and submerged arc furnace transformers, ladle furnace transformers, induction furnace transformers, and DC arc furnace transformers; specialty transformers, including testing transformers and transformers having multiple secondaries; and shunt and series reactors. The company was formerly known as Triveni Electric Company Limited and changed its name to Transformers and Rectifiers (India) Limited in March 1995. Transformers and Rectifiers (India) Limited was founded in 1981 and is headquartered in Ahmedabad, India.", "fullTimeEmployees": 556, "companyOfficers": [{"maxAge": 1, "name": "Mr. Jitendra Ujamshi Mamtora", "age": 74, "title": "Chairman & Whole-Time Director", "yearBorn": 1946, "fiscalYear": 2020, "totalPay": 6061200, "exercisedValue": 0, "unexercisedValue": 0}, {"maxAge": 1, "name": "Mr. Satyen Jitendra Mamtora", "age": 46, "title": "MD & Exec. Director", "yearBorn": 1974, "fiscalYear": 2020, "totalPay": 5561000, "exercisedValue": 0, "unexercisedValue": 0}, {"maxAge": 1, "name": "Mr. Ramesh  Birajdar", "title": "Chief Financial Officer", "fiscalYear": 2020, "totalPay": 13306104, "exercisedValue": 0, "unexercisedValue": 0}, {"maxAge": 1, "name": "Mr. Rakesh  Kiri", "title": "Company Sec. & Compliance Officer", "fiscalYear": 2020, "totalPay": 438010, "exercisedValue": 0, "unexercisedValue": 0}, {"maxAge": 1, "name": "Ms. Karunaben Jitendra Mamtora", "age": 70, "title": "Exec. Director", "yearBorn": 1950, "fiscalYear": 2020, "totalPay": 2221200, "exercisedValue": 0, "unexercisedValue": 0}, {"maxAge": 1, "name": "Mr. Stefano  Talassi", "age": 45, "title": "Chief Operating Officer", "yearBorn": 1975, "exercisedValue": 0, "unexercisedValue": 0}, {"maxAge": 1, "name": "Mr. Sharad  Patil", "title": "Head of HR & Legal", "exercisedValue": 0, "unexercisedValue": 0}, {"maxAge": 1, "name": "Mr. Krupesh  Shah", "title": "Gen. Mang. of Marketing \u00c2\u0096 HO & Western Region", "exercisedValue": 0, "unexercisedValue": 0}, {"maxAge": 1, "name": "Mr. Sunil  Gurubaxani", "age": 56, "title": "Head Mechanical Design & Quality", "yearBorn": 1964, "exercisedValue": 0, "unexercisedValue": 0}, {"maxAge": 1, "name": "Nakul  Oza", "title": "Consultant - Projects & Logistics", "exercisedValue": 0, "unexercisedValue": 0}], "compensationAsOfEpochDate": "2020-12-31 05:30:00", "maxAge": 86400}, "recommendationTrend": {"trend": [{"period": "0m", "strongBuy": 0, "buy": 0, "hold": 0, "sell": 0, "strongSell": 0}, {"period": "-1m", "strongBuy": 1, "buy": 0, "hold": 0, "sell": 0, "strongSell": 0}, {"period": "-2m", "strongBuy": 1, "buy": 1, "hold": 0, "sell": 0, "strongSell": 0}, {"period": "-3m", "strongBuy": 1, "buy": 1, "hold": 0, "sell": 0, "strongSell": 0}], "maxAge": 86400}, "cashflowStatementHistory": {"cashflowStatements": [{"maxAge": 1, "endDate": "2020-03-31", "netIncome": 3961000, "depreciation": 178909000, "changeToNetincome": 424319000, "changeToAccountReceivables": -432421000, "changeToLiabilities": 195267000, "changeToInventory": -184182000, "changeToOperatingActivities": -44951000, "totalCashFromOperatingActivities": 157911000, "capitalExpenditures": -97720000, "otherCashflowsFromInvestingActivities": -54292000, "totalCashflowsFromInvestingActivities": -152012000, "netBorrowings": 462633000, "otherCashflowsFromFinancingActivities": -441281000, "totalCashFromFinancingActivities": 21352000, "changeInCash": 27251000}, {"maxAge": 1, "endDate": "2019-03-31", "netIncome": 45148000, "depreciation": 168478000, "changeToNetincome": 392654000, "changeToAccountReceivables": 1282045000, "changeToLiabilities": -904526000, "changeToInventory": 702673000, "changeToOperatingActivities": 85936000, "totalCashFromOperatingActivities": 1789174000, "capitalExpenditures": -164682000, "investments": -1000000, "otherCashflowsFromInvestingActivities": 75883000, "totalCashflowsFromInvestingActivities": -81550000, "netBorrowings": -1361644000, "otherCashflowsFromFinancingActivities": -458906000, "totalCashFromFinancingActivities": -1820550000, "changeInCash": -112926000}, {"maxAge": 1, "endDate": "2018-03-31", "netIncome": 53984000, "depreciation": 145910000, "changeToNetincome": 425005000, "changeToAccountReceivables": -1275803000, "changeToLiabilities": 472254000, "changeToInventory": -644747000, "changeToOperatingActivities": -212349000, "totalCashFromOperatingActivities": -1020516000, "capitalExpenditures": -303543000, "investments": -1000000, "otherCashflowsFromInvestingActivities": -10245000, "totalCashflowsFromInvestingActivities": -311732000, "netBorrowings": 1899892000, "otherCashflowsFromFinancingActivities": -447509000, "totalCashFromFinancingActivities": 1452383000, "changeInCash": 120135000}, {"maxAge": 1, "endDate": "2017-03-31", "netIncome": 233643000, "depreciation": 133237000, "changeToNetincome": 535874000, "changeToAccountReceivables": -168125000, "changeToLiabilities": -123496000, "changeToInventory": -62372000, "changeToOperatingActivities": 102076000, "totalCashFromOperatingActivities": 664949000, "capitalExpenditures": -120397000, "investments": -1000000, "otherCashflowsFromInvestingActivities": -119488000, "totalCashflowsFromInvestingActivities": -235024000, "netBorrowings": -239773000, "otherCashflowsFromFinancingActivities": -375154000, "totalCashFromFinancingActivities": -614927000, "changeInCash": -185002000}], "maxAge": 86400}, "indexTrend": {"maxAge": 1, "symbol": "SP5", "peRatio": 19.7411, "pegRatio": 1.34172, "estimates": [{"period": "0q", "growth": 0.549}, {"period": "+1q", "growth": 0.431}, {"period": "0y", "growth": 0.305}, {"period": "+1y", "growth": 0.109}, {"period": "+5y", "growth": 0.120865}, {"period": "-5y"}]}, "defaultKeyStatistics": {"maxAge": 1, "priceHint": 2, "enterpriseValue": 5261300224, "profitMargins": -0.00261, "floatShares": 34682200, "sharesOutstanding": 132564000, "heldPercentInsiders": 0.74941003, "heldPercentInstitutions": 0.0, "beta": 1.475559, "category": null, "bookValue": 25.353, "priceToBook": 0.7612511, "fundFamily": null, "legalType": null, "lastFiscalYearEnd": "2020-03-31 05:30:00", "nextFiscalYearEnd": "2022-03-31 05:30:00", "mostRecentQuarter": "2020-12-31 05:30:00", "earningsQuarterlyGrowth": -0.474, "netIncomeToCommon": -16239000, "trailingEps": -0.128, "forwardEps": 3.28, "lastSplitFactor": "10:1", "lastSplitDate": "2017-09-28 05:30:00", "enterpriseToRevenue": 0.847, "enterpriseToEbitda": 8.567}, "industryTrend": {"maxAge": 1, "symbol": null, "estimates": []}, "quoteType": {"exchange": "NSI", "quoteType": "EQUITY", "symbol": "TRIL.NS", "underlyingSymbol": "TRIL.NS", "shortName": "TRANSFORM & RECTIF", "longName": "Transformers and Rectifiers (India) Limited", "firstTradeDateEpochUtc": "2007-12-28 09:15:00", "timeZoneFullName": "Asia/Kolkata", "timeZoneShortName": "IST", "uuid": "fff203f5-f736-3e8c-9894-e47e91119824", "gmtOffSetMilliseconds": 19800000, "maxAge": 1}, "incomeStatementHistory": {"incomeStatementHistory": [{"maxAge": 1, "endDate": "2020-03-31", "totalRevenue": 7009549000, "costOfRevenue": 5094157000, "grossProfit": 1915392000, "researchDevelopment": {}, "sellingGeneralAdministrative": 337207000, "nonRecurring": {}, "otherOperatingExpenses": 1061945000, "totalOperatingExpenses": 6689227000, "operatingIncome": 320322000, "totalOtherIncomeExpenseNet": -301711000, "ebit": 320322000, "interestExpense": -347273000, "incomeBeforeTax": 18611000, "incomeTaxExpense": 8110000, "minorityInterest": 73368000, "netIncomeFromContinuingOps": 10501000, "discontinuedOperations": {}, "extraordinaryItems": {}, "effectOfAccountingCharges": {}, "otherItems": {}, "netIncome": 3961000, "netIncomeApplicableToCommonShares": 3961000}, {"maxAge": 1, "endDate": "2019-03-31", "totalRevenue": 8554445000, "costOfRevenue": 6577168000, "grossProfit": 1977277000, "researchDevelopment": {}, "sellingGeneralAdministrative": 335629000, "nonRecurring": {}, "otherOperatingExpenses": 1024158000, "totalOperatingExpenses": 8122199000, "operatingIncome": 432246000, "totalOtherIncomeExpenseNet": -345791000, "ebit": 432246000, "interestExpense": -355693000, "incomeBeforeTax": 86455000, "incomeTaxExpense": 35459000, "minorityInterest": 74096000, "netIncomeFromContinuingOps": 50996000, "discontinuedOperations": {}, "extraordinaryItems": {}, "effectOfAccountingCharges": {}, "otherItems": {}, "netIncome": 45148000, "netIncomeApplicableToCommonShares": 45148000}, {"maxAge": 1, "endDate": "2018-03-31", "totalRevenue": 7156992000, "costOfRevenue": 5312910000, "grossProfit": 1844082000, "researchDevelopment": {}, "sellingGeneralAdministrative": 345314000, "nonRecurring": {}, "otherOperatingExpenses": 839478000, "totalOperatingExpenses": 6662848000, "operatingIncome": 494144000, "totalOtherIncomeExpenseNet": -388494000, "ebit": 494144000, "interestExpense": -361361000, "incomeBeforeTax": 105650000, "incomeTaxExpense": 43295000, "minorityInterest": 67728000, "netIncomeFromContinuingOps": 62355000, "discontinuedOperations": {}, "extraordinaryItems": {}, "effectOfAccountingCharges": {}, "otherItems": {}, "netIncome": 53984000, "netIncomeApplicableToCommonShares": 53984000}, {"maxAge": 1, "endDate": "2017-03-31", "totalRevenue": 8205353000, "costOfRevenue": 6135171000, "grossProfit": 2070182000, "researchDevelopment": {}, "sellingGeneralAdministrative": 308301000, "nonRecurring": {}, "otherOperatingExpenses": 936308000, "totalOperatingExpenses": 7527732000, "operatingIncome": 677621000, "totalOtherIncomeExpenseNet": -314794000, "ebit": 677621000, "interestExpense": -355524000, "incomeBeforeTax": 362827000, "incomeTaxExpense": 122920000, "minorityInterest": 59176000, "netIncomeFromContinuingOps": 239907000, "discontinuedOperations": {}, "extraordinaryItems": {}, "effectOfAccountingCharges": {}, "otherItems": {}, "netIncome": 233643000, "netIncomeApplicableToCommonShares": 233643000}], "maxAge": 86400}, "fundOwnership": {"ownershipList": [], "maxAge": 1}, "summaryDetail": {"maxAge": 1, "priceHint": 2, "previousClose": 18.55, "open": 19.15, "dayLow": 18.5, "dayHigh": 19.9, "regularMarketPreviousClose": 18.55, "regularMarketOpen": 19.15, "regularMarketDayLow": 18.5, "regularMarketDayHigh": 19.9, "exDividendDate": "2014-09-03 05:30:00", "payoutRatio": 0.0, "beta": 1.475559, "forwardPE": 5.884146, "volume": 342721, "regularMarketVolume": 342721, "averageVolume": 190444, "averageVolume10days": 188546, "averageDailyVolume10Day": 188546, "bid": 0.0, "ask": 0.0, "bidSize": 0, "askSize": 0, "marketCap": 2592974336, "fiftyTwoWeekLow": 5.85, "fiftyTwoWeekHigh": 23.7, "priceToSalesTrailing12Months": 0.4172627, "fiftyDayAverage": 17.39394, "twoHundredDayAverage": 14.966429, "currency": "INR", "fromCurrency": null, "lastMarket": null, "algorithm": null, "tradeable": false}, "insiderHolders": {"holders": [{"maxAge": 1, "name": "Gupta (Anil Rai)", "relation": "Divisional Officer", "url": "", "transactionDescription": "Acquisition", "latestTransDate": "2013-06-28", "positionDirect": 1116, "positionDirectDate": "2013-06-28"}, {"maxAge": 1, "name": "Gurubaxani (Sunil)", "relation": "Divisional Officer", "url": "", "transactionDescription": "Acquisition", "latestTransDate": "2013-06-28", "positionDirect": 2715, "positionDirectDate": "2013-06-28"}, {"maxAge": 1, "name": "Mamtora (Jitendra Ujamshi) HUF", "relation": "Promoter", "url": "", "transactionDescription": "Acquisition", "latestTransDate": "2013-06-28", "positionDirect": 682931, "positionDirectDate": "2013-06-28"}, {"maxAge": 1, "name": "Rangwala (Harish)", "relation": "Director (Non-Executive)", "url": "", "transactionDescription": "Acquisition", "latestTransDate": "2013-06-28", "positionDirect": 3333, "positionDirectDate": "2013-06-28"}, {"maxAge": 1, "name": "Shah (Bharat)", "relation": "UNREPORTED", "url": "", "transactionDescription": "Acquisition", "latestTransDate": "2013-06-28", "positionDirect": 227, "positionDirectDate": "2013-06-28"}, {"maxAge": 1, "name": "Shah (Rahul Dilip)", "relation": "Chief Financial Officer", "url": "", "transactionDescription": "Acquisition", "latestTransDate": "2013-06-28", "positionDirect": 4843, "positionDirectDate": "2013-06-28"}, {"maxAge": 1, "name": "Shah (Rajendra)", "relation": "Director (Non-Executive)", "url": "", "transactionDescription": "Acquisition", "latestTransDate": "2013-06-28", "positionDirect": 6622, "positionDirectDate": "2013-06-28"}, {"maxAge": 1, "name": "Shah (Saumil R)", "relation": "Divisional Officer", "url": "", "transactionDescription": "Acquisition", "latestTransDate": "2013-06-28", "positionIndirect": 4000, "positionIndirectDate": 1372377600}, {"maxAge": 1, "name": "Vijyan (T)", "relation": "UNREPORTED", "url": "", "transactionDescription": "Acquisition", "latestTransDate": "2013-06-28", "positionDirect": 166, "positionDirectDate": "2013-06-28"}, {"maxAge": 1, "name": "Vyas (Mahendra)", "relation": "Divisional Officer", "url": "", "transactionDescription": "Acquisition", "latestTransDate": "2013-06-28", "positionDirect": 6803, "positionDirectDate": "2013-06-28"}], "maxAge": 1}, "calendarEvents": {"maxAge": 1, "earnings": {"earningsDate": []}, "exDividendDate": "2014-09-03 05:30:00"}, "upgradeDowngradeHistory": {"history": [], "maxAge": 86400}, "price": {"maxAge": 1, "regularMarketChangePercent": 0.040431272, "regularMarketChange": 0.75, "regularMarketTime": "2021-04-30 15:29:18", "priceHint": 2, "regularMarketPrice": 19.3, "regularMarketDayHigh": 19.9, "regularMarketDayLow": 18.5, "regularMarketVolume": 342721, "averageDailyVolume10Day": 188546, "averageDailyVolume3Month": 190444, "regularMarketPreviousClose": 18.55, "regularMarketSource": "FREE_REALTIME", "regularMarketOpen": 19.15, "exchange": "NSI", "exchangeName": "NSE", "exchangeDataDelayedBy": 15, "marketState": "CLOSED", "quoteType": "EQUITY", "symbol": "TRIL.NS", "underlyingSymbol": null, "shortName": "TRANSFORM & RECTIF", "longName": "Transformers and Rectifiers (India) Limited", "currency": "INR", "quoteSourceName": "Delayed Quote", "currencySymbol": "\u20b9", "fromCurrency": null, "lastMarket": null, "marketCap": 2592974336}, "balanceSheetHistory": {"balanceSheetStatements": [{"maxAge": 1, "endDate": "2020-03-31", "cash": 45996000, "netReceivables": 4274219000, "inventory": 2134437000, "otherCurrentAssets": 626784000, "totalCurrentAssets": 7138749000, "longTermInvestments": 1852000, "propertyPlantEquipment": 1846443000, "goodWill": 1691000, "intangibleAssets": 99506000, "otherAssets": 232990000, "totalAssets": 9321231000, "accountsPayable": 2250759000, "shortLongTermDebt": 169560000, "otherCurrentLiab": 379962000, "longTermDebt": 414248000, "otherLiab": 98320000, "minorityInterest": 73368000, "totalCurrentLiabilities": 5367294000, "totalLiab": 5889843000, "commonStock": 132564000, "retainedEarnings": 1873342000, "treasuryStock": 4629000, "capitalSurplus": 1347485000, "otherStockholderEquity": 4629000, "totalStockholderEquity": 3358020000, "netTangibleAssets": 3256823000}, {"maxAge": 1, "endDate": "2019-03-31", "cash": 18745000, "netReceivables": 3798753000, "inventory": 1950255000, "otherCurrentAssets": 732111000, "totalCurrentAssets": 6535710000, "longTermInvestments": 2230000, "propertyPlantEquipment": 1912519000, "goodWill": 1691000, "intangibleAssets": 123033000, "otherAssets": 214109000, "totalAssets": 8789292000, "accountsPayable": 2047431000, "shortLongTermDebt": 226005000, "otherCurrentLiab": 544323000, "longTermDebt": 270751000, "otherLiab": 92114000, "minorityInterest": 74096000, "totalCurrentLiabilities": 4998297000, "totalLiab": 5361162000, "commonStock": 132564000, "retainedEarnings": 1868830000, "treasuryStock": 5155000, "capitalSurplus": 1347485000, "otherStockholderEquity": 5155000, "totalStockholderEquity": 3354034000, "netTangibleAssets": 3229310000}, {"maxAge": 1, "endDate": "2018-03-31", "cash": 131671000, "netReceivables": 5041936000, "inventory": 2652928000, "otherCurrentAssets": 825799000, "totalCurrentAssets": 8687355000, "longTermInvestments": 2118000, "propertyPlantEquipment": 1915912000, "goodWill": 1691000, "intangibleAssets": 151827000, "otherAssets": 122803000, "totalAssets": 10881706000, "accountsPayable": 2959786000, "shortLongTermDebt": 134693000, "otherCurrentLiab": 476068000, "longTermDebt": 325246000, "otherLiab": 28347000, "minorityInterest": 67728000, "totalCurrentLiabilities": 7153574000, "totalLiab": 7507167000, "commonStock": 132564000, "retainedEarnings": 1821665000, "treasuryStock": 5097000, "capitalSurplus": 1347485000, "otherStockholderEquity": 5097000, "totalStockholderEquity": 3306811000, "netTangibleAssets": 3153293000}, {"maxAge": 1, "endDate": "2017-03-31", "cash": 11536000, "netReceivables": 3775313000, "inventory": 2008182000, "otherCurrentAssets": 888644000, "totalCurrentAssets": 6703215000, "longTermInvestments": 2073000, "propertyPlantEquipment": 1774119000, "goodWill": 1691000, "intangibleAssets": 155656000, "otherAssets": 119783000, "deferredLongTermAssetCharges": 47443000, "totalAssets": 8756537000, "accountsPayable": 2487237000, "shortLongTermDebt": 154200000, "otherCurrentLiab": 801492000, "longTermDebt": 381394000, "otherLiab": 19413000, "minorityInterest": 59176000, "totalCurrentLiabilities": 5043658000, "totalLiab": 5444465000, "commonStock": 132564000, "retainedEarnings": 1767855000, "treasuryStock": 4992000, "capitalSurplus": 1347485000, "otherStockholderEquity": 4992000, "totalStockholderEquity": 3252896000, "netTangibleAssets": 3095549000}], "maxAge": 86400}, "earningsTrend": {"trend": [{"maxAge": 1, "period": "0q", "endDate": "2017-06-30", "growth": {}, "earningsEstimate": {"avg": 0.0, "low": 0.0, "high": 0.0, "yearAgoEps": {}, "numberOfAnalysts": 0, "growth": {}}, "revenueEstimate": {"avg": 0, "low": 0, "high": 0, "numberOfAnalysts": 0, "yearAgoRevenue": {}, "growth": {}}, "epsTrend": {"current": 0.0, "7daysAgo": 0.0, "30daysAgo": 0.0, "60daysAgo": 0.0, "90daysAgo": 0.0}, "epsRevisions": {"upLast7days": 0, "upLast30days": 0, "downLast30days": 0, "downLast90days": {}}}, {"maxAge": 1, "period": "+1q", "endDate": "2017-09-30", "growth": {}, "earningsEstimate": {"avg": 0.0, "low": 0.0, "high": 0.0, "yearAgoEps": {}, "numberOfAnalysts": 0, "growth": {}}, "revenueEstimate": {"avg": 0, "low": 0, "high": 0, "numberOfAnalysts": 0, "yearAgoRevenue": {}, "growth": {}}, "epsTrend": {"current": 0.0, "7daysAgo": 0.0, "30daysAgo": 0.0, "60daysAgo": 0.0, "90daysAgo": 0.0}, "epsRevisions": {"upLast7days": 0, "upLast30days": 0, "downLast30days": 0, "downLast90days": {}}}, {"maxAge": 1, "period": "0y", "endDate": "2018-03-31", "growth": {}, "earningsEstimate": {"avg": 0.0, "low": 0.0, "high": 0.0, "yearAgoEps": {}, "numberOfAnalysts": 0, "growth": {}}, "revenueEstimate": {"avg": 9528000000, "low": 9528000000, "high": 9528000000, "numberOfAnalysts": 1, "yearAgoRevenue": 8266700000, "growth": 0.153}, "epsTrend": {"current": 0.0, "7daysAgo": 2.46, "30daysAgo": 2.46, "60daysAgo": 2.46, "90daysAgo": 2.46}, "epsRevisions": {"upLast7days": 0, "upLast30days": 0, "downLast30days": 0, "downLast90days": {}}}, {"maxAge": 1, "period": "+1y", "endDate": "2019-03-31", "growth": {}, "earningsEstimate": {"avg": 0.0, "low": 0.0, "high": 0.0, "yearAgoEps": {}, "numberOfAnalysts": 0, "growth": {}}, "revenueEstimate": {"avg": 11057000000, "low": 11057000000, "high": 11057000000, "numberOfAnalysts": 1, "yearAgoRevenue": 9528000000, "growth": 0.16}, "epsTrend": {"current": 0.0, "7daysAgo": 3.28, "30daysAgo": 3.28, "60daysAgo": 3.28, "90daysAgo": 3.28}, "epsRevisions": {"upLast7days": 0, "upLast30days": 0, "downLast30days": 0, "downLast90days": {}}}, {"maxAge": 1, "period": "+5y", "endDate": null, "growth": {}, "earningsEstimate": {"avg": {}, "low": {}, "high": {}, "yearAgoEps": {}, "numberOfAnalysts": {}, "growth": {}}, "revenueEstimate": {"avg": {}, "low": {}, "high": {}, "numberOfAnalysts": {}, "yearAgoRevenue": {}, "growth": {}}, "epsTrend": {"current": {}, "7daysAgo": {}, "30daysAgo": {}, "60daysAgo": {}, "90daysAgo": {}}, "epsRevisions": {"upLast7days": {}, "upLast30days": {}, "downLast30days": {}, "downLast90days": {}}}, {"maxAge": 1, "period": "-5y", "endDate": null, "growth": 0.33064, "earningsEstimate": {"avg": {}, "low": {}, "high": {}, "yearAgoEps": {}, "numberOfAnalysts": {}, "growth": {}}, "revenueEstimate": {"avg": {}, "low": {}, "high": {}, "numberOfAnalysts": {}, "yearAgoRevenue": {}, "growth": {}}, "epsTrend": {"current": {}, "7daysAgo": {}, "30daysAgo": {}, "60daysAgo": {}, "90daysAgo": {}}, "epsRevisions": {"upLast7days": {}, "upLast30days": {}, "downLast30days": {}, "downLast90days": {}}}], "maxAge": 1}, "institutionOwnership": {"ownershipList": [], "maxAge": 1}, "majorHoldersBreakdown": {"maxAge": 1, "insidersPercentHeld": 0.74941003, "institutionsPercentHeld": 0.0, "institutionsFloatPercentHeld": 0.0, "institutionsCount": 0}, "balanceSheetHistoryQuarterly": {"balanceSheetStatements": [{"maxAge": 1, "endDate": "2020-12-31", "totalStockholderEquity": 3356700000, "netTangibleAssets": 3271600000}, {"maxAge": 1, "endDate": "2020-09-30", "cash": 279700000, "shortTermInvestments": 44500000, "netReceivables": 3971000000, "inventory": 2092800000, "otherCurrentAssets": 319800000, "totalCurrentAssets": 6707800000, "longTermInvestments": 90000000, "propertyPlantEquipment": 1774900000, "goodWill": 1700000, "intangibleAssets": 83400000, "otherAssets": 177000000, "totalAssets": 8834800000, "accountsPayable": 2076000000, "shortLongTermDebt": 178500000, "otherCurrentLiab": 315700000, "longTermDebt": 491100000, "otherLiab": 88900000, "minorityInterest": 74600000, "totalCurrentLiabilities": 4814800000, "totalLiab": 5403500000, "commonStock": 132600000, "treasuryStock": 3224100000, "otherStockholderEquity": 3224100000, "totalStockholderEquity": 3356700000, "netTangibleAssets": 3271600000}, {"maxAge": 1, "endDate": "2020-06-30", "totalStockholderEquity": 3358020000, "netTangibleAssets": 3256823000}, {"maxAge": 1, "endDate": "2020-03-31", "cash": 45996000, "netReceivables": 4274219000, "inventory": 2134437000, "otherCurrentAssets": 626784000, "totalCurrentAssets": 7138749000, "longTermInvestments": 1852000, "propertyPlantEquipment": 1846443000, "goodWill": 1691000, "intangibleAssets": 99506000, "otherAssets": 232990000, "totalAssets": 9321231000, "accountsPayable": 2250759000, "shortLongTermDebt": 169560000, "otherCurrentLiab": 379962000, "longTermDebt": 414248000, "otherLiab": 98320000, "minorityInterest": 73368000, "totalCurrentLiabilities": 5367294000, "totalLiab": 5889843000, "commonStock": 132564000, "retainedEarnings": 1873342000, "treasuryStock": 4629000, "capitalSurplus": 1347485000, "otherStockholderEquity": 4629000, "totalStockholderEquity": 3358020000, "netTangibleAssets": 3256823000}], "maxAge": 86400}, "earningsHistory": {"history": [{"maxAge": 1, "epsActual": {}, "epsEstimate": {}, "epsDifference": {}, "surprisePercent": {}, "quarter": {}, "period": "-4q"}, {"maxAge": 1, "epsActual": {}, "epsEstimate": {}, "epsDifference": {}, "surprisePercent": {}, "quarter": {}, "period": "-3q"}, {"maxAge": 1, "epsActual": 0.18, "epsEstimate": 0.54, "epsDifference": -0.36, "surprisePercent": -0.667, "quarter": "2016-12-31", "period": "-2q"}, {"maxAge": 1, "epsActual": 0.1, "epsEstimate": 0.56, "epsDifference": -0.46, "surprisePercent": -0.821, "quarter": "2017-03-31", "period": "-1q"}], "maxAge": 86400}, "summaryProfile": {"address1": "Survey No. 427 P/3-4 and 431 P/1-2", "address2": "Sarkhej-Bavla Highway Moraiya Village Sanand Taluka", "city": "Ahmedabad", "zip": "382213", "country": "India", "phone": "91 27 1766 1661", "fax": "91 27 1766 1716", "website": "http://www.transformerindia.com", "industry": "Electrical Equipment & Parts", "sector": "Industrials", "longBusinessSummary": "Transformers and Rectifiers (India) Limited, together with its subsidiaries, manufactures, sells, and exports transformers in India and internationally. It provides power transformers, such as generator transformers, unit and station auxiliary transformers, interconnecting transformers, and trackside transformers for railways; and rectifier transformers, including six and twelve pulse transformers with IPT, as well as transformers for bridge connection and railway traction. The company also offers distribution transformers comprising stepdown and step-up transformers, energy efficient transformers, transformers for solar and wind applications, and transformers for mines applications, as well as hermitically sealed and conservator type of construction transformers. In addition, it provides furnace transformers consisting of arc furnace and submerged arc furnace transformers, ladle furnace transformers, induction furnace transformers, and DC arc furnace transformers; specialty transformers, including testing transformers and transformers having multiple secondaries; and shunt and series reactors. The company was formerly known as Triveni Electric Company Limited and changed its name to Transformers and Rectifiers (India) Limited in March 1995. Transformers and Rectifiers (India) Limited was founded in 1981 and is headquartered in Ahmedabad, India.", "fullTimeEmployees": 556, "companyOfficers": [], "maxAge": 86400}, "netSharePurchaseActivity": {"maxAge": 1, "period": "6m", "buyInfoCount": 0, "buyInfoShares": 0, "sellInfoCount": 0, "netInfoCount": 0, "netInfoShares": 0, "netPercentInsiderShares": 0.0, "totalInsiderShares": 104917408}, "insiderTransactions": {"transactions": [{"maxAge": 1, "shares": 333, "filerUrl": "", "transactionText": "", "filerName": "Rangwala (Harish)", "filerRelation": "Director (Non-Executive)", "moneyText": "", "startDate": "2013-06-28", "ownership": "D"}, {"maxAge": 1, "shares": 111, "filerUrl": "", "transactionText": "", "filerName": "Gupta (Anil Rai)", "filerRelation": "Divisional Officer", "moneyText": "", "startDate": "2013-06-28", "ownership": "D"}, {"maxAge": 1, "shares": 668, "filerUrl": "", "transactionText": "", "filerName": "Vyas (Mahendra)", "filerRelation": "Divisional Officer", "moneyText": "", "startDate": "2013-06-28", "ownership": "D"}, {"maxAge": 1, "shares": 28, "filerUrl": "", "transactionText": "", "filerName": "Shah (Bharat)", "filerRelation": "UNREPORTED", "moneyText": "", "startDate": "2013-06-28", "ownership": "D"}, {"maxAge": 1, "shares": 1338, "filerUrl": "", "transactionText": "", "filerName": "Gurubaxani (Sunil)", "filerRelation": "Divisional Officer", "moneyText": "", "startDate": "2013-06-28", "ownership": "D"}, {"maxAge": 1, "shares": 16, "filerUrl": "", "transactionText": "", "filerName": "Vijyan (T)", "filerRelation": "UNREPORTED", "moneyText": "", "startDate": "2013-06-28", "ownership": "D"}, {"maxAge": 1, "shares": 888, "filerUrl": "", "transactionText": "", "filerName": "Shah (Rahul Dilip)", "filerRelation": "Chief Financial Officer", "moneyText": "", "startDate": "2013-06-28", "ownership": "D"}, {"maxAge": 1, "shares": 682931, "filerUrl": "", "transactionText": "", "filerName": "Mamtora (Jitendra Ujamshi) HUF", "filerRelation": "Promoter", "moneyText": "", "startDate": "2013-06-28", "ownership": "D"}, {"maxAge": 1, "shares": 662, "filerUrl": "", "transactionText": "", "filerName": "Shah (Rajendra)", "filerRelation": "Director (Non-Executive)", "moneyText": "", "startDate": "2013-06-28", "ownership": "D"}, {"maxAge": 1, "shares": 0, "filerUrl": "", "transactionText": "", "filerName": "Shah (Saumil R)", "filerRelation": "Divisional Officer", "moneyText": "", "startDate": "2013-06-28", "ownership": "I"}, {"maxAge": 1, "shares": 1600, "filerUrl": "", "transactionText": "", "filerName": "Ramrakhiani (L K)", "filerRelation": "Divisional Officer", "moneyText": "", "startDate": "2013-06-28", "ownership": "D"}, {"maxAge": 1, "shares": 97000, "filerUrl": "", "transactionText": "", "filerName": "Mamotra (Satyen Jitendra)", "filerRelation": "Managing Director", "moneyText": "", "startDate": "2013-06-28", "ownership": "D"}, {"maxAge": 1, "shares": 267736, "filerUrl": "", "transactionText": "", "filerName": "Mamtora (Karunaben Jitendra)", "filerRelation": "Director (Executive)", "moneyText": "", "startDate": "2013-06-28", "ownership": "D"}, {"maxAge": 1, "shares": 225, "filerUrl": "", "transactionText": "", "filerName": "Mehta (Samkit)", "filerRelation": "Divisional Officer", "moneyText": "", "startDate": "2013-06-28", "ownership": "D"}, {"maxAge": 1, "shares": 21364, "filerUrl": "", "transactionText": "", "filerName": "Mamotra (Janki Jitendra)", "filerRelation": "Promoter", "moneyText": "", "startDate": "2013-06-28", "ownership": "D"}, {"maxAge": 1, "shares": 22, "filerUrl": "", "transactionText": "", "filerName": "Patel (Dilip)", "filerRelation": "Divisional Officer", "moneyText": "", "startDate": "2013-06-28", "ownership": "D"}, {"maxAge": 1, "shares": 100, "filerUrl": "", "transactionText": "", "filerName": "Purshotaman (M)", "filerRelation": "Divisional Officer", "moneyText": "", "startDate": "2013-06-28", "ownership": "D"}, {"maxAge": 1, "shares": 196, "filerUrl": "", "transactionText": "", "filerName": "Mamotra (Dilip Ujamshi)", "filerRelation": "Promoter", "moneyText": "", "startDate": "2013-06-28", "ownership": "D"}, {"maxAge": 1, "shares": 111, "filerUrl": "", "transactionText": "", "filerName": "Raju (D V S)", "filerRelation": "Divisional Officer", "moneyText": "", "startDate": "2013-06-28", "ownership": "D"}, {"maxAge": 1, "shares": 196, "filerUrl": "", "transactionText": "", "filerName": "Mamotra (Bipin Ujamshi)", "filerRelation": "Promoter", "moneyText": "", "startDate": "2013-06-28", "ownership": "D"}, {"maxAge": 1, "shares": 160, "filerUrl": "", "transactionText": "", "filerName": "Ramrakhiani (Chitra)", "filerRelation": "UNREPORTED", "moneyText": "", "startDate": "2013-06-25", "ownership": "D"}, {"maxAge": 1, "shares": 395, "filerUrl": "", "transactionText": "", "filerName": "Shah (Rahul Dilip)", "filerRelation": "Chief Financial Officer", "moneyText": "", "startDate": "2013-06-25", "ownership": "D"}, {"maxAge": 1, "shares": 137, "filerUrl": "", "transactionText": "", "filerName": "Gurubaxani (Sunil)", "filerRelation": "Divisional Officer", "moneyText": "", "startDate": "2013-06-25", "ownership": "D"}, {"maxAge": 1, "shares": 1, "filerUrl": "", "transactionText": "", "filerName": "Oza (Nakul)", "filerRelation": "Divisional Officer", "moneyText": "", "startDate": "2013-06-25", "ownership": "D"}, {"maxAge": 1, "shares": 88, "filerUrl": "", "transactionText": "", "filerName": "Shah (Shilpa Rahul)", "filerRelation": "UNREPORTED", "moneyText": "", "startDate": "2013-06-25", "ownership": "D"}, {"maxAge": 1, "shares": 25, "filerUrl": "", "transactionText": "", "filerName": "Shah (Bharat)", "filerRelation": "UNREPORTED", "moneyText": "", "startDate": "2013-06-25", "ownership": "D"}, {"maxAge": 1, "shares": 133, "filerUrl": "", "transactionText": "", "filerName": "Gurubaxani (Komal Sunil)", "filerRelation": "UNREPORTED", "moneyText": "", "startDate": "2013-06-25", "ownership": "D"}, {"maxAge": 1, "shares": 2700, "filerUrl": "", "transactionText": "", "filerName": "Ramrakhiani (L K)", "filerRelation": "UNREPORTED", "moneyText": "", "startDate": "2013-06-25", "ownership": "D"}, {"maxAge": 1, "shares": 400, "filerUrl": "", "transactionText": "", "filerName": "Shah (Saumil R)", "filerRelation": "UNREPORTED", "moneyText": "", "startDate": "2013-06-24", "ownership": "D"}, {"maxAge": 1, "shares": 500, "filerUrl": "", "transactionText": "", "filerName": "Ramrakhiani (L K)", "filerRelation": "UNREPORTED", "moneyText": "", "startDate": "2010-09-14", "ownership": "D"}, {"maxAge": 1, "shares": 1700, "filerUrl": "", "transactionText": "", "filerName": "Ramrakhiani (L K)", "filerRelation": "UNREPORTED", "moneyText": "", "startDate": "2010-09-14", "ownership": "D"}, {"maxAge": 1, "shares": 1290, "filerUrl": "", "transactionText": "", "filerName": "Ramrakhiani (L K)", "filerRelation": "UNREPORTED", "moneyText": "", "startDate": "2010-07-30", "ownership": "D"}, {"maxAge": 1, "shares": 2100, "filerUrl": "", "transactionText": "", "filerName": "Ramrakhiani (L K)", "filerRelation": "UNREPORTED", "moneyText": "", "startDate": "2010-07-30", "ownership": "D"}, {"maxAge": 1, "shares": 1285, "filerUrl": "", "transactionText": "", "filerName": "Mehta (Samkit)", "filerRelation": "UNREPORTED", "moneyText": "", "startDate": "2010-06-05", "ownership": "D"}, {"maxAge": 1, "shares": 1300, "filerUrl": "", "transactionText": "", "filerName": "Vyas (Mahendra)", "filerRelation": "General Manager", "moneyText": "", "startDate": "2009-09-07", "ownership": "D"}], "maxAge": 1}, "sectorTrend": {"maxAge": 1, "symbol": null, "estimates": []}, "incomeStatementHistoryQuarterly": {"incomeStatementHistory": [{"maxAge": 1, "endDate": "2020-12-31", "totalRevenue": 1684500000, "costOfRevenue": 1200600000, "grossProfit": 483900000, "researchDevelopment": {}, "sellingGeneralAdministrative": 70200000, "nonRecurring": {}, "otherOperatingExpenses": 233300000, "totalOperatingExpenses": 1552400000, "operatingIncome": 132100000, "totalOtherIncomeExpenseNet": -108200000, "ebit": 132100000, "interestExpense": -117700000, "incomeBeforeTax": 23900000, "incomeTaxExpense": 12800000, "minorityInterest": {}, "netIncomeFromContinuingOps": 11100000, "discontinuedOperations": {}, "extraordinaryItems": {}, "effectOfAccountingCharges": {}, "otherItems": {}, "netIncome": 7000000, "netIncomeApplicableToCommonShares": 7000000}, {"maxAge": 1, "endDate": "2020-09-30", "totalRevenue": 1750900000, "costOfRevenue": 1219300000, "grossProfit": 531600000, "researchDevelopment": {}, "sellingGeneralAdministrative": 72000000, "nonRecurring": {}, "otherOperatingExpenses": 260000000, "totalOperatingExpenses": 1600200000, "operatingIncome": 150700000, "totalOtherIncomeExpenseNet": -98400000, "ebit": 150700000, "interestExpense": -111800000, "incomeBeforeTax": 52300000, "incomeTaxExpense": 17100000, "minorityInterest": 74600000, "netIncomeFromContinuingOps": 35200000, "discontinuedOperations": {}, "extraordinaryItems": {}, "effectOfAccountingCharges": {}, "otherItems": {}, "netIncome": 33100000, "netIncomeApplicableToCommonShares": 33100000}, {"maxAge": 1, "endDate": "2020-06-30", "totalRevenue": 1147600000, "costOfRevenue": 843000000, "grossProfit": 304600000, "researchDevelopment": {}, "sellingGeneralAdministrative": 66400000, "nonRecurring": {}, "otherOperatingExpenses": 149200000, "totalOperatingExpenses": 1107100000, "operatingIncome": 40500000, "totalOtherIncomeExpenseNet": -95300000, "ebit": 40500000, "interestExpense": -106100000, "incomeBeforeTax": -54800000, "incomeTaxExpense": -18800000, "minorityInterest": 74600000, "netIncomeFromContinuingOps": -36000000, "discontinuedOperations": {}, "extraordinaryItems": {}, "effectOfAccountingCharges": {}, "otherItems": {}, "netIncome": -35100000, "netIncomeApplicableToCommonShares": -35100000}, {"maxAge": 1, "endDate": "2020-03-31", "totalRevenue": 1631249000, "costOfRevenue": 1107757000, "grossProfit": 523492000, "researchDevelopment": {}, "sellingGeneralAdministrative": 94607000, "nonRecurring": {}, "otherOperatingExpenses": 268145000, "totalOperatingExpenses": 1518327000, "operatingIncome": 112922000, "totalOtherIncomeExpenseNet": -143011000, "ebit": 112922000, "interestExpense": -37773000, "incomeBeforeTax": -30089000, "incomeTaxExpense": -9990000, "minorityInterest": 73368000, "netIncomeFromContinuingOps": -20099000, "discontinuedOperations": {}, "extraordinaryItems": {}, "effectOfAccountingCharges": {}, "otherItems": {}, "netIncome": -21239000, "netIncomeApplicableToCommonShares": -21239000}], "maxAge": 86400}, "cashflowStatementHistoryQuarterly": {"cashflowStatements": [{"maxAge": 1, "endDate": "2020-12-31", "netIncome": 7000000, "changeToLiabilities": 0}, {"maxAge": 1, "endDate": "2020-09-30", "netIncome": 33100000, "changeToLiabilities": 0}, {"maxAge": 1, "endDate": "2020-06-30", "netIncome": -35100000, "changeToLiabilities": 0}, {"maxAge": 1, "endDate": "2020-03-31", "netIncome": -21239000, "changeToLiabilities": 0}], "maxAge": 86400}, "earnings": {"maxAge": 86400, "earningsChart": {"quarterly": [{"date": "4Q2016", "actual": 0.18, "estimate": 0.54}, {"date": "1Q2017", "actual": 0.1, "estimate": 0.56}], "currentQuarterEstimateDate": "2Q", "currentQuarterEstimateYear": 2017, "earningsDate": []}, "financialsChart": {"yearly": [{"date": 2017, "revenue": 8205353000, "earnings": 233643000}, {"date": 2018, "revenue": 7156992000, "earnings": 53984000}, {"date": 2019, "revenue": 8554445000, "earnings": 45148000}, {"date": 2020, "revenue": 7009549000, "earnings": 3961000}], "quarterly": [{"date": "1Q2020", "revenue": 1631249000, "earnings": -21239000}, {"date": "2Q2020", "revenue": 1147600000, "earnings": -35100000}, {"date": "3Q2020", "revenue": 1750900000, "earnings": 33100000}, {"date": "4Q2020", "revenue": 1684500000, "earnings": 7000000}]}, "financialCurrency": "INR"}, "financialData": {"maxAge": 86400, "currentPrice": 19.3, "targetHighPrice": 53.9, "targetLowPrice": 53.9, "targetMeanPrice": 53.9, "targetMedianPrice": 53.9, "recommendationMean": 1.0, "recommendationKey": "strong_buy", "numberOfAnalystOpinions": 1, "totalCash": 324200000, "totalCashPerShare": 2.316, "ebitda": 614153472, "totalDebt": 2913900032, "totalRevenue": 6214248960, "debtToEquity": 84.921, "revenuePerShare": 48.993, "grossProfits": 1915392000, "earningsGrowth": -0.5, "revenueGrowth": -0.201, "grossMargins": 0.29667, "ebitdaMargins": 0.09883001, "operatingMargins": 0.070199996, "profitMargins": -0.00261, "financialCurrency": "INR"}}}