{"TRIOMERC.BO": {"cashflowStatementHistory": {"cashflowStatements": [{"maxAge": 1, "endDate": "2020-03-31", "netIncome": 3543800, "depreciation": 104000, "changeToNetincome": -13678800, "changeToAccountReceivables": 184000, "changeToLiabilities": -37371000, "changeToInventory": 4868000, "changeToOperatingActivities": 7722000, "totalCashFromOperatingActivities": -34628000, "otherCashflowsFromInvestingActivities": 13749000, "totalCashflowsFromInvestingActivities": 40866000, "netBorrowings": -9439000, "otherCashflowsFromFinancingActivities": -398000, "totalCashFromFinancingActivities": -9837000, "changeInCash": -3599000}, {"maxAge": 1, "endDate": "2019-03-31", "netIncome": 720122, "depreciation": 104168, "changeToNetincome": -10379697, "changeToAccountReceivables": 64079103, "changeToLiabilities": 12520340, "changeToInventory": -466791, "changeToOperatingActivities": 3183049, "totalCashFromOperatingActivities": 69760294, "investments": -10000000, "otherCashflowsFromInvestingActivities": 10635907, "totalCashflowsFromInvestingActivities": -47499268, "netBorrowings": -21831338, "otherCashflowsFromFinancingActivities": -1101439, "totalCashFromFinancingActivities": -22932777, "changeInCash": -671750}, {"maxAge": 1, "endDate": "2018-03-31", "netIncome": 4561532, "depreciation": 104168, "changeToNetincome": -7123004, "changeToAccountReceivables": -45121023, "changeToLiabilities": 26871366, "changeToInventory": 4500719, "changeToOperatingActivities": 11510232, "totalCashFromOperatingActivities": -4696010, "investments": -10000000, "otherCashflowsFromInvestingActivities": 8220377, "totalCashflowsFromInvestingActivities": 14399008, "netBorrowings": -8110946, "otherCashflowsFromFinancingActivities": -1157903, "totalCashFromFinancingActivities": -9268849, "changeInCash": 434149}, {"maxAge": 1, "endDate": "2017-03-31", "netIncome": 677251, "depreciation": 748279, "changeToNetincome": 7081816, "changeToAccountReceivables": 20180491, "changeToLiabilities": -12464372, "changeToInventory": 10122025, "changeToOperatingActivities": 3338562, "totalCashFromOperatingActivities": 29684052, "investments": -10000000, "otherCashflowsFromInvestingActivities": 8912487, "totalCashflowsFromInvestingActivities": -14165090, "netBorrowings": 4680351, "otherCashflowsFromFinancingActivities": -1332161, "totalCashFromFinancingActivities": 3348190, "changeInCash": 4025126}], "maxAge": 86400}, "institutionOwnership": {"ownershipList": [], "maxAge": 1}, "balanceSheetHistoryQuarterly": {"balanceSheetStatements": [{"maxAge": 1, "endDate": "2020-06-30", "totalStockholderEquity": 261092600, "netTangibleAssets": 261092600}, {"maxAge": 1, "endDate": "2020-03-31", "cash": 2950600, "netReceivables": 86996400, "inventory": 2288300, "otherCurrentAssets": -100, "totalCurrentAssets": 92235200, "longTermInvestments": 10000000, "propertyPlantEquipment": 17400, "otherAssets": 168594300, "deferredLongTermAssetCharges": 64000, "totalAssets": 270846900, "accountsPayable": 2086000, "totalCurrentLiabilities": 9754300, "totalLiab": 9754300, "commonStock": 116462800, "treasuryStock": 144629800, "otherStockholderEquity": 144629800, "totalStockholderEquity": 261092600, "netTangibleAssets": 261092600}, {"maxAge": 1, "endDate": "2019-12-31", "totalStockholderEquity": 260406500, "netTangibleAssets": 260406500}, {"maxAge": 1, "endDate": "2019-09-30", "cash": 784000, "netReceivables": 143855800, "inventory": 5775100, "totalCurrentAssets": 150414900, "longTermInvestments": 15699200, "propertyPlantEquipment": 69400, "otherAssets": 138474500, "deferredLongTermAssetCharges": 48400, "totalAssets": 304658000, "accountsPayable": 33930300, "otherCurrentLiab": 100, "totalCurrentLiabilities": 44251500, "totalLiab": 44251500, "commonStock": 116462800, "treasuryStock": 143943700, "otherStockholderEquity": 143943700, "totalStockholderEquity": 260406500, "netTangibleAssets": 260406500}], "maxAge": 86400}, "indexTrend": {"maxAge": 1, "symbol": "SP5", "peRatio": 19.7411, "pegRatio": 1.34172, "estimates": [{"period": "0q", "growth": 0.549}, {"period": "+1q", "growth": 0.431}, {"period": "0y", "growth": 0.305}, {"period": "+1y", "growth": 0.109}, {"period": "+5y", "growth": 0.120859005}, {"period": "-5y"}]}, "insiderTransactions": {"transactions": [{"maxAge": 1, "shares": 395300, "filerUrl": "", "transactionText": "", "filerName": "Sky Scraper Properties Pvt Ltd", "filerRelation": "Institution- Corporation", "moneyText": "", "startDate": "2018-04-12", "ownership": "D"}, {"maxAge": 1, "shares": 106700, "filerUrl": "", "transactionText": "", "filerName": "Adilnath Finance Pvt Ltd", "filerRelation": "Promoter", "moneyText": "", "startDate": "2018-02-27", "ownership": "D"}, {"maxAge": 1, "shares": 50985, "filerUrl": "", "transactionText": "", "filerName": "Kothari (Chetna Chetan)", "filerRelation": "UNREPORTED", "moneyText": "", "startDate": "2017-03-30", "ownership": "D"}, {"maxAge": 1, "shares": 660000, "filerUrl": "", "transactionText": "", "filerName": "Sky Scraper Properties Pvt Ltd", "filerRelation": "Institution- Corporation", "moneyText": "", "startDate": "2015-12-09", "ownership": "D"}, {"maxAge": 1, "shares": 174630, "filerUrl": "", "transactionText": "", "filerName": "Kothari (Chetan S)", "filerRelation": "Promoter", "moneyText": "", "startDate": "2014-12-04", "ownership": "D"}, {"maxAge": 1, "shares": 174630, "filerUrl": "", "transactionText": "", "filerName": "Kothari (Hiren S)", "filerRelation": "Managing Director", "moneyText": "", "startDate": "2014-12-04", "ownership": "D"}], "maxAge": 1}, "quoteType": {"exchange": "BSE", "quoteType": "EQUITY", "symbol": "TRIOMERC.BO", "underlyingSymbol": "TRIOMERC.BO", "shortName": "TRIO MERCANTILE & TRADING LTD.", "longName": "Trio Mercantile &amp; Trading Limited", "firstTradeDateEpochUtc": "2012-12-06 09:15:00", "timeZoneFullName": "Asia/Kolkata", "timeZoneShortName": "IST", "uuid": "a4cb1349-66bf-39b1-a2a1-62d2ce809add", "gmtOffSetMilliseconds": 19800000, "maxAge": 1}, "incomeStatementHistory": {"incomeStatementHistory": [{"maxAge": 1, "endDate": "2020-03-31", "totalRevenue": 122685200, "costOfRevenue": 124705500, "grossProfit": -2020300, "researchDevelopment": {}, "sellingGeneralAdministrative": 2056000, "nonRecurring": {}, "otherOperatingExpenses": 3961200, "totalOperatingExpenses": 130826900, "operatingIncome": -8141700, "totalOtherIncomeExpenseNet": 13354900, "ebit": -8141700, "interestExpense": -398100, "incomeBeforeTax": 5213200, "incomeTaxExpense": 1669400, "minorityInterest": {}, "netIncomeFromContinuingOps": 3543800, "discontinuedOperations": {}, "extraordinaryItems": {}, "effectOfAccountingCharges": {}, "otherItems": {}, "netIncome": 3543800, "netIncomeApplicableToCommonShares": 3543800}, {"maxAge": 1, "endDate": "2019-03-31", "totalRevenue": 283049885, "costOfRevenue": 285779384, "grossProfit": -2729499, "researchDevelopment": {}, "sellingGeneralAdministrative": 2348387, "nonRecurring": {}, "otherOperatingExpenses": 3542395, "totalOperatingExpenses": 291774334, "operatingIncome": -8724449, "totalOtherIncomeExpenseNet": 9572045, "ebit": -8724449, "interestExpense": -1101439, "incomeBeforeTax": 847596, "incomeTaxExpense": 127474, "minorityInterest": {}, "netIncomeFromContinuingOps": 720122, "discontinuedOperations": {}, "extraordinaryItems": {}, "effectOfAccountingCharges": {}, "otherItems": {}, "netIncome": 720122, "netIncomeApplicableToCommonShares": 720122}, {"maxAge": 1, "endDate": "2018-03-31", "totalRevenue": 294910301, "costOfRevenue": 291019282, "grossProfit": 3891019, "researchDevelopment": {}, "sellingGeneralAdministrative": 1943573, "nonRecurring": {}, "otherOperatingExpenses": 2868965, "totalOperatingExpenses": 295935988, "operatingIncome": -1025687, "totalOtherIncomeExpenseNet": 7062474, "ebit": -1025687, "interestExpense": -1157903, "incomeBeforeTax": 6036787, "incomeTaxExpense": 1475255, "minorityInterest": {}, "netIncomeFromContinuingOps": 4561532, "discontinuedOperations": {}, "extraordinaryItems": {}, "effectOfAccountingCharges": {}, "otherItems": {}, "netIncome": 4561532, "netIncomeApplicableToCommonShares": 4561532}, {"maxAge": 1, "endDate": "2017-03-31", "totalRevenue": 250915169, "costOfRevenue": 250312689, "grossProfit": 602480, "researchDevelopment": {}, "sellingGeneralAdministrative": 2198166, "nonRecurring": {}, "otherOperatingExpenses": 4580907, "totalOperatingExpenses": 257840041, "operatingIncome": -6924872, "totalOtherIncomeExpenseNet": 7937739, "ebit": -6924872, "interestExpense": -1332161, "incomeBeforeTax": 1012867, "incomeTaxExpense": 335616, "minorityInterest": {}, "netIncomeFromContinuingOps": 677251, "discontinuedOperations": {}, "extraordinaryItems": {}, "effectOfAccountingCharges": {}, "otherItems": {}, "netIncome": 677251, "netIncomeApplicableToCommonShares": 677251}], "maxAge": 86400}, "fundOwnership": {"ownershipList": [], "maxAge": 1}, "summaryDetail": {"maxAge": 1, "priceHint": 4, "previousClose": 3.2, "open": 3.34, "dayLow": 3.08, "dayHigh": 3.36, "regularMarketPreviousClose": 3.2, "regularMarketOpen": 3.34, "regularMarketDayLow": 3.08, "regularMarketDayHigh": 3.36, "volume": 40103, "regularMarketVolume": 40103, "averageVolume": 15920, "averageVolume10days": 107025, "averageDailyVolume10Day": 107025, "bid": 3.1, "ask": 3.2, "bidSize": 0, "askSize": 0, "marketCap": 36802308, "fiftyTwoWeekLow": 3.08, "fiftyTwoWeekHigh": 48.0, "fiftyDayAverage": 31.266666, "twoHundredDayAverage": 33.643013, "currency": "INR", "fromCurrency": null, "lastMarket": null, "algorithm": null, "tradeable": false}, "incomeStatementHistoryQuarterly": {"incomeStatementHistory": [{"maxAge": 1, "endDate": "2020-06-30", "totalRevenue": 8947500, "costOfRevenue": 8870800, "grossProfit": 76700, "researchDevelopment": {}, "sellingGeneralAdministrative": 350400, "nonRecurring": {}, "otherOperatingExpenses": 9547200, "totalOperatingExpenses": 18768400, "operatingIncome": -9820900, "totalOtherIncomeExpenseNet": 3416900, "ebit": -9820900, "interestExpense": -1000, "incomeBeforeTax": -6404000, "incomeTaxExpense": 0, "minorityInterest": {}, "netIncomeFromContinuingOps": -6404000, "discontinuedOperations": {}, "extraordinaryItems": {}, "effectOfAccountingCharges": {}, "otherItems": {}, "netIncome": -6404000, "netIncomeApplicableToCommonShares": -6404000}, {"maxAge": 1, "endDate": "2020-03-31", "totalRevenue": 13556500, "costOfRevenue": 14871700, "grossProfit": -1315200, "researchDevelopment": {}, "sellingGeneralAdministrative": 462700, "nonRecurring": {}, "otherOperatingExpenses": 1793800, "totalOperatingExpenses": 17154400, "operatingIncome": -3597900, "totalOtherIncomeExpenseNet": 3581900, "ebit": -3597900, "interestExpense": -1000, "incomeBeforeTax": -16000, "incomeTaxExpense": -317300, "minorityInterest": {}, "netIncomeFromContinuingOps": 301300, "discontinuedOperations": {}, "extraordinaryItems": {}, "effectOfAccountingCharges": {}, "otherItems": {}, "netIncome": 301300, "netIncomeApplicableToCommonShares": 301300}, {"maxAge": 1, "endDate": "2019-12-31", "totalRevenue": 9860000, "costOfRevenue": 10510000, "grossProfit": -650000, "researchDevelopment": {}, "sellingGeneralAdministrative": 480000, "nonRecurring": {}, "otherOperatingExpenses": 380000, "totalOperatingExpenses": 11400000, "operatingIncome": -1540000, "totalOtherIncomeExpenseNet": 3880000, "ebit": -1540000, "interestExpense": -1000, "incomeBeforeTax": 2340000, "incomeTaxExpense": 610000, "minorityInterest": {}, "netIncomeFromContinuingOps": 1730000, "discontinuedOperations": {}, "extraordinaryItems": {}, "effectOfAccountingCharges": {}, "otherItems": {}, "netIncome": 1730000, "netIncomeApplicableToCommonShares": 1730000}, {"maxAge": 1, "endDate": "2019-09-30", "totalRevenue": 54944400, "costOfRevenue": 55236400, "grossProfit": -292000, "researchDevelopment": {}, "sellingGeneralAdministrative": 483800, "nonRecurring": {}, "otherOperatingExpenses": 1001500, "totalOperatingExpenses": 56747700, "operatingIncome": -1803300, "totalOtherIncomeExpenseNet": 3530900, "ebit": -1803300, "interestExpense": -355700, "incomeBeforeTax": 1727600, "incomeTaxExpense": 687000, "minorityInterest": {}, "netIncomeFromContinuingOps": 1040600, "discontinuedOperations": {}, "extraordinaryItems": {}, "effectOfAccountingCharges": {}, "otherItems": {}, "netIncome": 1040600, "netIncomeApplicableToCommonShares": 1040600}], "maxAge": 86400}, "cashflowStatementHistoryQuarterly": {"cashflowStatements": [{"maxAge": 1, "endDate": "2020-06-30", "netIncome": -6404000, "changeToLiabilities": 0}, {"maxAge": 1, "endDate": "2020-03-31", "netIncome": 301300, "changeToLiabilities": 0}, {"maxAge": 1, "endDate": "2019-12-31", "netIncome": 1730000, "changeToLiabilities": 0}, {"maxAge": 1, "endDate": "2019-09-30", "netIncome": 1040600, "changeToLiabilities": 0}], "maxAge": 86400}, "insiderHolders": {"holders": [{"maxAge": 1, "name": "Adilnath Finance Pvt Ltd", "relation": "Promoter", "url": "", "transactionDescription": "Sale", "latestTransDate": "2018-02-27", "positionDirect": 0, "positionDirectDate": "2018-02-27"}, {"maxAge": 1, "name": "Kothari (Chetan S)", "relation": "Promoter", "url": "", "transactionDescription": "Other", "latestTransDate": "2014-12-04", "positionDirect": 0, "positionDirectDate": "2014-12-04"}, {"maxAge": 1, "name": "Kothari (Chetna Chetan)", "relation": "UNREPORTED", "url": "", "transactionDescription": "Sale", "latestTransDate": "2017-03-30", "positionDirect": 0, "positionDirectDate": "2017-03-30"}, {"maxAge": 1, "name": "Kothari (Hiren S)", "relation": "Managing Director", "url": "", "transactionDescription": "Other", "latestTransDate": "2014-12-04", "positionDirect": 466235, "positionDirectDate": "2014-12-04"}, {"maxAge": 1, "name": "Sky Scraper Properties Pvt Ltd", "relation": "Institution- Corporation", "url": "", "transactionDescription": "Sale", "latestTransDate": "2018-04-12", "positionDirect": 264700, "positionDirectDate": "2018-04-12"}], "maxAge": 1}, "calendarEvents": {"maxAge": 1, "earnings": {"earningsDate": []}}, "upgradeDowngradeHistory": {"history": [], "maxAge": 86400}, "price": {"maxAge": 1, "regularMarketChangePercent": -0.012499988, "regularMarketChange": -0.03999996, "regularMarketTime": "2021-04-30 15:29:41", "priceHint": 4, "regularMarketPrice": 3.16, "regularMarketDayHigh": 3.36, "regularMarketDayLow": 3.08, "regularMarketVolume": 40103, "averageDailyVolume10Day": 107025, "averageDailyVolume3Month": 15920, "regularMarketPreviousClose": 3.2, "regularMarketSource": "FREE_REALTIME", "regularMarketOpen": 3.34, "exchange": "BSE", "exchangeName": "BSE", "exchangeDataDelayedBy": 0, "marketState": "CLOSED", "quoteType": "EQUITY", "symbol": "TRIOMERC.BO", "underlyingSymbol": null, "shortName": "TRIO MERCANTILE & TRADING LTD.", "longName": "Trio Mercantile &amp; Trading Limited", "currency": "INR", "quoteSourceName": "Delayed Quote", "currencySymbol": "\u20b9", "fromCurrency": null, "lastMarket": null, "marketCap": 36802308}, "balanceSheetHistory": {"balanceSheetStatements": [{"maxAge": 1, "endDate": "2020-03-31", "cash": 2950600, "netReceivables": 86996400, "inventory": 2288300, "otherCurrentAssets": -100, "totalCurrentAssets": 92235200, "longTermInvestments": 10000000, "propertyPlantEquipment": 17400, "otherAssets": 168594300, "deferredLongTermAssetCharges": 64000, "totalAssets": 270846900, "accountsPayable": 2086000, "totalCurrentLiabilities": 9754300, "totalLiab": 9754300, "commonStock": 116462800, "treasuryStock": 144629800, "otherStockholderEquity": 144629800, "totalStockholderEquity": 261092600, "netTangibleAssets": 261092600}, {"maxAge": 1, "endDate": "2019-03-31", "cash": 6549460, "netReceivables": 134694400, "inventory": 7156333, "totalCurrentAssets": 148400193, "longTermInvestments": 10000000, "propertyPlantEquipment": 121526, "otherAssets": 149223455, "deferredLongTermAssetCharges": 48415, "totalAssets": 307745174, "accountsPayable": 39456889, "longTermDebt": 9439196, "totalCurrentLiabilities": 39762248, "totalLiab": 49201444, "commonStock": 116462750, "retainedEarnings": 67080980, "capitalSurplus": 75000000, "totalStockholderEquity": 258543730, "netTangibleAssets": 258543730}, {"maxAge": 1, "endDate": "2018-03-31", "cash": 7221211, "netReceivables": 185678140, "inventory": 6689542, "otherCurrentAssets": -1, "totalCurrentAssets": 199588892, "propertyPlantEquipment": 225694, "otherAssets": 117268206, "totalAssets": 317082792, "accountsPayable": 26936549, "longTermDebt": 9481099, "otherLiab": 149111, "totalCurrentLiabilities": 48981271, "totalLiab": 58611481, "commonStock": 116462750, "retainedEarnings": 67008561, "capitalSurplus": 75000000, "totalStockholderEquity": 258471311, "netTangibleAssets": 258471311}, {"maxAge": 1, "endDate": "2017-03-31", "cash": 6787062, "netReceivables": 28334818, "inventory": 11190261, "totalCurrentAssets": 46312141, "propertyPlantEquipment": 329862, "otherAssets": 270571711, "totalAssets": 317213714, "accountsPayable": 65183, "longTermDebt": 32905624, "otherLiab": 183856, "totalCurrentLiabilities": 30188670, "totalLiab": 63278150, "commonStock": 116462750, "retainedEarnings": 62472814, "capitalSurplus": 75000000, "totalStockholderEquity": 253935564, "netTangibleAssets": 253935564}], "maxAge": 86400}, "financialData": {"maxAge": 86400, "currentPrice": 3.16, "recommendationKey": "none", "grossProfits": -2020300, "financialCurrency": "INR"}}}