{"TRITURBINE.BO": {"recommendationTrend": {"trend": [{"period": "0m", "strongBuy": 0, "buy": 0, "hold": 0, "sell": 0, "strongSell": 0}, {"period": "-1m", "strongBuy": 0, "buy": 0, "hold": 0, "sell": 0, "strongSell": 0}, {"period": "-2m", "strongBuy": 0, "buy": 0, "hold": 0, "sell": 0, "strongSell": 0}, {"period": "-3m", "strongBuy": 0, "buy": 0, "hold": 0, "sell": 0, "strongSell": 0}], "maxAge": 86400}, "cashflowStatementHistory": {"cashflowStatements": [{"maxAge": 1, "endDate": "2020-03-31", "netIncome": 1217780000, "depreciation": 178600000, "changeToNetincome": -135760000, "changeToAccountReceivables": 498900000, "changeToLiabilities": -545960000, "changeToInventory": 433010000, "changeToOperatingActivities": 207690000, "totalCashFromOperatingActivities": 1876730000, "capitalExpenditures": -115040000, "investments": -1177560000, "otherCashflowsFromInvestingActivities": 1970000, "totalCashflowsFromInvestingActivities": -1287870000, "dividendsPaid": -161840000, "netBorrowings": 5960000, "otherCashflowsFromFinancingActivities": -53120000, "totalCashFromFinancingActivities": -209000000, "effectOfExchangeRate": 8030000, "changeInCash": 387890000}, {"maxAge": 1, "endDate": "2019-03-31", "netIncome": 1002250000, "depreciation": 173740000, "changeToNetincome": -59760000, "changeToAccountReceivables": 315800000, "changeToLiabilities": -297080000, "changeToInventory": -367970000, "changeToOperatingActivities": 684810000, "totalCashFromOperatingActivities": 1479290000, "capitalExpenditures": -150760000, "investments": 70580000, "otherCashflowsFromInvestingActivities": 1490000, "totalCashflowsFromInvestingActivities": -78260000, "dividendsPaid": -181310000, "netBorrowings": -560000, "otherCashflowsFromFinancingActivities": -61370000, "totalCashFromFinancingActivities": -1243240000, "effectOfExchangeRate": -3000000, "changeInCash": 154790000, "repurchaseOfStock": -1000000000}, {"maxAge": 1, "endDate": "2018-03-31", "netIncome": 959690000, "depreciation": 164540000, "changeToNetincome": 14180000, "changeToAccountReceivables": -564530000, "changeToLiabilities": 508720000, "changeToInventory": -356120000, "changeToOperatingActivities": 159560000, "totalCashFromOperatingActivities": 912740000, "capitalExpenditures": -477420000, "investments": -28170000, "otherCashflowsFromInvestingActivities": 1580000, "totalCashflowsFromInvestingActivities": -498300000, "dividendsPaid": -395740000, "netBorrowings": -3090000, "otherCashflowsFromFinancingActivities": -85980000, "totalCashFromFinancingActivities": -484810000, "effectOfExchangeRate": 8730000, "changeInCash": -61630000, "repurchaseOfStock": -1000000000}, {"maxAge": 1, "endDate": "2017-03-31", "netIncome": 1235540000, "depreciation": 125130000, "changeToNetincome": -46480000, "changeToAccountReceivables": -208670000, "changeToLiabilities": 72470000, "changeToInventory": 89260000, "changeToOperatingActivities": -469820000, "totalCashFromOperatingActivities": 820280000, "capitalExpenditures": -834110000, "investments": 93220000, "otherCashflowsFromInvestingActivities": 410000, "totalCashflowsFromInvestingActivities": -739850000, "dividendsPaid": -148400000, "netBorrowings": -3380000, "otherCashflowsFromFinancingActivities": -33580000, "totalCashFromFinancingActivities": -185360000, "effectOfExchangeRate": -7620000, "changeInCash": -112550000, "repurchaseOfStock": -1000000000}], "maxAge": 86400}, "institutionOwnership": {"ownershipList": [], "maxAge": 1}, "balanceSheetHistoryQuarterly": {"balanceSheetStatements": [{"maxAge": 1, "endDate": "2020-06-30", "totalStockholderEquity": 5301800000, "netTangibleAssets": 5254600000}, {"maxAge": 1, "endDate": "2020-03-31", "cash": 658050000, "shortTermInvestments": 24430000, "netReceivables": 1546320000, "inventory": 1727440000, "otherCurrentAssets": 103840000, "totalCurrentAssets": 5376200000, "longTermInvestments": 229120000, "propertyPlantEquipment": 2490210000, "intangibleAssets": 47210000, "otherAssets": 78910000, "totalAssets": 8221650000, "accountsPayable": 616720000, "shortLongTermDebt": 2130000, "otherCurrentLiab": 1949040000, "longTermDebt": 9560000, "otherLiab": 149370000, "totalCurrentLiabilities": 2737360000, "totalLiab": 2919870000, "commonStock": 323300000, "retainedEarnings": 4964090000, "treasuryStock": 14390000, "otherStockholderEquity": 14390000, "totalStockholderEquity": 5301780000, "netTangibleAssets": 5254570000}, {"maxAge": 1, "endDate": "2019-12-31", "totalStockholderEquity": 5114400000, "netTangibleAssets": 5072900000}, {"maxAge": 1, "endDate": "2019-09-30", "cash": 496700000, "shortTermInvestments": 817000000, "netReceivables": 1631900000, "inventory": 1810600000, "otherCurrentAssets": 303000000, "totalCurrentAssets": 5059200000, "longTermInvestments": 215700000, "propertyPlantEquipment": 2535100000, "intangibleAssets": 41500000, "otherAssets": 77700000, "totalAssets": 7929200000, "accountsPayable": 844600000, "otherCurrentLiab": 1777700000, "otherLiab": 192500000, "totalCurrentLiabilities": 2622300000, "totalLiab": 2814800000, "commonStock": 323300000, "treasuryStock": 4791100000, "otherStockholderEquity": 4791100000, "totalStockholderEquity": 5114400000, "netTangibleAssets": 5072900000}], "maxAge": 86400}, "earningsHistory": {"history": [{"maxAge": 1, "epsActual": 0.86, "epsEstimate": 0.95, "epsDifference": -0.09, "surprisePercent": -0.095, "quarter": "2017-09-30", "period": "-4q"}, {"maxAge": 1, "epsActual": 0.64, "epsEstimate": 0.88, "epsDifference": -0.24, "surprisePercent": -0.273, "quarter": "2017-12-31", "period": "-3q"}, {"maxAge": 1, "epsActual": 0.54, "epsEstimate": 0.86, "epsDifference": -0.32, "surprisePercent": -0.372, "quarter": "2018-06-30", "period": "-2q"}, {"maxAge": 1, "epsActual": 0.83, "epsEstimate": 0.96, "epsDifference": -0.13, "surprisePercent": -0.135, "quarter": "2018-09-30", "period": "-1q"}], "maxAge": 86400}, "indexTrend": {"maxAge": 1, "symbol": "SP5", "peRatio": 19.7411, "pegRatio": 1.34172, "estimates": [{"period": "0q", "growth": 0.549}, {"period": "+1q", "growth": 0.431}, {"period": "0y", "growth": 0.305}, {"period": "+1y", "growth": 0.109}, {"period": "+5y", "growth": 0.120865}, {"period": "-5y"}]}, "industryTrend": {"maxAge": 1, "symbol": null, "estimates": []}, "insiderTransactions": {"transactions": [{"maxAge": 1, "shares": 1263000, "filerUrl": "", "transactionText": "", "filerName": "Subhadra Trade & Finance Ltd", "filerRelation": "Promoter", "moneyText": "", "startDate": "2019-02-15", "ownership": "D"}, {"maxAge": 1, "shares": 1023000, "filerUrl": "", "transactionText": "", "filerName": "Sawhney (Dhruv Manmohan)", "filerRelation": "Executive Chairman", "moneyText": "", "startDate": "2019-02-15", "ownership": "D"}, {"maxAge": 1, "shares": 240000, "filerUrl": "", "transactionText": "", "filerName": "Sawhney (Rati)", "filerRelation": "Promoter", "moneyText": "", "startDate": "2019-02-15", "ownership": "D"}, {"maxAge": 1, "shares": 1372020, "filerUrl": "", "transactionText": "", "filerName": "Triveni Engineering & Industries Ltd", "filerRelation": "Promoter", "moneyText": "", "startDate": "2019-02-01", "ownership": "D"}, {"maxAge": 1, "shares": 514832, "filerUrl": "", "transactionText": "", "filerName": "Sawhney (Dhruv Manmohan)", "filerRelation": "Executive Chairman", "moneyText": "", "startDate": "2019-02-01", "ownership": "D"}, {"maxAge": 1, "shares": 75996, "filerUrl": "", "transactionText": "", "filerName": "Sawhney (Manmohan) HUF", "filerRelation": "Promoter", "moneyText": "", "startDate": "2019-02-01", "ownership": "D"}, {"maxAge": 1, "shares": 311311, "filerUrl": "", "transactionText": "", "filerName": "Sawhney (Nikhil)", "filerRelation": "Vice Chairman", "moneyText": "", "startDate": "2019-02-01", "ownership": "D"}, {"maxAge": 1, "shares": 128207, "filerUrl": "", "transactionText": "", "filerName": "Sawhney (Rati)", "filerRelation": "Promoter", "moneyText": "", "startDate": "2019-02-01", "ownership": "D"}, {"maxAge": 1, "shares": 516, "filerUrl": "", "transactionText": "", "filerName": "Sawhney (Tarana)", "filerRelation": "Promoter", "moneyText": "", "startDate": "2019-02-01", "ownership": "D"}, {"maxAge": 1, "shares": 294687, "filerUrl": "", "transactionText": "", "filerName": "Sawhney (Tarun)", "filerRelation": "Non-Independent Non-Executive Director", "moneyText": "", "startDate": "2019-02-01", "ownership": "D"}, {"maxAge": 1, "shares": 1664153, "filerUrl": "", "transactionText": "", "filerName": "Subhadra Trade & Finance Ltd", "filerRelation": "Promoter", "moneyText": "", "startDate": "2019-02-01", "ownership": "D"}, {"maxAge": 1, "shares": 20000, "filerUrl": "", "transactionText": "", "filerName": "Mote (Madhuri Arun)", "filerRelation": "UNREPORTED", "moneyText": "", "startDate": "2017-07-07", "ownership": "D"}, {"maxAge": 1, "shares": 7500000, "filerUrl": "", "transactionText": "", "filerName": "Sawhney (Rati)", "filerRelation": "Promoter", "moneyText": "", "startDate": "2016-09-02", "ownership": "D"}, {"maxAge": 1, "shares": 4000, "filerUrl": "", "transactionText": "", "filerName": "Mote (Arun Prabhakar)", "filerRelation": "Director (Executive)", "moneyText": "", "startDate": "2014-09-09", "ownership": "D"}, {"maxAge": 1, "shares": 0, "filerUrl": "", "transactionText": "", "filerName": "Mote (Arun Prabhakar)", "filerRelation": "Director (Executive)", "moneyText": "", "startDate": "2014-09-09", "ownership": "I"}, {"maxAge": 1, "shares": 2000, "filerUrl": "", "transactionText": "", "filerName": "Mote (Arun Prabhakar)", "filerRelation": "Director (Executive)", "moneyText": "", "startDate": "2014-06-13", "ownership": "D"}, {"maxAge": 1, "shares": 3000, "filerUrl": "", "transactionText": "", "filerName": "Mote (Arun Prabhakar)", "filerRelation": "Director (Executive)", "moneyText": "", "startDate": "2014-06-06", "ownership": "D"}, {"maxAge": 1, "shares": 3118000, "filerUrl": "", "transactionText": "", "filerName": "Sawhney (Rati)", "filerRelation": "Promoter", "moneyText": "", "startDate": "2014-06-06", "ownership": "D"}, {"maxAge": 1, "shares": 3200000, "filerUrl": "", "transactionText": "", "filerName": "Sawhney (Dhruv Manmohan)", "filerRelation": "Executive Chairman", "moneyText": "", "startDate": "2014-06-06", "ownership": "D"}, {"maxAge": 1, "shares": 5000, "filerUrl": "", "transactionText": "", "filerName": "Mote (Arun Prabhakar)", "filerRelation": "Director (Executive)", "moneyText": "", "startDate": "2014-06-05", "ownership": "D"}, {"maxAge": 1, "shares": 6000, "filerUrl": "", "transactionText": "", "filerName": "Mote (Arun Prabhakar)", "filerRelation": "Director (Executive)", "moneyText": "", "startDate": "2014-06-04", "ownership": "D"}, {"maxAge": 1, "shares": 27600, "filerUrl": "", "transactionText": "", "filerName": "Mote (Arun Prabhakar)", "filerRelation": "Director (Executive)", "moneyText": "", "startDate": "2014-05-23", "ownership": "D"}, {"maxAge": 1, "shares": 64400, "filerUrl": "", "transactionText": "", "filerName": "Mote (Arun Prabhakar)", "filerRelation": "Director (Executive)", "moneyText": "", "startDate": "2014-03-31", "ownership": "D"}, {"maxAge": 1, "shares": 26650, "filerUrl": "", "transactionText": "", "filerName": "Mote (Arun Prabhakar)", "filerRelation": "Director (Executive)", "moneyText": "", "startDate": "2013-12-30", "ownership": "D"}, {"maxAge": 1, "shares": 26650, "filerUrl": "", "transactionText": "", "filerName": "Mote (Madhuri Arun)", "filerRelation": "UNREPORTED", "moneyText": "", "startDate": "2013-12-30", "ownership": "D"}, {"maxAge": 1, "shares": 8782486, "filerUrl": "", "transactionText": "", "filerName": "Nalanda India Fund Ltd", "filerRelation": "Private Equity", "moneyText": "", "startDate": "2013-08-06", "ownership": "D"}, {"maxAge": 1, "shares": 8000000, "filerUrl": "", "transactionText": "", "filerName": "Sawhney (Dhruv Manmohan)", "filerRelation": "Executive Chairman", "moneyText": "", "startDate": "2013-02-01", "ownership": "D"}, {"maxAge": 1, "shares": 2000000, "filerUrl": "", "transactionText": "", "filerName": "Sawhney (Rati)", "filerRelation": "Promoter", "moneyText": "", "startDate": "2013-02-01", "ownership": "D"}], "maxAge": 1}, "quoteType": {"exchange": "BSE", "quoteType": "EQUITY", "symbol": "TRITURBINE.BO", "underlyingSymbol": "TRITURBINE.BO", "shortName": "TRIVENI TURBINE LTD.", "longName": "Triveni Turbine Limited", "firstTradeDateEpochUtc": "2011-10-28 09:15:00", "timeZoneFullName": "Asia/Kolkata", "timeZoneShortName": "IST", "uuid": "0bdc782f-27cd-3c65-9881-d66fd750374b", "gmtOffSetMilliseconds": 19800000, "maxAge": 1}, "incomeStatementHistory": {"incomeStatementHistory": [{"maxAge": 1, "endDate": "2020-03-31", "totalRevenue": 8178680000, "costOfRevenue": 4468190000, "grossProfit": 3710490000, "researchDevelopment": {}, "sellingGeneralAdministrative": 1026170000, "nonRecurring": {}, "otherOperatingExpenses": 1082090000, "totalOperatingExpenses": 6777520000, "operatingIncome": 1401160000, "totalOtherIncomeExpenseNet": 158270000, "ebit": 1401160000, "interestExpense": -32250000, "incomeBeforeTax": 1559430000, "incomeTaxExpense": 341650000, "minorityInterest": {}, "netIncomeFromContinuingOps": 1217780000, "discontinuedOperations": {}, "extraordinaryItems": {}, "effectOfAccountingCharges": {}, "otherItems": {}, "netIncome": 1217780000, "netIncomeApplicableToCommonShares": 1217780000}, {"maxAge": 1, "endDate": "2019-03-31", "totalRevenue": 8399860000, "costOfRevenue": 4769670000, "grossProfit": 3630190000, "researchDevelopment": {}, "sellingGeneralAdministrative": 1008250000, "nonRecurring": {}, "otherOperatingExpenses": 1095550000, "totalOperatingExpenses": 7074710000, "operatingIncome": 1325150000, "totalOtherIncomeExpenseNet": 168610000, "ebit": 1325150000, "interestExpense": -10150000, "incomeBeforeTax": 1493760000, "incomeTaxExpense": 491510000, "minorityInterest": {}, "netIncomeFromContinuingOps": 1002250000, "discontinuedOperations": {}, "extraordinaryItems": {}, "effectOfAccountingCharges": {}, "otherItems": {}, "netIncome": 1002250000, "netIncomeApplicableToCommonShares": 1002250000}, {"maxAge": 1, "endDate": "2018-03-31", "totalRevenue": 7510930000, "costOfRevenue": 3929700000, "grossProfit": 3581230000, "researchDevelopment": {}, "sellingGeneralAdministrative": 897650000, "nonRecurring": {}, "otherOperatingExpenses": 1091260000, "totalOperatingExpenses": 6109850000, "operatingIncome": 1401080000, "totalOtherIncomeExpenseNet": 36730000, "ebit": 1401080000, "interestExpense": -4210000, "incomeBeforeTax": 1437810000, "incomeTaxExpense": 478120000, "minorityInterest": {}, "netIncomeFromContinuingOps": 959690000, "discontinuedOperations": {}, "extraordinaryItems": {}, "effectOfAccountingCharges": {}, "otherItems": {}, "netIncome": 959690000, "netIncomeApplicableToCommonShares": 959690000}, {"maxAge": 1, "endDate": "2017-03-31", "totalRevenue": 7446070000, "costOfRevenue": 3917990000, "grossProfit": 3528080000, "researchDevelopment": {}, "sellingGeneralAdministrative": 819530000, "nonRecurring": {}, "otherOperatingExpenses": 1013260000, "totalOperatingExpenses": 5898760000, "operatingIncome": 1547310000, "totalOtherIncomeExpenseNet": 298680000, "ebit": 1547310000, "interestExpense": -1750000, "incomeBeforeTax": 1845990000, "incomeTaxExpense": 610450000, "minorityInterest": {}, "netIncomeFromContinuingOps": 1235540000, "discontinuedOperations": {}, "extraordinaryItems": {}, "effectOfAccountingCharges": {}, "otherItems": {}, "netIncome": 1235540000, "netIncomeApplicableToCommonShares": 1235540000}], "maxAge": 86400}, "fundOwnership": {"ownershipList": [{"maxAge": 1, "reportDate": "2020-07-31", "organization": "DFA Emerging Markets Core Equity Portfolio", "pctHeld": 0.0021, "position": 689421, "value": 43261167}, {"maxAge": 1, "reportDate": "2020-07-31", "organization": "DFA Emerging Markets Small Cap Series", "pctHeld": 0.0013, "position": 426083, "value": 26736708}, {"maxAge": 1, "reportDate": "2020-07-31", "organization": "DFA Investment Dimensions-Emerging Markets Social Core Equity", "pctHeld": 0.0001, "position": 39003, "value": 2447438}, {"maxAge": 1, "reportDate": "2020-07-31", "organization": "DFA T.A. World Ex U.S. Core Equity Portfolio", "pctHeld": 0.0001, "position": 34210, "value": 2146677}, {"maxAge": 1, "reportDate": "2020-07-31", "organization": "John Hancock Fds II-Emerging Markets Fund", "pctHeld": 0.0001, "position": 24757, "value": 1553501}], "maxAge": 1}, "summaryDetail": {"maxAge": 1, "priceHint": 2, "previousClose": 100.45, "open": 101.35, "dayLow": 99.65, "dayHigh": 102.2, "regularMarketPreviousClose": 100.45, "regularMarketOpen": 101.35, "regularMarketDayLow": 99.65, "regularMarketDayHigh": 102.2, "trailingPE": 27.308743, "forwardPE": 24.259708, "volume": 4059, "regularMarketVolume": 4059, "averageVolume": 19193, "averageVolume10days": 3632, "averageDailyVolume10Day": 3632, "bid": 99.7, "ask": 101.95, "bidSize": 0, "askSize": 0, "marketCap": 32314333184, "fiftyTwoWeekLow": 45.9, "fiftyTwoWeekHigh": 102.2, "fiftyDayAverage": 85.39697, "twoHundredDayAverage": 74.82831, "trailingAnnualDividendRate": 0.5, "trailingAnnualDividendYield": 0.004977601, "currency": "INR", "fromCurrency": null, "lastMarket": null, "algorithm": null, "tradeable": false}, "sectorTrend": {"maxAge": 1, "symbol": null, "estimates": []}, "incomeStatementHistoryQuarterly": {"incomeStatementHistory": [{"maxAge": 1, "endDate": "2020-06-30", "totalRevenue": 1651700000, "costOfRevenue": 864100000, "grossProfit": 787600000, "researchDevelopment": {}, "sellingGeneralAdministrative": 217400000, "nonRecurring": {}, "otherOperatingExpenses": 183600000, "totalOperatingExpenses": 1315800000, "operatingIncome": 335900000, "totalOtherIncomeExpenseNet": 29200000, "ebit": 335900000, "interestExpense": -3000000, "incomeBeforeTax": 365100000, "incomeTaxExpense": 92600000, "minorityInterest": {}, "netIncomeFromContinuingOps": 272500000, "discontinuedOperations": {}, "extraordinaryItems": {}, "effectOfAccountingCharges": {}, "otherItems": {}, "netIncome": 272500000, "netIncomeApplicableToCommonShares": 272500000}, {"maxAge": 1, "endDate": "2020-03-31", "totalRevenue": 1539080000, "costOfRevenue": 891990000, "grossProfit": 647090000, "researchDevelopment": {}, "sellingGeneralAdministrative": 264070000, "nonRecurring": {}, "otherOperatingExpenses": 158990000, "totalOperatingExpenses": 1364420000, "operatingIncome": 174660000, "totalOtherIncomeExpenseNet": 5470000, "ebit": 174660000, "interestExpense": -7050000, "incomeBeforeTax": 180130000, "incomeTaxExpense": 42350000, "minorityInterest": {}, "netIncomeFromContinuingOps": 137780000, "discontinuedOperations": {}, "extraordinaryItems": {}, "effectOfAccountingCharges": {}, "otherItems": {}, "netIncome": 137780000, "netIncomeApplicableToCommonShares": 137780000}, {"maxAge": 1, "endDate": "2019-12-31", "totalRevenue": 2030000000, "costOfRevenue": 1057200000, "grossProfit": 972800000, "researchDevelopment": {}, "sellingGeneralAdministrative": 249500000, "nonRecurring": {}, "otherOperatingExpenses": 311300000, "totalOperatingExpenses": 1668400000, "operatingIncome": 361600000, "totalOtherIncomeExpenseNet": 10400000, "ebit": 361600000, "interestExpense": -6800000, "incomeBeforeTax": 372000000, "incomeTaxExpense": 101300000, "minorityInterest": {}, "netIncomeFromContinuingOps": 270700000, "discontinuedOperations": {}, "extraordinaryItems": {}, "effectOfAccountingCharges": {}, "otherItems": {}, "netIncome": 270700000, "netIncomeApplicableToCommonShares": 270700000}, {"maxAge": 1, "endDate": "2019-09-30", "totalRevenue": 2473300000, "costOfRevenue": 1310000000, "grossProfit": 1163300000, "researchDevelopment": {}, "sellingGeneralAdministrative": 267600000, "nonRecurring": {}, "otherOperatingExpenses": 366600000, "totalOperatingExpenses": 1995600000, "operatingIncome": 477700000, "totalOtherIncomeExpenseNet": 85400000, "ebit": 477700000, "interestExpense": -8800000, "incomeBeforeTax": 563100000, "incomeTaxExpense": 60800000, "minorityInterest": {}, "netIncomeFromContinuingOps": 502300000, "discontinuedOperations": {}, "extraordinaryItems": {}, "effectOfAccountingCharges": {}, "otherItems": {}, "netIncome": 502300000, "netIncomeApplicableToCommonShares": 502300000}], "maxAge": 86400}, "cashflowStatementHistoryQuarterly": {"cashflowStatements": [{"maxAge": 1, "endDate": "2020-06-30", "netIncome": 272500000, "changeToLiabilities": 0}, {"maxAge": 1, "endDate": "2020-03-31", "netIncome": 137780000, "changeToLiabilities": 0}, {"maxAge": 1, "endDate": "2019-12-31", "netIncome": 270700000, "changeToLiabilities": 0}, {"maxAge": 1, "endDate": "2019-09-30", "netIncome": 502300000, "changeToLiabilities": 0}], "maxAge": 86400}, "insiderHolders": {"holders": [{"maxAge": 1, "name": "Mote (Arun Prabhakar)", "relation": "Director (Executive)", "url": "", "transactionDescription": "Sale", "latestTransDate": "2014-09-09", "positionDirect": 72000, "positionDirectDate": "2014-09-09"}, {"maxAge": 1, "name": "Mote (Madhuri Arun)", "relation": "UNREPORTED", "url": "", "transactionDescription": "Sale", "latestTransDate": "2017-07-07", "positionDirect": 6650, "positionDirectDate": "2017-07-07"}, {"maxAge": 1, "name": "Sawhney (Dhruv Manmohan)", "relation": "Executive Chairman", "url": "", "transactionDescription": "Sale", "latestTransDate": "2019-02-15", "positionDirect": 23386813, "positionDirectDate": "2019-02-15"}, {"maxAge": 1, "name": "Sawhney (Manmohan) HUF", "relation": "Promoter", "url": "", "transactionDescription": "Other", "latestTransDate": "2019-02-01", "positionDirect": 3603229, "positionDirectDate": "2019-02-01"}, {"maxAge": 1, "name": "Sawhney (Nikhil)", "relation": "Vice Chairman", "url": "", "transactionDescription": "Other", "latestTransDate": "2019-02-01", "positionDirect": 14760246, "positionDirectDate": "2019-02-01"}, {"maxAge": 1, "name": "Sawhney (Rati)", "relation": "Promoter", "url": "", "transactionDescription": "Sale", "latestTransDate": "2019-02-15", "positionDirect": 5838707, "positionDirectDate": "2019-02-15"}, {"maxAge": 1, "name": "Sawhney (Tarana)", "relation": "Promoter", "url": "", "transactionDescription": "Other", "latestTransDate": "2019-02-01", "positionDirect": 24484, "positionDirectDate": "2019-02-01"}, {"maxAge": 1, "name": "Sawhney (Tarun)", "relation": "Non-Independent Non-Executive Director", "url": "", "transactionDescription": "Other", "latestTransDate": "2019-02-01", "positionDirect": 13972088, "positionDirectDate": "2019-02-01"}, {"maxAge": 1, "name": "Subhadra Trade & Finance Ltd", "relation": "Promoter", "url": "", "transactionDescription": "Purchase", "latestTransDate": "2019-02-15", "positionDirect": 86929264, "positionDirectDate": "2019-02-15"}, {"maxAge": 1, "name": "Triveni Engineering & Industries Ltd", "relation": "Promoter", "url": "", "transactionDescription": "Other", "latestTransDate": "2019-02-01", "positionDirect": 70627980, "positionDirectDate": "2019-02-01"}], "maxAge": 1}, "earnings": {"maxAge": 86400, "earningsChart": {"quarterly": [{"date": "3Q2017", "actual": 0.86, "estimate": 0.95}, {"date": "4Q2017", "actual": 0.64, "estimate": 0.88}, {"date": "2Q2018", "actual": 0.54, "estimate": 0.86}, {"date": "3Q2018", "actual": 0.83, "estimate": 0.96}], "currentQuarterEstimateDate": "4Q", "currentQuarterEstimateYear": 2018, "earningsDate": []}, "financialsChart": {"yearly": [{"date": 2017, "revenue": 7446070000, "earnings": 1235540000}, {"date": 2018, "revenue": 7510930000, "earnings": 959690000}, {"date": 2019, "revenue": 8399860000, "earnings": 1002250000}, {"date": 2020, "revenue": 8178680000, "earnings": 1217780000}], "quarterly": [{"date": "3Q2019", "revenue": 2473300000, "earnings": 502300000}, {"date": "4Q2019", "revenue": 2030000000, "earnings": 270700000}, {"date": "1Q2020", "revenue": 1539080000, "earnings": 137780000}, {"date": "2Q2020", "revenue": 1651700000, "earnings": 272500000}]}, "financialCurrency": "INR"}, "calendarEvents": {"maxAge": 1, "earnings": {"earningsDate": [], "revenueAverage": 2191000000, "revenueLow": 2191000000, "revenueHigh": 2191000000}}, "upgradeDowngradeHistory": {"history": [], "maxAge": 86400}, "price": {"maxAge": 1, "regularMarketChangePercent": -0.004977601, "regularMarketChange": -0.5, "regularMarketTime": "2021-04-30 15:26:34", "priceHint": 2, "regularMarketPrice": 99.95, "regularMarketDayHigh": 102.2, "regularMarketDayLow": 99.65, "regularMarketVolume": 4059, "averageDailyVolume10Day": 3632, "averageDailyVolume3Month": 19193, "regularMarketPreviousClose": 100.45, "regularMarketSource": "FREE_REALTIME", "regularMarketOpen": 101.35, "exchange": "BSE", "exchangeName": "BSE", "exchangeDataDelayedBy": 0, "marketState": "CLOSED", "quoteType": "EQUITY", "symbol": "TRITURBINE.BO", "underlyingSymbol": null, "shortName": "TRIVENI TURBINE LTD.", "longName": "Triveni Turbine Limited", "currency": "INR", "quoteSourceName": "Delayed Quote", "currencySymbol": "\u20b9", "fromCurrency": null, "lastMarket": null, "marketCap": 32314333184}, "balanceSheetHistory": {"balanceSheetStatements": [{"maxAge": 1, "endDate": "2020-03-31", "cash": 658050000, "shortTermInvestments": 24430000, "netReceivables": 1546320000, "inventory": 1727440000, "otherCurrentAssets": 103840000, "totalCurrentAssets": 5376200000, "longTermInvestments": 229120000, "propertyPlantEquipment": 2490210000, "intangibleAssets": 47210000, "otherAssets": 78910000, "totalAssets": 8221650000, "accountsPayable": 616720000, "shortLongTermDebt": 2130000, "otherCurrentLiab": 1949040000, "longTermDebt": 9560000, "otherLiab": 149370000, "totalCurrentLiabilities": 2737360000, "totalLiab": 2919870000, "commonStock": 323300000, "retainedEarnings": 4964090000, "treasuryStock": 14390000, "otherStockholderEquity": 14390000, "totalStockholderEquity": 5301780000, "netTangibleAssets": 5254570000}, {"maxAge": 1, "endDate": "2019-03-31", "cash": 270150000, "shortTermInvestments": 196400000, "netReceivables": 1904860000, "inventory": 2168370000, "otherCurrentAssets": 211980000, "totalCurrentAssets": 4623470000, "longTermInvestments": 138290000, "propertyPlantEquipment": 2552240000, "intangibleAssets": 42740000, "otherAssets": 52220000, "totalAssets": 7408960000, "accountsPayable": 1165910000, "shortLongTermDebt": 490000, "otherCurrentLiab": 1546950000, "longTermDebt": 20000, "otherLiab": 208930000, "totalCurrentLiabilities": 2866150000, "totalLiab": 3075100000, "commonStock": 323300000, "retainedEarnings": 3933200000, "treasuryStock": 77360000, "otherStockholderEquity": 77360000, "totalStockholderEquity": 4333860000, "netTangibleAssets": 4291120000}, {"maxAge": 1, "endDate": "2018-03-31", "cash": 115360000, "netReceivables": 2545620000, "inventory": 1807110000, "otherCurrentAssets": 151770000, "totalCurrentAssets": 4732320000, "longTermInvestments": 106580000, "propertyPlantEquipment": 2594620000, "intangibleAssets": 47100000, "otherAssets": 46610000, "totalAssets": 7527230000, "accountsPayable": 1464480000, "shortLongTermDebt": 560000, "otherCurrentLiab": 1314090000, "longTermDebt": 510000, "otherLiab": 120960000, "totalCurrentLiabilities": 2884460000, "totalLiab": 3005930000, "commonStock": 329970000, "retainedEarnings": 4161230000, "treasuryStock": 25410000, "capitalSurplus": 4690000, "otherStockholderEquity": 25410000, "totalStockholderEquity": 4521300000, "netTangibleAssets": 4474200000}, {"maxAge": 1, "endDate": "2017-03-31", "cash": 176990000, "netReceivables": 1813760000, "inventory": 1458660000, "otherCurrentAssets": 156210000, "totalCurrentAssets": 3663250000, "longTermInvestments": 131710000, "propertyPlantEquipment": 2369150000, "intangibleAssets": 52900000, "otherAssets": 221370000, "totalAssets": 6438380000, "accountsPayable": 943740000, "shortLongTermDebt": 1780000, "otherCurrentLiab": 1230590000, "longTermDebt": 2380000, "otherLiab": 162910000, "totalCurrentLiabilities": 2238490000, "totalLiab": 2403780000, "commonStock": 329970000, "retainedEarnings": 3674550000, "treasuryStock": 25390000, "capitalSurplus": 4690000, "otherStockholderEquity": 25390000, "totalStockholderEquity": 4034600000, "netTangibleAssets": 3981700000}], "maxAge": 86400}, "earningsTrend": {"trend": [{"maxAge": 1, "period": "0q", "endDate": "2018-12-31", "growth": {}, "earningsEstimate": {"avg": 0.0, "low": 0.0, "high": 0.0, "yearAgoEps": 0.86, "numberOfAnalysts": 0, "growth": {}}, "revenueEstimate": {"avg": 2191000000, "low": 2191000000, "high": 2191000000, "numberOfAnalysts": 1, "yearAgoRevenue": 1650400000, "growth": 0.32799998}, "epsTrend": {"current": 0.0, "7daysAgo": 0.97, "30daysAgo": 0.97, "60daysAgo": 0.97, "90daysAgo": 0.97}, "epsRevisions": {"upLast7days": 0, "upLast30days": 0, "downLast30days": 0, "downLast90days": {}}}, {"maxAge": 1, "period": "+1q", "endDate": "2019-03-31", "growth": {}, "earningsEstimate": {"avg": 0.0, "low": 0.0, "high": 0.0, "yearAgoEps": 0.64, "numberOfAnalysts": 0, "growth": {}}, "revenueEstimate": {"avg": 2498000000, "low": 2498000000, "high": 2498000000, "numberOfAnalysts": 1, "yearAgoRevenue": 2398600000, "growth": 0.040999997}, "epsTrend": {"current": 0.0, "7daysAgo": 1.2, "30daysAgo": 1.2, "60daysAgo": 1.2, "90daysAgo": 1.2}, "epsRevisions": {"upLast7days": 0, "upLast30days": 0, "downLast30days": 0, "downLast90days": {}}}, {"maxAge": 1, "period": "0y", "endDate": "2019-03-31", "growth": {}, "earningsEstimate": {"avg": 0.0, "low": 0.0, "high": 0.0, "yearAgoEps": {}, "numberOfAnalysts": 0, "growth": {}}, "revenueEstimate": {"avg": 8621000000, "low": 8620000000, "high": 8622000000, "numberOfAnalysts": 2, "yearAgoRevenue": 7409200000, "growth": 0.16399999}, "epsTrend": {"current": 0.0, "7daysAgo": 3.86, "30daysAgo": 3.86, "60daysAgo": 3.86, "90daysAgo": 3.86}, "epsRevisions": {"upLast7days": 0, "upLast30days": 0, "downLast30days": 0, "downLast90days": {}}}, {"maxAge": 1, "period": "+1y", "endDate": "2020-03-31", "growth": {}, "earningsEstimate": {"avg": 0.0, "low": 0.0, "high": 0.0, "yearAgoEps": {}, "numberOfAnalysts": 0, "growth": {}}, "revenueEstimate": {"avg": 9943000000, "low": 9850000000, "high": 10036000000, "numberOfAnalysts": 2, "yearAgoRevenue": 8621000000, "growth": 0.153}, "epsTrend": {"current": 0.0, "7daysAgo": 4.5, "30daysAgo": 4.5, "60daysAgo": 4.5, "90daysAgo": 4.5}, "epsRevisions": {"upLast7days": 0, "upLast30days": 0, "downLast30days": 0, "downLast90days": {}}}, {"maxAge": 1, "period": "+5y", "endDate": null, "growth": 0.051999997, "earningsEstimate": {"avg": {}, "low": {}, "high": {}, "yearAgoEps": {}, "numberOfAnalysts": {}, "growth": {}}, "revenueEstimate": {"avg": {}, "low": {}, "high": {}, "numberOfAnalysts": {}, "yearAgoRevenue": {}, "growth": {}}, "epsTrend": {"current": {}, "7daysAgo": {}, "30daysAgo": {}, "60daysAgo": {}, "90daysAgo": {}}, "epsRevisions": {"upLast7days": {}, "upLast30days": {}, "downLast30days": {}, "downLast90days": {}}}, {"maxAge": 1, "period": "-5y", "endDate": null, "growth": {}, "earningsEstimate": {"avg": {}, "low": {}, "high": {}, "yearAgoEps": {}, "numberOfAnalysts": {}, "growth": {}}, "revenueEstimate": {"avg": {}, "low": {}, "high": {}, "numberOfAnalysts": {}, "yearAgoRevenue": {}, "growth": {}}, "epsTrend": {"current": {}, "7daysAgo": {}, "30daysAgo": {}, "60daysAgo": {}, "90daysAgo": {}}, "epsRevisions": {"upLast7days": {}, "upLast30days": {}, "downLast30days": {}, "downLast90days": {}}}], "maxAge": 1}, "financialData": {"maxAge": 86400, "currentPrice": 99.95, "targetHighPrice": 147.0, "targetLowPrice": 115.0, "targetMeanPrice": 131.63, "targetMedianPrice": 132.0, "recommendationKey": "none", "numberOfAnalystOpinions": 8, "grossProfits": 3710490000, "financialCurrency": "INR"}}}