{"TRITONV.BO": {"recommendationTrend": {"trend": [{"period": "0m", "strongBuy": 0, "buy": 0, "hold": 0, "sell": 0, "strongSell": 0}, {"period": "-1m", "strongBuy": 0, "buy": 0, "hold": 0, "sell": 0, "strongSell": 0}, {"period": "-2m", "strongBuy": 0, "buy": 0, "hold": 0, "sell": 0, "strongSell": 0}, {"period": "-3m", "strongBuy": 0, "buy": 0, "hold": 0, "sell": 0, "strongSell": 0}], "maxAge": 86400}, "cashflowStatementHistory": {"cashflowStatements": [{"maxAge": 1, "endDate": "2020-03-31", "netIncome": 52747000, "depreciation": 111440000, "changeToNetincome": 31900000, "changeToAccountReceivables": 16879000, "changeToLiabilities": 138477000, "changeToInventory": -56639000, "changeToOperatingActivities": -9458000, "totalCashFromOperatingActivities": 287487000, "capitalExpenditures": -77807000, "otherCashflowsFromInvestingActivities": 1841000, "totalCashflowsFromInvestingActivities": -76869000, "dividendsPaid": -26855000, "netBorrowings": -115527000, "otherCashflowsFromFinancingActivities": -47697000, "totalCashFromFinancingActivities": -159079000, "changeInCash": 51539000, "issuanceOfStock": 31000000}, {"maxAge": 1, "endDate": "2019-03-31", "netIncome": 34515000, "depreciation": 106309000, "changeToNetincome": 38739000, "changeToAccountReceivables": 29992000, "changeToLiabilities": -78777000, "changeToInventory": 38852000, "changeToOperatingActivities": -16623000, "totalCashFromOperatingActivities": 155188000, "capitalExpenditures": -84388000, "otherCashflowsFromInvestingActivities": 1152000, "totalCashflowsFromInvestingActivities": -79217000, "dividendsPaid": -14768000, "netBorrowings": -2099000, "otherCashflowsFromFinancingActivities": -54686000, "totalCashFromFinancingActivities": -71553000, "changeInCash": 4418000, "issuanceOfStock": 31000000}, {"maxAge": 1, "endDate": "2018-03-31", "netIncome": 65370000, "depreciation": 102765000, "changeToNetincome": 51812000, "changeToAccountReceivables": -118692000, "changeToLiabilities": 134399000, "changeToInventory": -55003000, "changeToOperatingActivities": -172000, "totalCashFromOperatingActivities": 182500000, "capitalExpenditures": -119698000, "otherCashflowsFromInvestingActivities": 416000, "totalCashflowsFromInvestingActivities": -119093000, "dividendsPaid": -14850000, "netBorrowings": 3617000, "otherCashflowsFromFinancingActivities": -52797000, "totalCashFromFinancingActivities": -64030000, "changeInCash": -624000, "issuanceOfStock": 31000000}, {"maxAge": 1, "endDate": "2017-03-31", "netIncome": 86815000, "depreciation": 98110000, "changeToNetincome": 26466000, "changeToAccountReceivables": 55054000, "changeToLiabilities": 8115000, "changeToInventory": -42545000, "changeToOperatingActivities": -2372000, "totalCashFromOperatingActivities": 230647000, "capitalExpenditures": -145103000, "otherCashflowsFromInvestingActivities": 934000, "totalCashflowsFromInvestingActivities": -144059000, "dividendsPaid": -11880000, "netBorrowings": -17323000, "otherCashflowsFromFinancingActivities": -51907000, "totalCashFromFinancingActivities": -81110000, "changeInCash": 5478000, "issuanceOfStock": 31000000}], "maxAge": 86400}, "institutionOwnership": {"maxAge": 1, "ownershipList": []}, "balanceSheetHistoryQuarterly": {"balanceSheetStatements": [{"maxAge": 1, "endDate": "2020-06-30", "totalStockholderEquity": 776123000, "netTangibleAssets": 772285000}, {"maxAge": 1, "endDate": "2020-03-31", "cash": 61074000, "netReceivables": 351452000, "inventory": 351441000, "otherCurrentAssets": 63819000, "totalCurrentAssets": 833219000, "longTermInvestments": 4845000, "propertyPlantEquipment": 600922000, "intangibleAssets": 3838000, "otherAssets": 102790000, "totalAssets": 1545614000, "accountsPayable": 290348000, "shortLongTermDebt": 20585000, "otherCurrentLiab": 4253000, "longTermDebt": 34974000, "otherLiab": 26408000, "totalCurrentLiabilities": 709829000, "totalLiab": 771320000, "commonStock": 10300000, "retainedEarnings": 716516000, "treasuryStock": 1938000, "capitalSurplus": 45540000, "otherStockholderEquity": 1938000, "totalStockholderEquity": 774294000, "netTangibleAssets": 770456000}, {"maxAge": 1, "endDate": "2019-12-31", "totalStockholderEquity": 736356000, "netTangibleAssets": 731476000}, {"maxAge": 1, "endDate": "2019-09-30", "cash": 54449000, "netReceivables": 378522000, "inventory": 349077000, "otherCurrentAssets": 59599000, "totalCurrentAssets": 841647000, "longTermInvestments": 4643000, "propertyPlantEquipment": 620363000, "intangibleAssets": 4880000, "otherAssets": 16545000, "totalAssets": 1488078000, "accountsPayable": 153381000, "shortLongTermDebt": 46358000, "longTermDebt": 13558000, "otherLiab": 26238000, "totalCurrentLiabilities": 711926000, "totalLiab": 751722000, "commonStock": 9900000, "treasuryStock": 726456000, "otherStockholderEquity": 726456000, "totalStockholderEquity": 736356000, "netTangibleAssets": 731476000}], "maxAge": 86400}, "earningsHistory": {"history": [{"maxAge": 1, "epsActual": 15.17, "epsEstimate": 21.27, "epsDifference": -6.1, "surprisePercent": -0.287, "quarter": "2016-12-31", "period": "-4q"}, {"maxAge": 1, "epsActual": 23.9, "epsEstimate": 18.03, "epsDifference": 5.87, "surprisePercent": 0.32599998, "quarter": "2017-03-31", "period": "-3q"}, {"maxAge": 1, "epsActual": 13.14, "epsEstimate": 21.99, "epsDifference": -8.85, "surprisePercent": -0.402, "quarter": "2017-06-30", "period": "-2q"}, {"maxAge": 1, "epsActual": 10.59, "epsEstimate": 17.19, "epsDifference": -6.6, "surprisePercent": -0.384, "quarter": "2017-12-31", "period": "-1q"}], "maxAge": 86400}, "indexTrend": {"maxAge": 1, "symbol": "SP5", "peRatio": 19.7411, "pegRatio": 1.34172, "estimates": [{"period": "0q", "growth": 0.549}, {"period": "+1q", "growth": 0.431}, {"period": "0y", "growth": 0.305}, {"period": "+1y", "growth": 0.109}, {"period": "+5y", "growth": 0.120859005}, {"period": "-5y"}]}, "industryTrend": {"maxAge": 1, "symbol": null, "estimates": []}, "insiderTransactions": {"transactions": [{"maxAge": 1, "shares": 40000, "value": 419831, "filerUrl": "", "transactionText": "Other at price 10.50 per share.", "filerName": "Gokarn (Anuradha M.)", "filerRelation": "Promoter", "moneyText": "", "startDate": "2020-03-13", "ownership": "D"}], "maxAge": 1}, "quoteType": {"exchange": "BSE", "quoteType": "EQUITY", "symbol": "TRITONV.BO", "underlyingSymbol": "TRITONV.BO", "shortName": "TRITON VALVES LTD.", "longName": "Triton Valves Limited", "firstTradeDateEpochUtc": "2000-05-31 09:15:00", "timeZoneFullName": "Asia/Kolkata", "timeZoneShortName": "IST", "uuid": "1967b992-24eb-3b24-81a7-2cfb374942fd", "messageBoardId": null, "gmtOffSetMilliseconds": 19800000, "maxAge": 1}, "incomeStatementHistory": {"incomeStatementHistory": [{"maxAge": 1, "endDate": "2020-03-31", "totalRevenue": 2136747000, "costOfRevenue": 1360292000, "grossProfit": 776455000, "researchDevelopment": {}, "sellingGeneralAdministrative": 298572000, "nonRecurring": {}, "otherOperatingExpenses": 257847000, "totalOperatingExpenses": 2030292000, "operatingIncome": 106455000, "totalOtherIncomeExpenseNet": -34587000, "ebit": 106455000, "interestExpense": -43342000, "incomeBeforeTax": 71868000, "incomeTaxExpense": 19121000, "minorityInterest": {}, "netIncomeFromContinuingOps": 52747000, "discontinuedOperations": {}, "extraordinaryItems": {}, "effectOfAccountingCharges": {}, "otherItems": {}, "netIncome": 52747000, "netIncomeApplicableToCommonShares": 52747000}, {"maxAge": 1, "endDate": "2019-03-31", "totalRevenue": 2425262000, "costOfRevenue": 1658585000, "grossProfit": 766677000, "researchDevelopment": {}, "sellingGeneralAdministrative": 306520000, "nonRecurring": {}, "otherOperatingExpenses": 264642000, "totalOperatingExpenses": 2338237000, "operatingIncome": 87025000, "totalOtherIncomeExpenseNet": -45411000, "ebit": 87025000, "interestExpense": -51663000, "incomeBeforeTax": 41614000, "incomeTaxExpense": 7099000, "minorityInterest": {}, "netIncomeFromContinuingOps": 34515000, "discontinuedOperations": {}, "extraordinaryItems": {}, "effectOfAccountingCharges": {}, "otherItems": {}, "netIncome": 34515000, "netIncomeApplicableToCommonShares": 34515000}, {"maxAge": 1, "endDate": "2018-03-31", "totalRevenue": 2207897000, "costOfRevenue": 1386247000, "grossProfit": 821650000, "researchDevelopment": {}, "sellingGeneralAdministrative": 301405000, "nonRecurring": {}, "otherOperatingExpenses": 294938000, "totalOperatingExpenses": 2087376000, "operatingIncome": 120521000, "totalOtherIncomeExpenseNet": -32337000, "ebit": 120521000, "interestExpense": -49627000, "incomeBeforeTax": 88184000, "incomeTaxExpense": 22814000, "minorityInterest": {}, "netIncomeFromContinuingOps": 65370000, "discontinuedOperations": {}, "extraordinaryItems": {}, "effectOfAccountingCharges": {}, "otherItems": {}, "netIncome": 65370000, "netIncomeApplicableToCommonShares": 65370000}, {"maxAge": 1, "endDate": "2017-03-31", "totalRevenue": 1868775000, "costOfRevenue": 1097858000, "grossProfit": 770917000, "researchDevelopment": {}, "sellingGeneralAdministrative": 268238000, "nonRecurring": {}, "otherOperatingExpenses": 267518000, "totalOperatingExpenses": 1732728000, "operatingIncome": 136047000, "totalOtherIncomeExpenseNet": -27626000, "ebit": 136047000, "interestExpense": -49488000, "incomeBeforeTax": 108421000, "incomeTaxExpense": 21606000, "minorityInterest": {}, "netIncomeFromContinuingOps": 86815000, "discontinuedOperations": {}, "extraordinaryItems": {}, "effectOfAccountingCharges": {}, "otherItems": {}, "netIncome": 86815000, "netIncomeApplicableToCommonShares": 86815000}], "maxAge": 86400}, "fundOwnership": {"maxAge": 1, "ownershipList": []}, "summaryDetail": {"maxAge": 1, "priceHint": 2, "previousClose": 905.0, "open": 929.0, "dayLow": 880.0, "dayHigh": 929.0, "regularMarketPreviousClose": 905.0, "regularMarketOpen": 929.0, "regularMarketDayLow": 880.0, "regularMarketDayHigh": 929.0, "trailingPE": 51.2922, "forwardPE": 8.88217, "volume": 441, "regularMarketVolume": 441, "averageVolume": 854, "averageVolume10days": 488, "averageDailyVolume10Day": 488, "bid": 882.0, "ask": 895.0, "bidSize": 0, "askSize": 0, "marketCap": 907662464, "fiftyTwoWeekLow": 404.1, "fiftyTwoWeekHigh": 1199.0, "fiftyDayAverage": 1046.31, "twoHundredDayAverage": 866.88104, "trailingAnnualDividendRate": 15.0, "trailingAnnualDividendYield": 0.016574586, "currency": "INR", "fromCurrency": null, "toCurrency": null, "lastMarket": null, "algorithm": null, "tradeable": false}, "sectorTrend": {"maxAge": 1, "symbol": null, "estimates": []}, "incomeStatementHistoryQuarterly": {"incomeStatementHistory": [{"maxAge": 1, "endDate": "2020-06-30", "totalRevenue": 299849000, "costOfRevenue": 194558000, "grossProfit": 105291000, "researchDevelopment": {}, "sellingGeneralAdministrative": 65072000, "nonRecurring": {}, "otherOperatingExpenses": 35950000, "totalOperatingExpenses": 320406000, "operatingIncome": -20557000, "totalOtherIncomeExpenseNet": -6621000, "ebit": -20557000, "interestExpense": -11747000, "incomeBeforeTax": -27178000, "incomeTaxExpense": -2156000, "minorityInterest": {}, "netIncomeFromContinuingOps": -25022000, "discontinuedOperations": {}, "extraordinaryItems": {}, "effectOfAccountingCharges": {}, "otherItems": {}, "netIncome": -25022000, "netIncomeApplicableToCommonShares": -25022000}, {"maxAge": 1, "endDate": "2020-03-31", "totalRevenue": 512974000, "costOfRevenue": 339946000, "grossProfit": 173028000, "researchDevelopment": {}, "sellingGeneralAdministrative": 75786000, "nonRecurring": {}, "otherOperatingExpenses": 50268000, "totalOperatingExpenses": 495257000, "operatingIncome": 17717000, "totalOtherIncomeExpenseNet": -8920000, "ebit": 17717000, "interestExpense": -7421000, "incomeBeforeTax": 8797000, "incomeTaxExpense": -1606000, "minorityInterest": {}, "netIncomeFromContinuingOps": 10403000, "discontinuedOperations": {}, "extraordinaryItems": {}, "effectOfAccountingCharges": {}, "otherItems": {}, "netIncome": 10403000, "netIncomeApplicableToCommonShares": 10403000}, {"maxAge": 1, "endDate": "2019-12-31", "totalRevenue": 554278000, "costOfRevenue": 358009000, "grossProfit": 196269000, "researchDevelopment": {}, "sellingGeneralAdministrative": 75514000, "nonRecurring": {}, "otherOperatingExpenses": 66701000, "totalOperatingExpenses": 529116000, "operatingIncome": 25162000, "totalOtherIncomeExpenseNet": -7263000, "ebit": 25162000, "interestExpense": -12135000, "incomeBeforeTax": 17899000, "incomeTaxExpense": 1333000, "minorityInterest": {}, "netIncomeFromContinuingOps": 16566000, "discontinuedOperations": {}, "extraordinaryItems": {}, "effectOfAccountingCharges": {}, "otherItems": {}, "netIncome": 16566000, "netIncomeApplicableToCommonShares": 16566000}, {"maxAge": 1, "endDate": "2019-09-30", "totalRevenue": 538151000, "costOfRevenue": 327514000, "grossProfit": 210637000, "researchDevelopment": {}, "sellingGeneralAdministrative": 75928000, "nonRecurring": {}, "otherOperatingExpenses": 72636000, "totalOperatingExpenses": 504151000, "operatingIncome": 34000000, "totalOtherIncomeExpenseNet": -9227000, "ebit": 34000000, "interestExpense": -10807000, "incomeBeforeTax": 24773000, "incomeTaxExpense": 11224000, "minorityInterest": {}, "netIncomeFromContinuingOps": 13549000, "discontinuedOperations": {}, "extraordinaryItems": {}, "effectOfAccountingCharges": {}, "otherItems": {}, "netIncome": 13549000, "netIncomeApplicableToCommonShares": 13549000}], "maxAge": 86400}, "cashflowStatementHistoryQuarterly": {"cashflowStatements": [{"maxAge": 1, "endDate": "2020-06-30", "netIncome": -25022000, "changeToLiabilities": 0}, {"maxAge": 1, "endDate": "2020-03-31", "netIncome": 10403000, "changeToLiabilities": 0}, {"maxAge": 1, "endDate": "2019-12-31", "netIncome": 16566000, "changeToLiabilities": 0}, {"maxAge": 1, "endDate": "2019-09-30", "netIncome": 13549000, "changeToLiabilities": 0}], "maxAge": 86400}, "insiderHolders": {"holders": [{"maxAge": 1, "name": "Gokarn (Anuradha M.)", "relation": "Promoter", "url": "", "transactionDescription": "Other", "latestTransDate": "2020-03-13", "positionDirect": 320041, "positionDirectDate": "2020-03-13"}], "maxAge": 1}, "earnings": {"maxAge": 86400, "earningsChart": {"quarterly": [{"date": "4Q2016", "actual": 15.17, "estimate": 21.27}, {"date": "1Q2017", "actual": 23.9, "estimate": 18.03}, {"date": "2Q2017", "actual": 13.14, "estimate": 21.99}, {"date": "4Q2017", "actual": 10.59, "estimate": 17.19}], "currentQuarterEstimateDate": "1Q", "currentQuarterEstimateYear": 2018, "earningsDate": ["2020-08-20 05:30:S"]}, "financialsChart": {"yearly": [{"date": 2017, "revenue": 1868775000, "earnings": 86815000}, {"date": 2018, "revenue": 2207897000, "earnings": 65370000}, {"date": 2019, "revenue": 2425262000, "earnings": 34515000}, {"date": 2020, "revenue": 2136747000, "earnings": 52747000}], "quarterly": [{"date": "3Q2019", "revenue": 538151000, "earnings": 13549000}, {"date": "4Q2019", "revenue": 554278000, "earnings": 16566000}, {"date": "1Q2020", "revenue": 512974000, "earnings": 10403000}, {"date": "2Q2020", "revenue": 299849000, "earnings": -25022000}]}, "financialCurrency": "INR"}, "calendarEvents": {"maxAge": 1, "earnings": {"earningsDate": ["2020-08-20 05:30:S"], "revenueAverage": 552865000}}, "price": {"maxAge": 1, "regularMarketChangePercent": -0.02629833, "regularMarketChange": -23.799988, "regularMarketTime": "2021-04-30 15:24:01", "priceHint": 2, "regularMarketPrice": 881.2, "regularMarketDayHigh": 929.0, "regularMarketDayLow": 880.0, "regularMarketVolume": 441, "averageDailyVolume10Day": 488, "averageDailyVolume3Month": 854, "regularMarketPreviousClose": 905.0, "regularMarketSource": "FREE_REALTIME", "regularMarketOpen": 929.0, "exchange": "BSE", "exchangeName": "BSE", "exchangeDataDelayedBy": 0, "marketState": "CLOSED", "quoteType": "EQUITY", "symbol": "TRITONV.BO", "underlyingSymbol": null, "shortName": "TRITON VALVES LTD.", "longName": "Triton Valves Limited", "currency": "INR", "quoteSourceName": "Delayed Quote", "currencySymbol": "\u20b9", "fromCurrency": null, "toCurrency": null, "lastMarket": null, "marketCap": 907662464}, "balanceSheetHistory": {"balanceSheetStatements": [{"maxAge": 1, "endDate": "2020-03-31", "cash": 61074000, "netReceivables": 351452000, "inventory": 351441000, "otherCurrentAssets": 63819000, "totalCurrentAssets": 833219000, "longTermInvestments": 4845000, "propertyPlantEquipment": 600922000, "intangibleAssets": 3838000, "otherAssets": 102790000, "totalAssets": 1545614000, "accountsPayable": 290348000, "shortLongTermDebt": 20585000, "otherCurrentLiab": 4253000, "longTermDebt": 34974000, "otherLiab": 26408000, "totalCurrentLiabilities": 709829000, "totalLiab": 771320000, "commonStock": 10300000, "retainedEarnings": 716516000, "treasuryStock": 1938000, "capitalSurplus": 45540000, "otherStockholderEquity": 1938000, "totalStockholderEquity": 774294000, "netTangibleAssets": 770456000}, {"maxAge": 1, "endDate": "2019-03-31", "cash": 9535000, "netReceivables": 371293000, "inventory": 294802000, "otherCurrentAssets": 78907000, "totalCurrentAssets": 758254000, "longTermInvestments": 4412000, "propertyPlantEquipment": 665950000, "intangibleAssets": 5808000, "otherAssets": 22435000, "totalAssets": 1456859000, "accountsPayable": 151871000, "shortLongTermDebt": 45169000, "otherCurrentLiab": 1485000, "longTermDebt": 42393000, "otherLiab": 22225000, "totalCurrentLiabilities": 668703000, "totalLiab": 733321000, "commonStock": 9900000, "retainedEarnings": 698698000, "capitalSurplus": 14940000, "totalStockholderEquity": 723538000, "netTangibleAssets": 717730000}, {"maxAge": 1, "endDate": "2018-03-31", "cash": 5117000, "netReceivables": 402007000, "inventory": 333654000, "otherCurrentAssets": 58528000, "totalCurrentAssets": 802610000, "longTermInvestments": 5049000, "propertyPlantEquipment": 675791000, "intangibleAssets": 7321000, "otherAssets": 32767000, "totalAssets": 1523538000, "accountsPayable": 230641000, "shortLongTermDebt": 45169000, "otherCurrentLiab": 1525000, "longTermDebt": 145731000, "otherLiab": 23078000, "totalCurrentLiabilities": 647941000, "totalLiab": 816750000, "commonStock": 9900000, "retainedEarnings": 681948000, "capitalSurplus": 14940000, "totalStockholderEquity": 706788000, "netTangibleAssets": 699467000}, {"maxAge": 1, "endDate": "2017-03-31", "cash": 5741000, "netReceivables": 310409000, "inventory": 278651000, "otherCurrentAssets": 54352000, "totalCurrentAssets": 652603000, "longTermInvestments": 4345000, "propertyPlantEquipment": 671181000, "intangibleAssets": 6007000, "otherAssets": 24471000, "totalAssets": 1358607000, "accountsPayable": 96242000, "shortLongTermDebt": 37553000, "otherCurrentLiab": 1399000, "longTermDebt": 140900000, "otherLiab": 37074000, "totalCurrentLiabilities": 522426000, "totalLiab": 700400000, "commonStock": 9900000, "retainedEarnings": 633367000, "capitalSurplus": 14940000, "totalStockholderEquity": 658207000, "netTangibleAssets": 652200000}], "maxAge": 86400}, "earningsTrend": {"trend": [{"maxAge": 1, "period": "0q", "endDate": "2018-03-31", "growth": {}, "earningsEstimate": {"avg": 0.0, "low": 0.0, "high": 0.0, "yearAgoEps": 15.17, "numberOfAnalysts": 0, "growth": {}}, "revenueEstimate": {"avg": 552865000, "low": 0, "high": 0, "numberOfAnalysts": 0, "yearAgoRevenue": 445469000, "growth": 0.241}, "epsTrend": {"current": 0.0, "7daysAgo": 0.0, "30daysAgo": 0.0, "60daysAgo": 0.0, "90daysAgo": 0.0}, "epsRevisions": {"upLast7days": 0, "upLast30days": 0, "downLast30days": 0, "downLast90days": {}}}, {"maxAge": 1, "period": "+1q", "endDate": "2018-06-30", "growth": {}, "earningsEstimate": {"avg": 0.0, "low": 0.0, "high": 0.0, "yearAgoEps": 23.9, "numberOfAnalysts": 0, "growth": {}}, "revenueEstimate": {"avg": 609974000, "low": 0, "high": 0, "numberOfAnalysts": 0, "yearAgoRevenue": 473039000, "growth": 0.289}, "epsTrend": {"current": 0.0, "7daysAgo": 0.0, "30daysAgo": 0.0, "60daysAgo": 0.0, "90daysAgo": 0.0}, "epsRevisions": {"upLast7days": 0, "upLast30days": 0, "downLast30days": 0, "downLast90days": {}}}, {"maxAge": 1, "period": "0y", "endDate": "2018-03-31", "growth": {}, "earningsEstimate": {"avg": 0.0, "low": 0.0, "high": 0.0, "yearAgoEps": {}, "numberOfAnalysts": 0, "growth": {}}, "revenueEstimate": {"avg": 2207900000, "low": 2122930000, "high": 2122930000, "numberOfAnalysts": 1, "yearAgoRevenue": 1868770000, "growth": 0.18100001}, "epsTrend": {"current": 0.0, "7daysAgo": 88.07, "30daysAgo": 88.07, "60daysAgo": 88.07, "90daysAgo": 88.07}, "epsRevisions": {"upLast7days": 0, "upLast30days": 0, "downLast30days": 0, "downLast90days": {}}}, {"maxAge": 1, "period": "+1y", "endDate": "2019-03-31", "growth": {}, "earningsEstimate": {"avg": 0.0, "low": 0.0, "high": 0.0, "yearAgoEps": {}, "numberOfAnalysts": 0, "growth": {}}, "revenueEstimate": {"avg": 2356450000, "low": 2356450000, "high": 2356450000, "numberOfAnalysts": 1, "yearAgoRevenue": 2207900000, "growth": 0.067}, "epsTrend": {"current": 0.0, "7daysAgo": 99.21, "30daysAgo": 99.21, "60daysAgo": 99.21, "90daysAgo": 99.21}, "epsRevisions": {"upLast7days": 0, "upLast30days": 0, "downLast30days": 0, "downLast90days": {}}}, {"maxAge": 1, "period": "+5y", "endDate": null, "growth": {}, "earningsEstimate": {"avg": {}, "low": {}, "high": {}, "yearAgoEps": {}, "numberOfAnalysts": {}, "growth": {}}, "revenueEstimate": {"avg": {}, "low": {}, "high": {}, "numberOfAnalysts": {}, "yearAgoRevenue": {}, "growth": {}}, "epsTrend": {"current": {}, "7daysAgo": {}, "30daysAgo": {}, "60daysAgo": {}, "90daysAgo": {}}, "epsRevisions": {"upLast7days": {}, "upLast30days": {}, "downLast30days": {}, "downLast90days": {}}}, {"maxAge": 1, "period": "-5y", "endDate": null, "growth": {}, "earningsEstimate": {"avg": {}, "low": {}, "high": {}, "yearAgoEps": {}, "numberOfAnalysts": {}, "growth": {}}, "revenueEstimate": {"avg": {}, "low": {}, "high": {}, "numberOfAnalysts": {}, "yearAgoRevenue": {}, "growth": {}}, "epsTrend": {"current": {}, "7daysAgo": {}, "30daysAgo": {}, "60daysAgo": {}, "90daysAgo": {}}, "epsRevisions": {"upLast7days": {}, "upLast30days": {}, "downLast30days": {}, "downLast90days": {}}}], "maxAge": 1}, "financialData": {"maxAge": 86400, "currentPrice": 881.2, "targetHighPrice": 950.0, "targetLowPrice": 950.0, "targetMeanPrice": 950.0, "targetMedianPrice": 950.0, "recommendationKey": "none", "numberOfAnalystOpinions": 1, "grossProfits": 776455000, "financialCurrency": "INR"}}}