{"TTFL.BO": {"cashflowStatementHistory": {"cashflowStatements": [{"maxAge": 1, "endDate": "2020-03-31", "netIncome": 8588672, "depreciation": 8048419, "changeToNetincome": 26445822, "changeToAccountReceivables": 29651964, "changeToLiabilities": -32178262, "changeToInventory": -61868754, "changeToOperatingActivities": -11216352, "totalCashFromOperatingActivities": -31717209, "capitalExpenditures": -17062446, "investments": 2141748, "otherCashflowsFromInvestingActivities": -9950834, "totalCashflowsFromInvestingActivities": -24071532, "dividendsPaid": -4095875, "netBorrowings": 81505111, "otherCashflowsFromFinancingActivities": -24690288, "totalCashFromFinancingActivities": 52718948, "changeInCash": -3069792}, {"maxAge": 1, "endDate": "2019-03-31", "netIncome": 12742158, "depreciation": 3038884, "changeToNetincome": 5286194, "changeToAccountReceivables": 27330941, "changeToLiabilities": -79790958, "changeToInventory": 11427927, "changeToOperatingActivities": -8417441, "totalCashFromOperatingActivities": -27534023, "capitalExpenditures": -76066354, "investments": 12285340, "otherCashflowsFromInvestingActivities": -2397274, "totalCashflowsFromInvestingActivities": -66138247, "dividendsPaid": -782672, "netBorrowings": 85020534, "otherCashflowsFromFinancingActivities": -8646919, "totalCashFromFinancingActivities": 95886943, "changeInCash": 2214674, "issuanceOfStock": 20296000}, {"maxAge": 1, "endDate": "2018-03-31", "netIncome": 7500090, "depreciation": 1258877, "changeToNetincome": -1277944, "changeToAccountReceivables": -167328794, "changeToLiabilities": 154683910, "changeToInventory": -27606837, "changeToOperatingActivities": 8306984, "totalCashFromOperatingActivities": -24463714, "capitalExpenditures": -4368599, "investments": -18308192, "otherCashflowsFromInvestingActivities": -2397274, "totalCashflowsFromInvestingActivities": -22676791, "dividendsPaid": -782672, "netBorrowings": -10166739, "otherCashflowsFromFinancingActivities": -3755000, "totalCashFromFinancingActivities": 30918886, "changeInCash": -16221620, "issuanceOfStock": 44840625}, {"maxAge": 1, "endDate": "2017-03-31", "netIncome": 3291329, "depreciation": 1301038, "changeToNetincome": 550061, "changeToAccountReceivables": 106301172, "changeToLiabilities": -160713067, "changeToInventory": 70766277, "changeToOperatingActivities": -20194794, "totalCashFromOperatingActivities": 1302016, "capitalExpenditures": -1257372, "investments": -4943331, "otherCashflowsFromInvestingActivities": -2397274, "totalCashflowsFromInvestingActivities": -5430416, "dividendsPaid": -782672, "netBorrowings": 21077993, "otherCashflowsFromFinancingActivities": -3755000, "totalCashFromFinancingActivities": 21077993, "changeInCash": 16949592, "issuanceOfStock": 44840625}], "maxAge": 86400}, "institutionOwnership": {"ownershipList": [], "maxAge": 1}, "balanceSheetHistoryQuarterly": {"balanceSheetStatements": [{"maxAge": 1, "endDate": "2020-06-30", "totalStockholderEquity": 116543000, "netTangibleAssets": 116543000}, {"maxAge": 1, "endDate": "2020-03-31", "cash": 817616, "netReceivables": 292118255, "inventory": 101119512, "otherCurrentAssets": 5082005, "totalCurrentAssets": 399402046, "longTermInvestments": 8988875, "propertyPlantEquipment": 95777092, "otherAssets": 19551165, "totalAssets": 523719178, "accountsPayable": 160275954, "shortLongTermDebt": 16138206, "otherCurrentLiab": 3398699, "longTermDebt": 115038633, "otherLiab": 2204428, "deferredLongTermLiab": 1308126, "totalCurrentLiabilities": 287933580, "totalLiab": 405176641, "commonStock": 39958750, "retainedEarnings": 30620913, "capitalSurplus": 45962875, "totalStockholderEquity": 116542538, "netTangibleAssets": 116542538}, {"maxAge": 1, "endDate": "2019-12-31", "totalStockholderEquity": 112717000, "netTangibleAssets": 112717000}, {"maxAge": 1, "endDate": "2019-09-30", "cash": 591000, "netReceivables": 299449000, "inventory": 77973000, "otherCurrentAssets": 8822000, "totalCurrentAssets": 386835000, "longTermInvestments": 16660000, "propertyPlantEquipment": 99923000, "otherAssets": 23820000, "totalAssets": 527238000, "accountsPayable": 178811000, "otherCurrentLiab": 43023000, "longTermDebt": 97605000, "otherLiab": 1479000, "totalCurrentLiabilities": 315437000, "totalLiab": 414521000, "commonStock": 39959000, "treasuryStock": 72758000, "otherStockholderEquity": 72758000, "totalStockholderEquity": 112717000, "netTangibleAssets": 112717000}], "maxAge": 86400}, "indexTrend": {"maxAge": 1, "symbol": "SP5", "peRatio": 19.7411, "pegRatio": 1.34172, "estimates": [{"period": "0q", "growth": 0.549}, {"period": "+1q", "growth": 0.431}, {"period": "0y", "growth": 0.305}, {"period": "+1y", "growth": 0.109}, {"period": "+5y", "growth": 0.120859005}, {"period": "-5y"}]}, "insiderTransactions": {"transactions": [{"maxAge": 1, "shares": 1000, "filerUrl": "", "transactionText": "", "filerName": "Jariwala (Chetan Chandrakant)", "filerRelation": "Wholetime Director", "moneyText": "", "startDate": "2020-02-25", "ownership": "D"}, {"maxAge": 1, "shares": 13000, "filerUrl": "", "transactionText": "", "filerName": "Jariwala (Chetan Chandrakant)", "filerRelation": "Wholetime Director", "moneyText": "", "startDate": "2020-02-07", "ownership": "D"}, {"maxAge": 1, "shares": 13000, "filerUrl": "", "transactionText": "", "filerName": "Jariwala (Chetan Chandrakant)", "filerRelation": "Wholetime Director", "moneyText": "", "startDate": "2020-02-05", "ownership": "D"}], "maxAge": 1}, "quoteType": {"exchange": "BSE", "quoteType": "EQUITY", "symbol": "TTFL.BO", "underlyingSymbol": "TTFL.BO", "shortName": "Trident Texofab Limited", "longName": "Trident Texofab Limited", "firstTradeDateEpochUtc": "2017-10-05 09:15:00", "timeZoneFullName": "Asia/Kolkata", "timeZoneShortName": "IST", "uuid": "185dfe58-af83-336a-8cba-489dcaef5216", "gmtOffSetMilliseconds": 19800000, "maxAge": 1}, "incomeStatementHistory": {"incomeStatementHistory": [{"maxAge": 1, "endDate": "2020-03-31", "totalRevenue": 909640557, "costOfRevenue": 787877482, "grossProfit": 121763075, "researchDevelopment": {}, "sellingGeneralAdministrative": 29366368, "nonRecurring": {}, "otherOperatingExpenses": 46803777, "totalOperatingExpenses": 872096046, "operatingIncome": 37544511, "totalOtherIncomeExpenseNet": -24082945, "ebit": 37544511, "interestExpense": -23899088, "incomeBeforeTax": 13461566, "incomeTaxExpense": 4872894, "minorityInterest": {}, "netIncomeFromContinuingOps": 8588672, "discontinuedOperations": {}, "extraordinaryItems": {}, "effectOfAccountingCharges": {}, "otherItems": {}, "netIncome": 8588672, "netIncomeApplicableToCommonShares": 8588672}, {"maxAge": 1, "endDate": "2019-03-31", "totalRevenue": 868973811, "costOfRevenue": 795296834, "grossProfit": 73676977, "researchDevelopment": {}, "sellingGeneralAdministrative": 21500763, "nonRecurring": {}, "otherOperatingExpenses": 28201832, "totalOperatingExpenses": 848038313, "operatingIncome": 20935498, "totalOtherIncomeExpenseNet": -4038370, "ebit": 20935498, "interestExpense": -7715447, "incomeBeforeTax": 16897128, "incomeTaxExpense": 4154970, "minorityInterest": {}, "netIncomeFromContinuingOps": 12742158, "discontinuedOperations": {}, "extraordinaryItems": {}, "effectOfAccountingCharges": {}, "otherItems": {}, "netIncome": 12742158, "netIncomeApplicableToCommonShares": 12742158}, {"maxAge": 1, "endDate": "2018-03-31", "totalRevenue": 854624807, "costOfRevenue": 819768288, "grossProfit": 34856519, "researchDevelopment": {}, "sellingGeneralAdministrative": 7633855, "nonRecurring": {}, "otherOperatingExpenses": 12692202, "totalOperatingExpenses": 841353222, "operatingIncome": 13271585, "totalOtherIncomeExpenseNet": -2904100, "ebit": 13271585, "interestExpense": -7186328, "incomeBeforeTax": 10367485, "incomeTaxExpense": 2867395, "minorityInterest": {}, "netIncomeFromContinuingOps": 7500090, "discontinuedOperations": {}, "extraordinaryItems": {}, "effectOfAccountingCharges": {}, "otherItems": {}, "netIncome": 7500090, "netIncomeApplicableToCommonShares": 7500090}, {"maxAge": 1, "endDate": "2017-03-31", "totalRevenue": 759476413, "costOfRevenue": 723797876, "grossProfit": 35678537, "researchDevelopment": {}, "sellingGeneralAdministrative": 7126903, "nonRecurring": {}, "otherOperatingExpenses": 17076379, "totalOperatingExpenses": 749302196, "operatingIncome": 10174217, "totalOtherIncomeExpenseNet": -4537671, "ebit": 10174217, "interestExpense": -6352510, "incomeBeforeTax": 5636546, "incomeTaxExpense": 2345217, "minorityInterest": {}, "netIncomeFromContinuingOps": 3291329, "discontinuedOperations": {}, "extraordinaryItems": {}, "effectOfAccountingCharges": {}, "otherItems": {}, "netIncome": 3291329, "netIncomeApplicableToCommonShares": 3291329}], "maxAge": 86400}, "fundOwnership": {"ownershipList": [], "maxAge": 1}, "summaryDetail": {"maxAge": 1, "priceHint": 2, "previousClose": 26.35, "open": 26.45, "dayLow": 25.05, "dayHigh": 26.45, "regularMarketPreviousClose": 26.35, "regularMarketOpen": 26.45, "regularMarketDayLow": 25.05, "regularMarketDayHigh": 26.45, "trailingPE": 117.111115, "volume": 940, "regularMarketVolume": 940, "averageVolume": 4263, "averageVolume10days": 6348, "averageDailyVolume10Day": 6348, "bid": 25.05, "ask": 26.35, "bidSize": 0, "askSize": 0, "marketCap": 105291176, "fiftyTwoWeekLow": 22.6, "fiftyTwoWeekHigh": 49.5, "fiftyDayAverage": 28.880302, "twoHundredDayAverage": 29.915777, "trailingAnnualDividendRate": 1.0, "trailingAnnualDividendYield": 0.037950665, "currency": "INR", "fromCurrency": null, "lastMarket": null, "algorithm": null, "tradeable": false}, "incomeStatementHistoryQuarterly": {"incomeStatementHistory": [{"maxAge": 1, "endDate": "2020-06-30", "totalRevenue": 12660000, "costOfRevenue": 6242000, "grossProfit": 6418000, "researchDevelopment": {}, "sellingGeneralAdministrative": 1896000, "nonRecurring": {}, "otherOperatingExpenses": 2636000, "totalOperatingExpenses": 12814000, "operatingIncome": -154000, "totalOtherIncomeExpenseNet": -5369000, "ebit": -154000, "interestExpense": -5652000, "incomeBeforeTax": -5523000, "incomeTaxExpense": -508000, "minorityInterest": {}, "netIncomeFromContinuingOps": -5015000, "discontinuedOperations": {}, "extraordinaryItems": {}, "effectOfAccountingCharges": {}, "otherItems": {}, "netIncome": -5015000, "netIncomeApplicableToCommonShares": -5015000}, {"maxAge": 1, "endDate": "2020-03-31", "totalRevenue": 223845557, "costOfRevenue": 185205482, "grossProfit": 38640075, "researchDevelopment": {}, "sellingGeneralAdministrative": 11696368, "nonRecurring": {}, "otherOperatingExpenses": 23535777, "totalOperatingExpenses": 222536046, "operatingIncome": 1309511, "totalOtherIncomeExpenseNet": 4310055, "ebit": 1309511, "interestExpense": -5652000, "incomeBeforeTax": 5619566, "incomeTaxExpense": 2111894, "minorityInterest": {}, "netIncomeFromContinuingOps": 3507672, "discontinuedOperations": {}, "extraordinaryItems": {}, "effectOfAccountingCharges": {}, "otherItems": {}, "netIncome": 3507672, "netIncomeApplicableToCommonShares": 3507672}, {"maxAge": 1, "endDate": "2019-12-31", "totalRevenue": 199215000, "costOfRevenue": 170648000, "grossProfit": 28567000, "researchDevelopment": {}, "sellingGeneralAdministrative": 6023000, "nonRecurring": {}, "otherOperatingExpenses": 8067000, "totalOperatingExpenses": 186811000, "operatingIncome": 12404000, "totalOtherIncomeExpenseNet": -9894000, "ebit": 12404000, "interestExpense": -10233000, "incomeBeforeTax": 2510000, "incomeTaxExpense": 192000, "minorityInterest": {}, "netIncomeFromContinuingOps": 2318000, "discontinuedOperations": {}, "extraordinaryItems": {}, "effectOfAccountingCharges": {}, "otherItems": {}, "netIncome": 2318000, "netIncomeApplicableToCommonShares": 2318000}, {"maxAge": 1, "endDate": "2019-09-30", "totalRevenue": 223786000, "costOfRevenue": 198153000, "grossProfit": 25633000, "researchDevelopment": {}, "sellingGeneralAdministrative": 6041000, "nonRecurring": {}, "otherOperatingExpenses": 7754000, "totalOperatingExpenses": 214017000, "operatingIncome": 9769000, "totalOtherIncomeExpenseNet": -7333000, "ebit": 9769000, "interestExpense": -8083000, "incomeBeforeTax": 2436000, "incomeTaxExpense": 1066000, "minorityInterest": {}, "netIncomeFromContinuingOps": 1370000, "discontinuedOperations": {}, "extraordinaryItems": {}, "effectOfAccountingCharges": {}, "otherItems": {}, "netIncome": 1370000, "netIncomeApplicableToCommonShares": 1370000}], "maxAge": 86400}, "cashflowStatementHistoryQuarterly": {"cashflowStatements": [{"maxAge": 1, "endDate": "2020-06-30", "netIncome": -5015000, "changeToLiabilities": 0}, {"maxAge": 1, "endDate": "2020-03-31", "netIncome": 3507672, "changeToLiabilities": 0}, {"maxAge": 1, "endDate": "2019-12-31", "netIncome": 2318000, "changeToLiabilities": 0}, {"maxAge": 1, "endDate": "2019-09-30", "netIncome": 1370000, "changeToLiabilities": 0}], "maxAge": 86400}, "insiderHolders": {"holders": [{"maxAge": 1, "name": "Jariwala (Chetan Chandrakant)", "relation": "Wholetime Director", "url": "", "transactionDescription": "Acquisition", "latestTransDate": "2020-02-25", "positionDirect": 553980, "positionDirectDate": "2020-02-25"}], "maxAge": 1}, "calendarEvents": {"maxAge": 1, "earnings": {"earningsDate": ["2020-08-20 05:30:S"]}}, "upgradeDowngradeHistory": {"history": [], "maxAge": 86400}, "price": {"maxAge": 1, "regularMarketChangePercent": 0.0, "regularMarketChange": 0.0, "regularMarketTime": "2021-04-30 14:58:43", "priceHint": 2, "regularMarketPrice": 26.35, "regularMarketDayHigh": 26.45, "regularMarketDayLow": 25.05, "regularMarketVolume": 940, "averageDailyVolume10Day": 6348, "averageDailyVolume3Month": 4263, "regularMarketPreviousClose": 26.35, "regularMarketSource": "FREE_REALTIME", "regularMarketOpen": 26.45, "exchange": "BSE", "exchangeName": "BSE", "exchangeDataDelayedBy": 0, "marketState": "CLOSED", "quoteType": "EQUITY", "symbol": "TTFL.BO", "underlyingSymbol": null, "shortName": "Trident Texofab Limited", "longName": "Trident Texofab Limited", "currency": "INR", "quoteSourceName": "Delayed Quote", "currencySymbol": "\u20b9", "fromCurrency": null, "lastMarket": null, "marketCap": 105291176}, "balanceSheetHistory": {"balanceSheetStatements": [{"maxAge": 1, "endDate": "2020-03-31", "cash": 817616, "netReceivables": 292118255, "inventory": 101119512, "otherCurrentAssets": 5082005, "totalCurrentAssets": 399402046, "longTermInvestments": 8988875, "propertyPlantEquipment": 95777092, "otherAssets": 19551165, "totalAssets": 523719178, "accountsPayable": 160275954, "shortLongTermDebt": 16138206, "otherCurrentLiab": 3398699, "longTermDebt": 115038633, "otherLiab": 2204428, "deferredLongTermLiab": 1308126, "totalCurrentLiabilities": 287933580, "totalLiab": 405176641, "commonStock": 39958750, "retainedEarnings": 30620913, "capitalSurplus": 45962875, "totalStockholderEquity": 116542538, "netTangibleAssets": 116542538}, {"maxAge": 1, "endDate": "2019-03-31", "cash": 3887407, "netReceivables": 312313107, "inventory": 39250758, "otherCurrentAssets": 5130871, "totalCurrentAssets": 360840528, "longTermInvestments": 14156190, "propertyPlantEquipment": 87532253, "otherAssets": 7909520, "totalAssets": 470438491, "accountsPayable": 193865453, "shortLongTermDebt": 20682394, "otherCurrentLiab": 9871236, "longTermDebt": 92477208, "otherLiab": 141424, "deferredLongTermLiab": 2621585, "totalCurrentLiabilities": 267865991, "totalLiab": 360484623, "commonStock": 39958750, "retainedEarnings": 22032245, "treasuryStock": 67995000, "capitalSurplus": 45962875, "otherStockholderEquity": 67995000, "totalStockholderEquity": 107953870, "netTangibleAssets": 107953870}, {"maxAge": 1, "endDate": "2018-03-31", "cash": 2344733, "netReceivables": 344580926, "inventory": 50678685, "otherCurrentAssets": 1239160, "totalCurrentAssets": 402320225, "longTermInvestments": 26522544, "propertyPlantEquipment": 15625871, "otherAssets": 4898140, "totalAssets": 449366780, "accountsPayable": 300714250, "shortLongTermDebt": 8663825, "otherCurrentLiab": 11467463, "longTermDebt": 41673937, "otherLiab": 236923, "totalCurrentLiabilities": 324819793, "totalLiab": 366730653, "commonStock": 39958750, "retainedEarnings": 15010502, "capitalSurplus": 27666875, "totalStockholderEquity": 82636127, "netTangibleAssets": 82636127}, {"maxAge": 1, "endDate": "2017-03-31", "cash": 18566352, "netReceivables": 179777927, "inventory": 23071848, "otherCurrentAssets": 642802, "totalCurrentAssets": 222137851, "longTermInvestments": 8214352, "propertyPlantEquipment": 12516149, "otherAssets": 1966180, "totalAssets": 244834532, "accountsPayable": 146920927, "shortLongTermDebt": 1717225, "otherCurrentLiab": 4286157, "longTermDebt": 51840676, "otherLiab": 182228, "totalCurrentLiabilities": 154893880, "totalLiab": 206916784, "commonStock": 3317500, "retainedEarnings": 15132748, "capitalSurplus": 19467500, "totalStockholderEquity": 37917748, "netTangibleAssets": 37917748}], "maxAge": 86400}, "financialData": {"maxAge": 86400, "currentPrice": 26.35, "recommendationKey": "none", "grossProfits": 121763075, "financialCurrency": "INR"}}}