{"TTKHLTCARE.NS": {"assetProfile": {"address1": "No.6, Cathedral Road", "city": "Chennai", "zip": "600086", "country": "India", "phone": "91 44 2811 6108", "fax": "91 44 2811 6387", "website": "http://www.ttkhealthcare.com", "industry": "Drug Manufacturers\u2014General", "sector": "Healthcare", "longBusinessSummary": "TTK Healthcare Limited engages in the pharmaceutical, consumer product, medical device, protective device, and food businesses in India and internationally. The company's Pharmaceuticals segment deals in herbal and allopathic formulations in various therapeutic areas for human and veterinary uses. It also provides delivery care, female healthcare, haematinic, pain management, neurotrophic, gastro intestinal, male and female fertility, nutritional, cardiac care, derma, urinary specialties, and respiratory care products, as well as calcium supplements. Its Consumer Products segment is involved in marketing and distribution of Woodwards's Gripe Water, EVA Range of Cosmetics, Good Home range of Scrubbers, air fresheners, etc. The company's Medical Devices segment manufactures and distributes artificial heart valves; and develops orthopedic implants and instruments. Its Protective Devices segment manufactures and markets male contraceptives and other allied products. The company's Foods segment manufactures and markets food products, including potato and cereal based pellets. Its Others segment prints and publishes maps and atlases. The company was incorporated in 1958 and is headquartered in Chennai, India. TTK Healthcare Limited is a subsidiary of T T Krishnamachari & Co., Ltd.", "fullTimeEmployees": 2515, "companyOfficers": [{"maxAge": 1, "name": "Mr. T. T. Raghunathan", "age": 68, "title": "Exec. Vice Chairman & CEO", "yearBorn": 1952, "fiscalYear": 2020, "totalPay": 10789151, "exercisedValue": 0, "unexercisedValue": 0}, {"maxAge": 1, "name": "Mr. B. V. K. Durga Prasad", "age": 59, "title": "Pres of Fin. & CFO", "yearBorn": 1961, "fiscalYear": 2020, "totalPay": 8580228, "exercisedValue": 0, "unexercisedValue": 0}, {"maxAge": 1, "name": "Mr. S.  Kalyanaraman", "age": 58, "title": "Wholetime Sec., Compliance Officer & Wholetime Director", "yearBorn": 1962, "fiscalYear": 2020, "totalPay": 11823037, "exercisedValue": 0, "unexercisedValue": 0}, {"maxAge": 1, "name": "Mr. S. Ranganath Rao", "age": 55, "title": "Pres of Foods Division", "yearBorn": 1965, "exercisedValue": 0, "unexercisedValue": 0}, {"maxAge": 1, "name": "Mr. Yogesh  Yadav", "age": 53, "title": "Sr. VP - CPD", "yearBorn": 1967, "exercisedValue": 0, "unexercisedValue": 0}, {"maxAge": 1, "name": "Mr. K.  Sunil", "age": 57, "title": "Pres of Heart Valve Division", "yearBorn": 1963, "exercisedValue": 0, "unexercisedValue": 0}, {"maxAge": 1, "name": "Dr. Surinder Kumar Sharma", "age": 56, "title": "Sr. VP of Strategy & Bus. Devel./NPD - Pharma", "yearBorn": 1964, "exercisedValue": 0, "unexercisedValue": 0}, {"maxAge": 1, "name": "Mr. R.  Saranyan", "age": 53, "title": "Pres of Protective Devices Division", "yearBorn": 1967, "fiscalYear": 2019, "exercisedValue": 0, "unexercisedValue": 0}, {"maxAge": 1, "name": "Mr. P. A. Venkateswaran", "age": 51, "title": "Bus. Head of Ortho", "yearBorn": 1969, "fiscalYear": 2019, "exercisedValue": 0, "unexercisedValue": 0}, {"maxAge": 1, "name": "Dr. V Senthil Kumar", "age": 43, "title": "VP of Sales & Marking - AWD", "yearBorn": 1977, "exercisedValue": 0, "unexercisedValue": 0}], "compensationAsOfEpochDate": "2020-12-31 05:30:00", "maxAge": 86400}, "cashflowStatementHistory": {"cashflowStatements": [{"maxAge": 1, "endDate": "2020-03-31", "netIncome": 123194000, "depreciation": 142781000, "changeToNetincome": -108849000, "changeToAccountReceivables": 34754000, "changeToLiabilities": 154952000, "changeToInventory": -163357000, "changeToOperatingActivities": 13922000, "totalCashFromOperatingActivities": 198383000, "capitalExpenditures": -122347000, "investments": -100660000, "otherCashflowsFromInvestingActivities": 83043000, "totalCashflowsFromInvestingActivities": -132981000, "dividendsPaid": -70651000, "netBorrowings": 16201000, "otherCashflowsFromFinancingActivities": -47208000, "totalCashFromFinancingActivities": -101658000, "changeInCash": -36256000}, {"maxAge": 1, "endDate": "2019-03-31", "netIncome": 243737000, "depreciation": 143234000, "changeToNetincome": -29637000, "changeToAccountReceivables": -249080000, "changeToLiabilities": -136104000, "changeToInventory": -24140000, "changeToOperatingActivities": 221608000, "totalCashFromOperatingActivities": 173069000, "capitalExpenditures": -43284000, "investments": 64894000, "otherCashflowsFromInvestingActivities": 74728000, "totalCashflowsFromInvestingActivities": 96532000, "dividendsPaid": -70651000, "netBorrowings": -188324000, "otherCashflowsFromFinancingActivities": -48313000, "totalCashFromFinancingActivities": -307288000, "changeInCash": -37687000}, {"maxAge": 1, "endDate": "2018-03-31", "netIncome": 181653000, "depreciation": 151651000, "changeToNetincome": -7582000, "changeToAccountReceivables": -70346000, "changeToLiabilities": 57625000, "changeToInventory": -20185000, "changeToOperatingActivities": -40572000, "totalCashFromOperatingActivities": 253015000, "capitalExpenditures": -44298000, "investments": -166874000, "otherCashflowsFromInvestingActivities": 73905000, "totalCashflowsFromInvestingActivities": -225575000, "dividendsPaid": -38830000, "netBorrowings": 22002000, "otherCashflowsFromFinancingActivities": -55198000, "totalCashFromFinancingActivities": -72026000, "changeInCash": -41153000}, {"maxAge": 1, "endDate": "2017-03-31", "netIncome": 187398000, "depreciation": 118233000, "changeToNetincome": -924000, "changeToAccountReceivables": 30228000, "changeToLiabilities": -154541000, "changeToInventory": -21781000, "changeToOperatingActivities": 18588000, "totalCashFromOperatingActivities": 178128000, "capitalExpenditures": -54115000, "investments": 61017000, "otherCashflowsFromInvestingActivities": 45449000, "totalCashflowsFromInvestingActivities": 52563000, "dividendsPaid": -46630000, "netBorrowings": -151582000, "otherCashflowsFromFinancingActivities": -31149000, "totalCashFromFinancingActivities": -229361000, "changeInCash": 1330000}], "maxAge": 86400}, "institutionOwnership": {"ownershipList": [], "maxAge": 1}, "majorHoldersBreakdown": {"maxAge": 1, "insidersPercentHeld": 0.76488, "institutionsPercentHeld": 0.10353, "institutionsFloatPercentHeld": 0.44032001, "institutionsCount": 4}, "balanceSheetHistoryQuarterly": {"balanceSheetStatements": [{"maxAge": 1, "endDate": "2020-12-31", "totalStockholderEquity": 2754929000, "netTangibleAssets": 2752992000}, {"maxAge": 1, "endDate": "2020-09-30", "cash": 2090578000, "shortTermInvestments": 68932000, "netReceivables": 599336000, "inventory": 638517000, "otherCurrentAssets": 75647000, "totalCurrentAssets": 3473010000, "longTermInvestments": 110568000, "propertyPlantEquipment": 910302000, "intangibleAssets": 1937000, "otherAssets": 182575000, "deferredLongTermAssetCharges": 47915000, "totalAssets": 4678392000, "accountsPayable": 869779000, "otherCurrentLiab": 718094000, "otherLiab": 105717000, "totalCurrentLiabilities": 1806381000, "totalLiab": 1923463000, "commonStock": 141303000, "treasuryStock": 2613626000, "otherStockholderEquity": 2613626000, "totalStockholderEquity": 2754929000, "netTangibleAssets": 2752992000}, {"maxAge": 1, "endDate": "2020-06-30", "totalStockholderEquity": 2489929000, "netTangibleAssets": 2487559000}, {"maxAge": 1, "endDate": "2020-03-31", "cash": 75289000, "shortTermInvestments": 1228639000, "netReceivables": 821599000, "inventory": 716448000, "otherCurrentAssets": 114301000, "totalCurrentAssets": 2977020000, "longTermInvestments": 87533000, "propertyPlantEquipment": 971811000, "intangibleAssets": 2370000, "otherAssets": 273312000, "deferredLongTermAssetCharges": 41615000, "totalAssets": 4312046000, "accountsPayable": 865099000, "otherCurrentLiab": 270064000, "otherLiab": 94499000, "totalCurrentLiabilities": 1715047000, "totalLiab": 1822117000, "commonStock": 141303000, "retainedEarnings": 2049318000, "treasuryStock": 201059000, "capitalSurplus": 98249000, "otherStockholderEquity": 201059000, "totalStockholderEquity": 2489929000, "netTangibleAssets": 2487559000}], "maxAge": 86400}, "indexTrend": {"maxAge": 1, "symbol": "SP5", "peRatio": 19.7411, "pegRatio": 1.34172, "estimates": [{"period": "0q", "growth": 0.549}, {"period": "+1q", "growth": 0.431}, {"period": "0y", "growth": 0.305}, {"period": "+1y", "growth": 0.109}, {"period": "+5y", "growth": 0.120865}, {"period": "-5y"}]}, "defaultKeyStatistics": {"maxAge": 1, "priceHint": 2, "enterpriseValue": 6854955520, "profitMargins": 0.0617, "floatShares": 2056165, "sharesOutstanding": 14130300, "heldPercentInsiders": 0.76488, "heldPercentInstitutions": 0.10353, "beta": 0.878483, "category": null, "bookValue": 194.937, "priceToBook": 3.1538393, "fundFamily": null, "legalType": null, "lastFiscalYearEnd": "2020-03-31 05:30:00", "nextFiscalYearEnd": "2022-03-31 05:30:00", "mostRecentQuarter": "2020-12-31 05:30:00", "earningsQuarterlyGrowth": 0.717, "netIncomeToCommon": 365148992, "trailingEps": 25.84, "lastSplitFactor": null, "enterpriseToRevenue": 1.158, "enterpriseToEbitda": 29.992}, "summaryProfile": {"address1": "No.6, Cathedral Road", "city": "Chennai", "zip": "600086", "country": "India", "phone": "91 44 2811 6108", "fax": "91 44 2811 6387", "website": "http://www.ttkhealthcare.com", "industry": "Drug Manufacturers\u2014General", "sector": "Healthcare", "longBusinessSummary": "TTK Healthcare Limited engages in the pharmaceutical, consumer product, medical device, protective device, and food businesses in India and internationally. The company's Pharmaceuticals segment deals in herbal and allopathic formulations in various therapeutic areas for human and veterinary uses. It also provides delivery care, female healthcare, haematinic, pain management, neurotrophic, gastro intestinal, male and female fertility, nutritional, cardiac care, derma, urinary specialties, and respiratory care products, as well as calcium supplements. Its Consumer Products segment is involved in marketing and distribution of Woodwards's Gripe Water, EVA Range of Cosmetics, Good Home range of Scrubbers, air fresheners, etc. The company's Medical Devices segment manufactures and distributes artificial heart valves; and develops orthopedic implants and instruments. Its Protective Devices segment manufactures and markets male contraceptives and other allied products. The company's Foods segment manufactures and markets food products, including potato and cereal based pellets. Its Others segment prints and publishes maps and atlases. The company was incorporated in 1958 and is headquartered in Chennai, India. TTK Healthcare Limited is a subsidiary of T T Krishnamachari & Co., Ltd.", "fullTimeEmployees": 2515, "companyOfficers": [], "maxAge": 86400}, "netSharePurchaseActivity": {"maxAge": 1, "period": "6m", "buyInfoCount": 0, "buyInfoShares": 0, "sellInfoCount": 0, "netInfoCount": 0, "netInfoShares": 0, "netPercentInsiderShares": 0.0, "totalInsiderShares": 10807585}, "insiderTransactions": {"transactions": [{"maxAge": 1, "shares": 800, "filerUrl": "", "transactionText": "", "filerName": "Rawat (Sanjeev)", "filerRelation": "UNREPORTED", "moneyText": "", "startDate": "2018-11-30", "ownership": "D"}, {"maxAge": 1, "shares": 700, "filerUrl": "", "transactionText": "", "filerName": "Rawat (Sanjeev)", "filerRelation": "UNREPORTED", "moneyText": "", "startDate": "2018-11-28", "ownership": "D"}, {"maxAge": 1, "shares": 300, "filerUrl": "", "transactionText": "", "filerName": "Rawat (Sanjeev)", "filerRelation": "UNREPORTED", "moneyText": "", "startDate": "2018-11-27", "ownership": "D"}, {"maxAge": 1, "shares": 10000, "filerUrl": "", "transactionText": "", "filerName": "Tulshan (Vidhit K)", "filerRelation": "UNREPORTED", "moneyText": "", "startDate": "2018-07-20", "ownership": "D"}, {"maxAge": 1, "shares": 51359, "filerUrl": "", "transactionText": "", "filerName": "Tulshan (Sarla)", "filerRelation": "UNREPORTED", "moneyText": "", "startDate": "2018-05-21", "ownership": "D"}, {"maxAge": 1, "shares": 31267, "filerUrl": "", "transactionText": "", "filerName": "Tulshan (R. K.)", "filerRelation": "Promoter", "moneyText": "", "startDate": "2018-04-18", "ownership": "D"}, {"maxAge": 1, "shares": 11070, "filerUrl": "", "transactionText": "", "filerName": "Tulshan (Sarla)", "filerRelation": "UNREPORTED", "moneyText": "", "startDate": "2018-04-18", "ownership": "D"}, {"maxAge": 1, "shares": 5388525, "filerUrl": "", "transactionText": "", "filerName": "T T Krishnamachari & Company", "filerRelation": "Promoter", "moneyText": "", "startDate": "2018-03-02", "ownership": "D"}, {"maxAge": 1, "shares": 29250, "filerUrl": "", "transactionText": "", "filerName": "Raghunathan (T. T.)", "filerRelation": "Executive Chairman", "moneyText": "", "startDate": "2018-03-02", "ownership": "D"}, {"maxAge": 1, "shares": 8775, "filerUrl": "", "transactionText": "", "filerName": "Packwell  Packaging Products Ltd.", "filerRelation": "Institution- Corporation", "moneyText": "", "startDate": "2018-03-02", "ownership": "D"}, {"maxAge": 1, "shares": 450, "filerUrl": "", "transactionText": "", "filerName": "Vasu (Stina Ostlund)", "filerRelation": "UNREPORTED", "moneyText": "", "startDate": "2018-03-02", "ownership": "D"}, {"maxAge": 1, "shares": 29250, "filerUrl": "", "transactionText": "", "filerName": "Jagannathan (T T)", "filerRelation": "Non Executive Chairman", "moneyText": "", "startDate": "2018-03-02", "ownership": "D"}], "maxAge": 1}, "quoteType": {"exchange": "NSI", "quoteType": "EQUITY", "symbol": "TTKHLTCARE.NS", "underlyingSymbol": "TTKHLTCARE.NS", "shortName": "TTK HEALTHCARE", "longName": "TTK Healthcare Limited", "firstTradeDateEpochUtc": "2010-01-08 09:15:00", "timeZoneFullName": "Asia/Kolkata", "timeZoneShortName": "IST", "uuid": "4c7d8d8f-9e94-38ca-8a2f-c62b56dd343b", "gmtOffSetMilliseconds": 19800000, "maxAge": 1}, "incomeStatementHistory": {"incomeStatementHistory": [{"maxAge": 1, "endDate": "2020-03-31", "totalRevenue": 6457678000, "costOfRevenue": 2715688000, "grossProfit": 3741990000, "researchDevelopment": {}, "sellingGeneralAdministrative": 2350127000, "nonRecurring": {}, "otherOperatingExpenses": 1097818000, "totalOperatingExpenses": 6312534000, "operatingIncome": 145144000, "totalOtherIncomeExpenseNet": 49104000, "ebit": 145144000, "interestExpense": -31485000, "incomeBeforeTax": 194248000, "incomeTaxExpense": 71054000, "minorityInterest": {}, "netIncomeFromContinuingOps": 123194000, "discontinuedOperations": {}, "extraordinaryItems": {}, "effectOfAccountingCharges": {}, "otherItems": {}, "netIncome": 123194000, "netIncomeApplicableToCommonShares": 123194000}, {"maxAge": 1, "endDate": "2019-03-31", "totalRevenue": 6278836000, "costOfRevenue": 2625906000, "grossProfit": 3652930000, "researchDevelopment": {}, "sellingGeneralAdministrative": 1308007000, "nonRecurring": {}, "otherOperatingExpenses": 1840537000, "totalOperatingExpenses": 5920137000, "operatingIncome": 358699000, "totalOtherIncomeExpenseNet": 33896000, "ebit": 358699000, "interestExpense": -32590000, "incomeBeforeTax": 392595000, "incomeTaxExpense": 148858000, "minorityInterest": {}, "netIncomeFromContinuingOps": 243737000, "discontinuedOperations": {}, "extraordinaryItems": {}, "effectOfAccountingCharges": {}, "otherItems": {}, "netIncome": 243737000, "netIncomeApplicableToCommonShares": 243737000}, {"maxAge": 1, "endDate": "2018-03-31", "totalRevenue": 5775465000, "costOfRevenue": 2517709000, "grossProfit": 3257756000, "researchDevelopment": {}, "sellingGeneralAdministrative": 1882256000, "nonRecurring": {}, "otherOperatingExpenses": 942154000, "totalOperatingExpenses": 5501278000, "operatingIncome": 274187000, "totalOtherIncomeExpenseNet": 27284000, "ebit": 274187000, "interestExpense": -46393000, "incomeBeforeTax": 301471000, "incomeTaxExpense": 119818000, "minorityInterest": {}, "netIncomeFromContinuingOps": 181653000, "discontinuedOperations": {}, "extraordinaryItems": {}, "effectOfAccountingCharges": {}, "otherItems": {}, "netIncome": 181653000, "netIncomeApplicableToCommonShares": 181653000}, {"maxAge": 1, "endDate": "2017-03-31", "totalRevenue": 5278055000, "costOfRevenue": 2519753000, "grossProfit": 2758302000, "researchDevelopment": {}, "sellingGeneralAdministrative": 1540258000, "nonRecurring": {}, "otherOperatingExpenses": 830576000, "totalOperatingExpenses": 5012405000, "operatingIncome": 265650000, "totalOtherIncomeExpenseNet": 26125000, "ebit": 265650000, "interestExpense": -29949000, "incomeBeforeTax": 291775000, "incomeTaxExpense": 104377000, "minorityInterest": {}, "netIncomeFromContinuingOps": 187398000, "discontinuedOperations": {}, "extraordinaryItems": {}, "effectOfAccountingCharges": {}, "otherItems": {}, "netIncome": 187398000, "netIncomeApplicableToCommonShares": 187398000}], "maxAge": 86400}, "fundOwnership": {"ownershipList": [], "maxAge": 1}, "summaryDetail": {"maxAge": 1, "priceHint": 2, "previousClose": 623.45, "open": 625.0, "dayLow": 610.05, "dayHigh": 639.0, "regularMarketPreviousClose": 623.45, "regularMarketOpen": 625.0, "regularMarketDayLow": 610.05, "regularMarketDayHigh": 639.0, "dividendRate": 3.0, "dividendYield": 0.0047999998, "exDividendDate": "2020-09-03 05:30:00", "payoutRatio": 0.1161, "fiveYearAvgDividendYield": 0.72, "beta": 0.878483, "trailingPE": 23.792568, "volume": 9944, "regularMarketVolume": 9944, "averageVolume": 4599, "averageVolume10days": 1940, "averageDailyVolume10Day": 1940, "bid": 0.0, "ask": 0.0, "bidSize": 0, "askSize": 0, "marketCap": 8695669760, "fiftyTwoWeekLow": 335.05, "fiftyTwoWeekHigh": 668.9, "priceToSalesTrailing12Months": 1.4694384, "fiftyDayAverage": 541.7091, "twoHundredDayAverage": 518.55286, "trailingAnnualDividendRate": 3.0, "trailingAnnualDividendYield": 0.0048119337, "currency": "INR", "fromCurrency": null, "lastMarket": null, "algorithm": null, "tradeable": false}, "incomeStatementHistoryQuarterly": {"incomeStatementHistory": [{"maxAge": 1, "endDate": "2020-12-31", "totalRevenue": 1791897000, "costOfRevenue": 690664000, "grossProfit": 1101233000, "researchDevelopment": {}, "sellingGeneralAdministrative": 408074000, "nonRecurring": {}, "otherOperatingExpenses": 575049000, "totalOperatingExpenses": 1707461000, "operatingIncome": 84436000, "totalOtherIncomeExpenseNet": 21810000, "ebit": 84436000, "interestExpense": -3529000, "incomeBeforeTax": 106246000, "incomeTaxExpense": 29380000, "minorityInterest": {}, "netIncomeFromContinuingOps": 76866000, "discontinuedOperations": {}, "extraordinaryItems": {}, "effectOfAccountingCharges": {}, "otherItems": {}, "netIncome": 76866000, "netIncomeApplicableToCommonShares": 76866000}, {"maxAge": 1, "endDate": "2020-09-30", "totalRevenue": 1596663000, "costOfRevenue": 610609000, "grossProfit": 986054000, "researchDevelopment": {}, "sellingGeneralAdministrative": 392987000, "nonRecurring": {}, "otherOperatingExpenses": 502597000, "totalOperatingExpenses": 1540519000, "operatingIncome": 56144000, "totalOtherIncomeExpenseNet": 96659000, "ebit": 56144000, "interestExpense": -5849000, "incomeBeforeTax": 152803000, "incomeTaxExpense": -155284000, "minorityInterest": {}, "netIncomeFromContinuingOps": 308087000, "discontinuedOperations": {}, "extraordinaryItems": {}, "effectOfAccountingCharges": {}, "otherItems": {}, "netIncome": 308087000, "netIncomeApplicableToCommonShares": 308087000}, {"maxAge": 1, "endDate": "2020-06-30", "totalRevenue": 1163967000, "costOfRevenue": 481068000, "grossProfit": 682899000, "researchDevelopment": {}, "sellingGeneralAdministrative": 356711000, "nonRecurring": {}, "otherOperatingExpenses": 333036000, "totalOperatingExpenses": 1206161000, "operatingIncome": -42194000, "totalOtherIncomeExpenseNet": 12965000, "ebit": -42194000, "interestExpense": -6281000, "incomeBeforeTax": -29229000, "incomeTaxExpense": -5207000, "minorityInterest": {}, "netIncomeFromContinuingOps": -24022000, "discontinuedOperations": {}, "extraordinaryItems": {}, "effectOfAccountingCharges": {}, "otherItems": {}, "netIncome": -24022000, "netIncomeApplicableToCommonShares": -24022000}, {"maxAge": 1, "endDate": "2020-03-31", "totalRevenue": 1365155000, "costOfRevenue": 663340000, "grossProfit": 701815000, "researchDevelopment": {}, "sellingGeneralAdministrative": 1229201000, "nonRecurring": {}, "otherOperatingExpenses": -565713000, "totalOperatingExpenses": 1367925000, "operatingIncome": -2770000, "totalOtherIncomeExpenseNet": 12182000, "ebit": -2770000, "interestExpense": -8083000, "incomeBeforeTax": 9412000, "incomeTaxExpense": 5194000, "minorityInterest": {}, "netIncomeFromContinuingOps": 4218000, "discontinuedOperations": {}, "extraordinaryItems": {}, "effectOfAccountingCharges": {}, "otherItems": {}, "netIncome": 4218000, "netIncomeApplicableToCommonShares": 4218000}], "maxAge": 86400}, "cashflowStatementHistoryQuarterly": {"cashflowStatements": [{"maxAge": 1, "endDate": "2020-12-31", "netIncome": 76866000, "changeToLiabilities": 0}, {"maxAge": 1, "endDate": "2020-09-30", "netIncome": 308087000, "changeToLiabilities": 0}, {"maxAge": 1, "endDate": "2020-06-30", "netIncome": -24022000, "changeToLiabilities": 0}, {"maxAge": 1, "endDate": "2020-03-31", "netIncome": 4218000, "changeToLiabilities": 0}], "maxAge": 86400}, "insiderHolders": {"holders": [{"maxAge": 1, "name": "Jagannathan (T T)", "relation": "Non Executive Chairman", "url": "", "transactionDescription": "Other", "latestTransDate": "2018-03-02", "positionDirect": 759298, "positionDirectDate": "2018-03-02"}, {"maxAge": 1, "name": "Packwell  Packaging Products Ltd.", "relation": "Institution- Corporation", "url": "", "transactionDescription": "Other", "latestTransDate": "2018-03-02", "positionDirect": 8775, "positionDirectDate": "2018-03-02"}, {"maxAge": 1, "name": "Raghunathan (T. T.)", "relation": "Executive Chairman", "url": "", "transactionDescription": "Other", "latestTransDate": "2018-03-02", "positionDirect": 38797, "positionDirectDate": "2018-03-02"}, {"maxAge": 1, "name": "Rawat (Sanjeev)", "relation": "UNREPORTED", "url": "", "transactionDescription": "Sale", "latestTransDate": "2018-11-30", "positionDirect": 3053, "positionDirectDate": "2018-11-30"}, {"maxAge": 1, "name": "T T Krishnamachari & Company", "relation": "Promoter", "url": "", "transactionDescription": "Other", "latestTransDate": "2018-03-02", "positionDirect": 9532610, "positionDirectDate": "2018-03-02"}, {"maxAge": 1, "name": "Tulshan (R. K.)", "relation": "Promoter", "url": "", "transactionDescription": "Gift", "latestTransDate": "2018-04-18", "positionDirect": 31487, "positionDirectDate": "2018-04-18"}, {"maxAge": 1, "name": "Tulshan (Sarla)", "relation": "UNREPORTED", "url": "", "transactionDescription": "Gift", "latestTransDate": "2018-05-21", "positionDirect": 10119, "positionDirectDate": "2018-05-21"}, {"maxAge": 1, "name": "Tulshan (Vidhit K)", "relation": "UNREPORTED", "url": "", "transactionDescription": "Gift", "latestTransDate": "2018-07-20", "positionDirect": 165130, "positionDirectDate": "2018-07-20"}, {"maxAge": 1, "name": "Vasu (Stina Ostlund)", "relation": "UNREPORTED", "url": "", "transactionDescription": "Other", "latestTransDate": "2018-03-02", "positionDirect": 450, "positionDirectDate": "2018-03-02"}], "maxAge": 1}, "calendarEvents": {"maxAge": 1, "earnings": {"earningsDate": []}, "exDividendDate": "2020-09-03 05:30:00"}, "upgradeDowngradeHistory": {"history": [], "maxAge": 86400}, "price": {"maxAge": 1, "regularMarketChangePercent": -0.013874447, "regularMarketChange": -8.650024, "regularMarketTime": "2021-04-30 15:29:38", "priceHint": 2, "regularMarketPrice": 614.8, "regularMarketDayHigh": 639.0, "regularMarketDayLow": 610.05, "regularMarketVolume": 9944, "averageDailyVolume10Day": 1940, "averageDailyVolume3Month": 4599, "regularMarketPreviousClose": 623.45, "regularMarketSource": "FREE_REALTIME", "regularMarketOpen": 625.0, "exchange": "NSI", "exchangeName": "NSE", "exchangeDataDelayedBy": 15, "marketState": "CLOSED", "quoteType": "EQUITY", "symbol": "TTKHLTCARE.NS", "underlyingSymbol": null, "shortName": "TTK HEALTHCARE", "longName": "TTK Healthcare Limited", "currency": "INR", "quoteSourceName": "Delayed Quote", "currencySymbol": "\u20b9", "fromCurrency": null, "lastMarket": null, "marketCap": 8695669760}, "balanceSheetHistory": {"balanceSheetStatements": [{"maxAge": 1, "endDate": "2020-03-31", "cash": 75289000, "shortTermInvestments": 1228639000, "netReceivables": 821599000, "inventory": 716448000, "otherCurrentAssets": 114301000, "totalCurrentAssets": 2977020000, "longTermInvestments": 87533000, "propertyPlantEquipment": 971811000, "intangibleAssets": 2370000, "otherAssets": 273312000, "deferredLongTermAssetCharges": 41615000, "totalAssets": 4312046000, "accountsPayable": 865099000, "otherCurrentLiab": 270064000, "otherLiab": 94499000, "totalCurrentLiabilities": 1715047000, "totalLiab": 1822117000, "commonStock": 141303000, "retainedEarnings": 2049318000, "treasuryStock": 201059000, "capitalSurplus": 98249000, "otherStockholderEquity": 201059000, "totalStockholderEquity": 2489929000, "netTangibleAssets": 2487559000}, {"maxAge": 1, "endDate": "2019-03-31", "cash": 111545000, "shortTermInvestments": 1125334000, "netReceivables": 831732000, "inventory": 553091000, "otherCurrentAssets": 77598000, "totalCurrentAssets": 2717193000, "longTermInvestments": 130463000, "propertyPlantEquipment": 987660000, "intangibleAssets": 3356000, "otherAssets": 319444000, "deferredLongTermAssetCharges": 48732000, "totalAssets": 4158116000, "accountsPayable": 727184000, "otherCurrentLiab": 265287000, "otherLiab": 69723000, "totalCurrentLiabilities": 1570755000, "totalLiab": 1643817000, "commonStock": 141303000, "retainedEarnings": 2030765000, "treasuryStock": 243982000, "capitalSurplus": 98249000, "otherStockholderEquity": 243982000, "totalStockholderEquity": 2514299000, "netTangibleAssets": 2510943000}, {"maxAge": 1, "endDate": "2018-03-31", "cash": 149232000, "shortTermInvestments": 854214000, "netReceivables": 575287000, "inventory": 528951000, "otherCurrentAssets": 431159000, "totalCurrentAssets": 2556137000, "longTermInvestments": 92589000, "propertyPlantEquipment": 1097414000, "intangibleAssets": 5761000, "otherAssets": 321004000, "deferredLongTermAssetCharges": 45513000, "totalAssets": 4072905000, "accountsPayable": 863287000, "otherCurrentLiab": 137122000, "otherLiab": 61338000, "totalCurrentLiabilities": 1675230000, "totalLiab": 1743161000, "commonStock": 141303000, "retainedEarnings": 1881607000, "treasuryStock": 208585000, "capitalSurplus": 98249000, "otherStockholderEquity": 208585000, "totalStockholderEquity": 2329744000, "netTangibleAssets": 2323983000}, {"maxAge": 1, "endDate": "2017-03-31", "cash": 190385000, "shortTermInvestments": 618851000, "netReceivables": 355303000, "inventory": 436307000, "otherCurrentAssets": 52754000, "totalCurrentAssets": 1665557000, "longTermInvestments": 88254000, "propertyPlantEquipment": 991383000, "intangibleAssets": 3371000, "otherAssets": 100471000, "totalAssets": 2849036000, "accountsPayable": 667081000, "otherCurrentLiab": 108791000, "otherLiab": 68591000, "totalCurrentLiabilities": 1197054000, "totalLiab": 1274330000, "commonStock": 77660000, "retainedEarnings": 1196160000, "treasuryStock": 202637000, "capitalSurplus": 98249000, "otherStockholderEquity": 202637000, "totalStockholderEquity": 1574706000, "netTangibleAssets": 1571335000}], "maxAge": 86400}, "financialData": {"maxAge": 86400, "currentPrice": 614.8, "recommendationKey": "none", "totalCash": 2159510016, "totalCashPerShare": 152.834, "ebitda": 228558256, "totalDebt": 205255008, "totalRevenue": 5917682176, "debtToEquity": 7.45, "revenuePerShare": 418.762, "grossProfits": 3741990000, "earningsGrowth": 0.716, "revenueGrowth": 0.081, "grossMargins": 0.58672, "ebitdaMargins": 0.03862, "operatingMargins": 0.01616, "profitMargins": 0.0617, "financialCurrency": "INR"}}}