{"TTML.BO": {"recommendationTrend": {"trend": [{"period": "0m", "strongBuy": 0, "buy": 0, "hold": 0, "sell": 0, "strongSell": 0}, {"period": "-1m", "strongBuy": 0, "buy": 0, "hold": 0, "sell": 0, "strongSell": 0}, {"period": "-2m", "strongBuy": 0, "buy": 0, "hold": 0, "sell": 0, "strongSell": 0}, {"period": "-3m", "strongBuy": 0, "buy": 0, "hold": 0, "sell": 0, "strongSell": 0}], "maxAge": 86400}, "cashflowStatementHistory": {"cashflowStatements": [{"maxAge": 1, "endDate": "2020-03-31", "netIncome": -37141100000, "depreciation": 1949100000, "changeToNetincome": 32424000000, "changeToAccountReceivables": -242000000, "changeToLiabilities": -953200000, "changeToOperatingActivities": 208400000, "totalCashFromOperatingActivities": -3597200000, "capitalExpenditures": -1099100000, "investments": 6194900000, "otherCashflowsFromInvestingActivities": 200000, "totalCashflowsFromInvestingActivities": 5101200000, "netBorrowings": 3821600000, "otherCashflowsFromFinancingActivities": -6191600000, "totalCashFromFinancingActivities": -2370000000, "changeInCash": -866000000}, {"maxAge": 1, "endDate": "2019-03-31", "netIncome": -6676000000, "depreciation": 1774600000, "changeToNetincome": 7389900000, "changeToAccountReceivables": 1031600000, "changeToLiabilities": -5755100000, "changeToInventory": 1300000, "changeToOperatingActivities": -5304300000, "totalCashFromOperatingActivities": -7338900000, "capitalExpenditures": -1275700000, "investments": -2030900000, "otherCashflowsFromInvestingActivities": 60500000, "totalCashflowsFromInvestingActivities": -1014900000, "netBorrowings": 29815500000, "otherCashflowsFromFinancingActivities": -20142000000, "totalCashFromFinancingActivities": 9673500000, "changeInCash": 1319700000}, {"maxAge": 1, "endDate": "2018-03-31", "netIncome": -98419900000, "depreciation": 5328200000, "changeToNetincome": 96632200000, "changeToAccountReceivables": -121400000, "changeToLiabilities": 2248300000, "changeToInventory": 19100000, "changeToOperatingActivities": -132500000, "totalCashFromOperatingActivities": 6034400000, "capitalExpenditures": -782500000, "investments": 3265500000, "otherCashflowsFromInvestingActivities": 96200000, "totalCashflowsFromInvestingActivities": 2587500000, "netBorrowings": -35529300000, "otherCashflowsFromFinancingActivities": 26929000000, "totalCashFromFinancingActivities": -8600300000, "changeInCash": 21500000}, {"maxAge": 1, "endDate": "2017-03-31", "netIncome": -23564700000, "depreciation": 7957500000, "changeToNetincome": 23015400000, "changeToAccountReceivables": 459500000, "changeToLiabilities": 498400000, "changeToInventory": 26400000, "changeToOperatingActivities": -1263100000, "totalCashFromOperatingActivities": 7299000000, "capitalExpenditures": -8974800000, "investments": -665600000, "otherCashflowsFromInvestingActivities": 96200000, "totalCashflowsFromInvestingActivities": -21978200000, "netBorrowings": -1633300000, "otherCashflowsFromFinancingActivities": -8116100000, "totalCashFromFinancingActivities": 10410400000, "changeInCash": -4268800000}], "maxAge": 86400}, "institutionOwnership": {"ownershipList": [], "maxAge": 1}, "balanceSheetHistoryQuarterly": {"balanceSheetStatements": [{"maxAge": 1, "endDate": "2020-06-30", "totalStockholderEquity": -174791600000, "netTangibleAssets": -174819100000}, {"maxAge": 1, "endDate": "2020-03-31", "cash": 845300000, "netReceivables": 2005500000, "otherCurrentAssets": 2958400000, "totalCurrentAssets": 5956200000, "longTermInvestments": 2800000, "propertyPlantEquipment": 9301900000, "intangibleAssets": 27500000, "otherAssets": 1853700000, "totalAssets": 17142100000, "accountsPayable": 2971000000, "shortLongTermDebt": 62254900000, "otherCurrentLiab": 19443400000, "longTermDebt": 61384400000, "otherLiab": 211600000, "totalCurrentLiabilities": 128800000000, "totalLiab": 191933700000, "commonStock": 19549300000, "retainedEarnings": -231097400000, "treasuryStock": 31502200000, "capitalSurplus": 5254300000, "otherStockholderEquity": 31502200000, "totalStockholderEquity": -174791600000, "netTangibleAssets": -174819100000}, {"maxAge": 1, "endDate": "2019-12-31", "totalStockholderEquity": -163294600000, "netTangibleAssets": -165696000000}, {"maxAge": 1, "endDate": "2019-09-30", "cash": 279700000, "shortTermInvestments": 617300000, "netReceivables": 1667600000, "otherCurrentAssets": 2154100000, "totalCurrentAssets": 4718700000, "propertyPlantEquipment": 7075800000, "intangibleAssets": 2401400000, "otherAssets": 3789800000, "totalAssets": 17985700000, "accountsPayable": 3064500000, "shortLongTermDebt": 34467100000, "otherCurrentLiab": 20955900000, "longTermDebt": 84585600000, "otherLiab": 19200000, "totalCurrentLiabilities": 94795600000, "totalLiab": 181280300000, "commonStock": 19549300000, "treasuryStock": -182843900000, "otherStockholderEquity": -182843900000, "totalStockholderEquity": -163294600000, "netTangibleAssets": -165696000000}], "maxAge": 86400}, "earningsHistory": {"history": [{"maxAge": 1, "epsActual": {}, "epsEstimate": {}, "epsDifference": {}, "surprisePercent": {}, "quarter": {}, "period": "-4q"}, {"maxAge": 1, "epsActual": {}, "epsEstimate": {}, "epsDifference": {}, "surprisePercent": {}, "quarter": {}, "period": "-3q"}, {"maxAge": 1, "epsActual": {}, "epsEstimate": {}, "epsDifference": {}, "surprisePercent": {}, "quarter": {}, "period": "-2q"}, {"maxAge": 1, "epsActual": {}, "epsEstimate": {}, "epsDifference": {}, "surprisePercent": {}, "quarter": {}, "period": "-1q"}], "maxAge": 86400}, "indexTrend": {"maxAge": 1, "symbol": "SP5", "peRatio": 19.7411, "pegRatio": 1.34172, "estimates": [{"period": "0q", "growth": 0.549}, {"period": "+1q", "growth": 0.431}, {"period": "0y", "growth": 0.305}, {"period": "+1y", "growth": 0.109}, {"period": "+5y", "growth": 0.120865}, {"period": "-5y"}]}, "industryTrend": {"maxAge": 1, "symbol": null, "estimates": []}, "insiderTransactions": {"transactions": [{"maxAge": 1, "shares": 229856926, "filerUrl": "", "transactionText": "", "filerName": "NTT Docomo, Inc.", "filerRelation": "Promoter", "moneyText": "", "startDate": "2018-02-21", "ownership": "D"}, {"maxAge": 1, "shares": 226, "filerUrl": "", "transactionText": "", "filerName": "Thacker (Kiran)", "filerRelation": "Company Secretary", "moneyText": "", "startDate": "2014-06-03", "ownership": "D"}], "maxAge": 1}, "quoteType": {"exchange": "BSE", "quoteType": "EQUITY", "symbol": "TTML.BO", "underlyingSymbol": "TTML.BO", "shortName": "TATA TELESERVICES (MAHARASHTRA", "longName": "Tata Teleservices (Maharashtra) Limited", "firstTradeDateEpochUtc": "2000-10-26 09:15:00", "timeZoneFullName": "Asia/Kolkata", "timeZoneShortName": "IST", "uuid": "39b54fcc-1f35-362c-a613-08c8cede1825", "gmtOffSetMilliseconds": 19800000, "maxAge": 1}, "incomeStatementHistory": {"incomeStatementHistory": [{"maxAge": 1, "endDate": "2020-03-31", "totalRevenue": 10777400000, "costOfRevenue": 6365200000, "grossProfit": 4412200000, "researchDevelopment": {}, "sellingGeneralAdministrative": 194900000, "nonRecurring": {}, "otherOperatingExpenses": {}, "totalOperatingExpenses": 8510200000, "operatingIncome": 2267200000, "totalOtherIncomeExpenseNet": -39408300000, "ebit": 2267200000, "interestExpense": -15450700000, "incomeBeforeTax": -37141100000, "incomeTaxExpense": 0, "minorityInterest": {}, "netIncomeFromContinuingOps": -37141100000, "discontinuedOperations": {}, "extraordinaryItems": {}, "effectOfAccountingCharges": {}, "otherItems": {}, "netIncome": -37141100000, "netIncomeApplicableToCommonShares": -37141100000}, {"maxAge": 1, "endDate": "2019-03-31", "totalRevenue": 12772000000, "costOfRevenue": 7718700000, "grossProfit": 5053300000, "researchDevelopment": {}, "sellingGeneralAdministrative": 2025600000, "nonRecurring": {}, "otherOperatingExpenses": {}, "totalOperatingExpenses": 12030700000, "operatingIncome": 741300000, "totalOtherIncomeExpenseNet": -7417300000, "ebit": 741300000, "interestExpense": -15537400000, "incomeBeforeTax": -6676000000, "incomeTaxExpense": 0, "minorityInterest": {}, "netIncomeFromContinuingOps": -6676000000, "discontinuedOperations": {}, "extraordinaryItems": {}, "effectOfAccountingCharges": {}, "otherItems": {}, "netIncome": -6676000000, "netIncomeApplicableToCommonShares": -6676000000}, {"maxAge": 1, "endDate": "2018-03-31", "totalRevenue": 18685100000, "costOfRevenue": 10648000000, "grossProfit": 8037100000, "researchDevelopment": {}, "sellingGeneralAdministrative": 4043200000, "nonRecurring": {}, "otherOperatingExpenses": {}, "totalOperatingExpenses": 21106700000, "operatingIncome": -2421600000, "totalOtherIncomeExpenseNet": -95998300000, "ebit": -2421600000, "interestExpense": -15673700000, "incomeBeforeTax": -98419900000, "incomeTaxExpense": 0, "minorityInterest": {}, "netIncomeFromContinuingOps": -98419900000, "discontinuedOperations": {}, "extraordinaryItems": {}, "effectOfAccountingCharges": {}, "otherItems": {}, "netIncome": -98419900000, "netIncomeApplicableToCommonShares": -98419900000}, {"maxAge": 1, "endDate": "2017-03-31", "totalRevenue": 27029100000, "costOfRevenue": 2746100000, "grossProfit": 24283000000, "researchDevelopment": {}, "sellingGeneralAdministrative": 4087000000, "nonRecurring": {}, "otherOperatingExpenses": {}, "totalOperatingExpenses": 14791300000, "operatingIncome": 12237800000, "totalOtherIncomeExpenseNet": -35802500000, "ebit": 12237800000, "interestExpense": -12622400000, "incomeBeforeTax": -23564700000, "incomeTaxExpense": 0, "minorityInterest": {}, "netIncomeFromContinuingOps": -23564700000, "discontinuedOperations": {}, "extraordinaryItems": {}, "effectOfAccountingCharges": {}, "otherItems": {}, "netIncome": -23564700000, "netIncomeApplicableToCommonShares": -23564700000}], "maxAge": 86400}, "fundOwnership": {"ownershipList": [], "maxAge": 1}, "summaryDetail": {"maxAge": 1, "priceHint": 2, "previousClose": 13.34, "open": 13.89, "dayLow": 13.34, "dayHigh": 14.0, "regularMarketPreviousClose": 13.34, "regularMarketOpen": 13.89, "regularMarketDayLow": 13.34, "regularMarketDayHigh": 14.0, "volume": 3136947, "regularMarketVolume": 3136947, "averageVolume": 2066170, "averageVolume10days": 2275059, "averageDailyVolume10Day": 2275059, "bid": 13.99, "ask": 0.0, "bidSize": 0, "askSize": 0, "marketCap": 27349471232, "fiftyTwoWeekLow": 1.8, "fiftyTwoWeekHigh": 18.2, "fiftyDayAverage": 10.379394, "twoHundredDayAverage": 6.1080146, "currency": "INR", "fromCurrency": null, "lastMarket": null, "algorithm": null, "tradeable": false}, "sectorTrend": {"maxAge": 1, "symbol": null, "estimates": []}, "incomeStatementHistoryQuarterly": {"incomeStatementHistory": [{"maxAge": 1, "endDate": "2020-06-30", "totalRevenue": 2433000000, "costOfRevenue": 1256400000, "grossProfit": 1176600000, "researchDevelopment": {}, "sellingGeneralAdministrative": {}, "nonRecurring": {}, "otherOperatingExpenses": {}, "totalOperatingExpenses": 1681000000, "operatingIncome": 752000000, "totalOtherIncomeExpenseNet": -11444600000, "ebit": 752000000, "interestExpense": -3837000000, "incomeBeforeTax": -10692600000, "incomeTaxExpense": 0, "minorityInterest": {}, "netIncomeFromContinuingOps": -10692600000, "discontinuedOperations": {}, "extraordinaryItems": {}, "effectOfAccountingCharges": {}, "otherItems": {}, "netIncome": -10692600000, "netIncomeApplicableToCommonShares": -10692600000}, {"maxAge": 1, "endDate": "2020-03-31", "totalRevenue": 2588800000, "costOfRevenue": 1251000000, "grossProfit": 1337800000, "researchDevelopment": {}, "sellingGeneralAdministrative": 194900000, "nonRecurring": {}, "otherOperatingExpenses": {}, "totalOperatingExpenses": 1851000000, "operatingIncome": 737800000, "totalOtherIncomeExpenseNet": -9477300000, "ebit": 737800000, "interestExpense": -3778100000, "incomeBeforeTax": -8739500000, "incomeTaxExpense": 0, "minorityInterest": {}, "netIncomeFromContinuingOps": -8739500000, "discontinuedOperations": {}, "extraordinaryItems": {}, "effectOfAccountingCharges": {}, "otherItems": {}, "netIncome": -8739500000, "netIncomeApplicableToCommonShares": -8739500000}, {"maxAge": 1, "endDate": "2019-12-31", "totalRevenue": 2550600000, "costOfRevenue": 1236200000, "grossProfit": 1314400000, "researchDevelopment": {}, "sellingGeneralAdministrative": 194900000, "nonRecurring": {}, "otherOperatingExpenses": {}, "totalOperatingExpenses": 1758700000, "operatingIncome": 791900000, "totalOtherIncomeExpenseNet": -3560400000, "ebit": 791900000, "interestExpense": -3588600000, "incomeBeforeTax": -2768500000, "incomeTaxExpense": 0, "minorityInterest": {}, "netIncomeFromContinuingOps": -2768500000, "discontinuedOperations": {}, "extraordinaryItems": {}, "effectOfAccountingCharges": {}, "otherItems": {}, "netIncome": -2768500000, "netIncomeApplicableToCommonShares": -2768500000}, {"maxAge": 1, "endDate": "2019-09-30", "totalRevenue": 2703500000, "costOfRevenue": 1474700000, "grossProfit": 1228800000, "researchDevelopment": {}, "sellingGeneralAdministrative": 194900000, "nonRecurring": {}, "otherOperatingExpenses": {}, "totalOperatingExpenses": 2020700000, "operatingIncome": 682800000, "totalOtherIncomeExpenseNet": -24027300000, "ebit": 682800000, "interestExpense": -3824600000, "incomeBeforeTax": -23344500000, "incomeTaxExpense": 0, "minorityInterest": {}, "netIncomeFromContinuingOps": -23344500000, "discontinuedOperations": {}, "extraordinaryItems": {}, "effectOfAccountingCharges": {}, "otherItems": {}, "netIncome": -23344500000, "netIncomeApplicableToCommonShares": -23344500000}], "maxAge": 86400}, "cashflowStatementHistoryQuarterly": {"cashflowStatements": [{"maxAge": 1, "endDate": "2020-06-30", "netIncome": -10692600000, "changeToLiabilities": 0}, {"maxAge": 1, "endDate": "2020-03-31", "netIncome": -8739500000, "changeToLiabilities": 0}, {"maxAge": 1, "endDate": "2019-12-31", "netIncome": -2768500000, "changeToLiabilities": 0}, {"maxAge": 1, "endDate": "2019-09-30", "netIncome": -23344500000, "changeToLiabilities": 0}], "maxAge": 86400}, "insiderHolders": {"holders": [{"maxAge": 1, "name": "NTT Docomo, Inc.", "relation": "Promoter", "url": "", "transactionDescription": "Sale", "latestTransDate": "2018-02-21", "positionDirect": 0, "positionDirectDate": "2018-02-21"}, {"maxAge": 1, "name": "Thacker (Kiran)", "relation": "Company Secretary", "url": "", "transactionDescription": "Acquisition", "latestTransDate": "2014-06-03", "positionDirect": 226, "positionDirectDate": "2014-06-03"}], "maxAge": 1}, "earnings": {"maxAge": 86400, "earningsChart": {"quarterly": [], "earningsDate": ["2020-08-12 05:30:S"]}, "financialsChart": {"yearly": [{"date": 2017, "revenue": 27029100000, "earnings": -23564700000}, {"date": 2018, "revenue": 18685100000, "earnings": -98419900000}, {"date": 2019, "revenue": 12772000000, "earnings": -6676000000}, {"date": 2020, "revenue": 10777400000, "earnings": -37141100000}], "quarterly": [{"date": "3Q2019", "revenue": 2703500000, "earnings": -23344500000}, {"date": "4Q2019", "revenue": 2550600000, "earnings": -2768500000}, {"date": "1Q2020", "revenue": 2588800000, "earnings": -8739500000}, {"date": "2Q2020", "revenue": 2433000000, "earnings": -10692600000}]}, "financialCurrency": "INR"}, "calendarEvents": {"maxAge": 1, "earnings": {"earningsDate": ["2020-08-12 05:30:S"]}}, "upgradeDowngradeHistory": {"history": [], "maxAge": 86400}, "price": {"maxAge": 1, "regularMarketChangePercent": 0.04872561, "regularMarketChange": 0.6499996, "regularMarketTime": "2021-04-30 15:51:34", "priceHint": 2, "regularMarketPrice": 13.99, "regularMarketDayHigh": 14.0, "regularMarketDayLow": 13.34, "regularMarketVolume": 3136947, "averageDailyVolume10Day": 2275059, "averageDailyVolume3Month": 2066170, "regularMarketPreviousClose": 13.34, "regularMarketSource": "FREE_REALTIME", "regularMarketOpen": 13.89, "exchange": "BSE", "exchangeName": "BSE", "exchangeDataDelayedBy": 0, "marketState": "CLOSED", "quoteType": "EQUITY", "symbol": "TTML.BO", "underlyingSymbol": null, "shortName": "TATA TELESERVICES (MAHARASHTRA", "longName": "Tata Teleservices (Maharashtra) Limited", "currency": "INR", "quoteSourceName": "Delayed Quote", "currencySymbol": "\u20b9", "fromCurrency": null, "lastMarket": null, "marketCap": 27349471232}, "balanceSheetHistory": {"balanceSheetStatements": [{"maxAge": 1, "endDate": "2020-03-31", "cash": 845300000, "netReceivables": 2005500000, "otherCurrentAssets": 2958400000, "totalCurrentAssets": 5956200000, "longTermInvestments": 2800000, "propertyPlantEquipment": 9301900000, "intangibleAssets": 27500000, "otherAssets": 1853700000, "totalAssets": 17142100000, "accountsPayable": 2971000000, "shortLongTermDebt": 62254900000, "otherCurrentLiab": 19443400000, "longTermDebt": 61384400000, "otherLiab": 211600000, "totalCurrentLiabilities": 128800000000, "totalLiab": 191933700000, "commonStock": 19549300000, "retainedEarnings": -231097400000, "treasuryStock": 31502200000, "capitalSurplus": 5254300000, "otherStockholderEquity": 31502200000, "totalStockholderEquity": -174791600000, "netTangibleAssets": -174819100000}, {"maxAge": 1, "endDate": "2019-03-31", "cash": 1711300000, "netReceivables": 1625100000, "otherCurrentAssets": 25637100000, "totalCurrentAssets": 35178400000, "longTermInvestments": 3600000, "propertyPlantEquipment": 7014800000, "intangibleAssets": 429000000, "otherAssets": 2680200000, "totalAssets": 45306000000, "accountsPayable": 2086600000, "shortLongTermDebt": 39073900000, "otherCurrentLiab": 25434000000, "longTermDebt": 57083300000, "otherLiab": 223500000, "totalCurrentLiabilities": 136197500000, "totalLiab": 193504300000, "commonStock": 19549300000, "retainedEarnings": -193374000000, "treasuryStock": 20372100000, "capitalSurplus": 5254300000, "otherStockholderEquity": 20372100000, "totalStockholderEquity": -148198300000, "netTangibleAssets": -148627300000}, {"maxAge": 1, "endDate": "2018-03-31", "cash": 391600000, "netReceivables": 1739100000, "inventory": 1300000, "otherCurrentAssets": 12813700000, "totalCurrentAssets": 18845900000, "longTermInvestments": 200000, "propertyPlantEquipment": 8202500000, "intangibleAssets": 532700000, "otherAssets": 6220300000, "totalAssets": 33801600000, "accountsPayable": 4821900000, "shortLongTermDebt": 24093600000, "otherCurrentLiab": 23295300000, "longTermDebt": 78622100000, "otherLiab": 1242100000, "totalCurrentLiabilities": 105528900000, "totalLiab": 185393100000, "commonStock": 19549300000, "retainedEarnings": -186642800000, "treasuryStock": 10247700000, "capitalSurplus": 5254300000, "otherStockholderEquity": 10247700000, "totalStockholderEquity": -151591500000, "netTangibleAssets": -152124200000}, {"maxAge": 1, "endDate": "2017-03-31", "cash": 370300000, "netReceivables": 2404100000, "inventory": 20400000, "otherCurrentAssets": 2726900000, "totalCurrentAssets": 12523400000, "longTermInvestments": 100000, "propertyPlantEquipment": 16193200000, "intangibleAssets": 83441600000, "otherAssets": 6901000000, "totalAssets": 119059300000, "accountsPayable": 5212500000, "shortLongTermDebt": 12611700000, "otherCurrentLiab": 9283800000, "longTermDebt": 106624200000, "otherLiab": 15800000, "totalCurrentLiabilities": 71507700000, "totalLiab": 178147700000, "commonStock": 19549300000, "retainedEarnings": -88234100000, "treasuryStock": 4342100000, "capitalSurplus": 5254300000, "otherStockholderEquity": 4342100000, "totalStockholderEquity": -59088400000, "netTangibleAssets": -142530000000}], "maxAge": 86400}, "earningsTrend": {"trend": [{"maxAge": 1, "period": "0q", "endDate": null, "growth": {}, "earningsEstimate": {"avg": 0.0, "low": 0.0, "high": 0.0, "yearAgoEps": {}, "numberOfAnalysts": 0, "growth": {}}, "revenueEstimate": {"avg": 0, "low": 0, "high": 0, "numberOfAnalysts": 0, "yearAgoRevenue": {}, "growth": {}}, "epsTrend": {"current": 0.0, "7daysAgo": 0.0, "30daysAgo": 0.0, "60daysAgo": 0.0, "90daysAgo": 0.0}, "epsRevisions": {"upLast7days": 0, "upLast30days": 0, "downLast30days": 0, "downLast90days": {}}}, {"maxAge": 1, "period": "+1q", "endDate": null, "growth": {}, "earningsEstimate": {"avg": 0.0, "low": 0.0, "high": 0.0, "yearAgoEps": {}, "numberOfAnalysts": 0, "growth": {}}, "revenueEstimate": {"avg": 0, "low": 0, "high": 0, "numberOfAnalysts": 0, "yearAgoRevenue": {}, "growth": {}}, "epsTrend": {"current": 0.0, "7daysAgo": 0.0, "30daysAgo": 0.0, "60daysAgo": 0.0, "90daysAgo": 0.0}, "epsRevisions": {"upLast7days": 0, "upLast30days": 0, "downLast30days": 0, "downLast90days": {}}}, {"maxAge": 1, "period": "0y", "endDate": null, "growth": {}, "earningsEstimate": {"avg": 0.0, "low": 0.0, "high": 0.0, "yearAgoEps": {}, "numberOfAnalysts": 0, "growth": {}}, "revenueEstimate": {"avg": 0, "low": 0, "high": 0, "numberOfAnalysts": 0, "yearAgoRevenue": {}, "growth": {}}, "epsTrend": {"current": 0.0, "7daysAgo": 0.0, "30daysAgo": 0.0, "60daysAgo": 0.0, "90daysAgo": 0.0}, "epsRevisions": {"upLast7days": 0, "upLast30days": 0, "downLast30days": 0, "downLast90days": {}}}, {"maxAge": 1, "period": "+1y", "endDate": null, "growth": {}, "earningsEstimate": {"avg": 0.0, "low": 0.0, "high": 0.0, "yearAgoEps": {}, "numberOfAnalysts": 0, "growth": {}}, "revenueEstimate": {"avg": 0, "low": 0, "high": 0, "numberOfAnalysts": 0, "yearAgoRevenue": {}, "growth": {}}, "epsTrend": {"current": 0.0, "7daysAgo": 0.0, "30daysAgo": 0.0, "60daysAgo": 0.0, "90daysAgo": 0.0}, "epsRevisions": {"upLast7days": 0, "upLast30days": 0, "downLast30days": 0, "downLast90days": {}}}, {"maxAge": 1, "period": "+5y", "endDate": null, "growth": {}, "earningsEstimate": {"avg": {}, "low": {}, "high": {}, "yearAgoEps": {}, "numberOfAnalysts": {}, "growth": {}}, "revenueEstimate": {"avg": {}, "low": {}, "high": {}, "numberOfAnalysts": {}, "yearAgoRevenue": {}, "growth": {}}, "epsTrend": {"current": {}, "7daysAgo": {}, "30daysAgo": {}, "60daysAgo": {}, "90daysAgo": {}}, "epsRevisions": {"upLast7days": {}, "upLast30days": {}, "downLast30days": {}, "downLast90days": {}}}, {"maxAge": 1, "period": "-5y", "endDate": null, "growth": {}, "earningsEstimate": {"avg": {}, "low": {}, "high": {}, "yearAgoEps": {}, "numberOfAnalysts": {}, "growth": {}}, "revenueEstimate": {"avg": {}, "low": {}, "high": {}, "numberOfAnalysts": {}, "yearAgoRevenue": {}, "growth": {}}, "epsTrend": {"current": {}, "7daysAgo": {}, "30daysAgo": {}, "60daysAgo": {}, "90daysAgo": {}}, "epsRevisions": {"upLast7days": {}, "upLast30days": {}, "downLast30days": {}, "downLast90days": {}}}], "maxAge": 1}, "financialData": {"maxAge": 86400, "currentPrice": 13.99, "targetHighPrice": 7.0, "targetLowPrice": 7.0, "targetMeanPrice": 7.0, "targetMedianPrice": 7.0, "recommendationKey": "none", "numberOfAnalystOpinions": 1, "grossProfits": 4412200000, "financialCurrency": "INR"}}}