{"TTML.NS": {"assetProfile": {"address1": "Voltas Premises", "address2": "T. B. Kadam Marg Chinchpokli", "city": "Mumbai", "zip": "400033", "country": "India", "phone": "91 22 6667 1414", "fax": "91 22 6660 5335", "website": "http://www.tatateleservices.com", "industry": "Telecom Services", "sector": "Communication Services", "longBusinessSummary": "Tata Teleservices (Maharashtra) Limited provides wireline voice, data, and managed telecom services to enterprise customers in Maharashtra and Goa, India. The company provides its wireline and broadband services under the Tata Tele Business Services brand name. It offers cloud and software as a services comprising content delivery network, digital survey, document management, cloud CRM, endpoint security, fee collection, and live chat services; collaboration services, such as audio and web conferencing, international bridging, and webcasting services; and connectivity services, including business broadband, centrex, Internet lease line connection, L2 multicast, leased line, PRI, SIP trunk, smart VPN, and SmartOffice, a business connectivity solution. The company also provides Internet of Things solutions comprising asset management, fleet management tracking, school bus tracking, and workforce management solutions; and marketing solutions, such as call register, digital survey, hosted OBD and IVR, SMS solutions, and toll free services. As of December 31, 2019, it provided products and services to approximately 0.8 million direct exchange lines and had 17,000 kilometers of optical fiber transmission network. The company was incorporated in 1995 and is based in Mumbai, India.", "companyOfficers": [{"maxAge": 1, "name": "Mr. Kush S. Bhatnagar", "age": 51, "title": "Chief Financial Officer", "yearBorn": 1969, "fiscalYear": 2020, "totalPay": 11969927, "exercisedValue": 0, "unexercisedValue": 0}, {"maxAge": 1, "name": "Ms. Vrushali  Dhamnaskar", "title": "Assistant Company Sec. & Compliance Officer", "fiscalYear": 2020, "totalPay": 1156821, "exercisedValue": 0, "unexercisedValue": 0}, {"maxAge": 1, "name": "Mr. Harjit  Singh", "title": "Mang.", "exercisedValue": 0, "unexercisedValue": 0}, {"maxAge": 1, "name": "Mr. Hiten  Koradia", "title": "Mang. of Investor Relations", "exercisedValue": 0, "unexercisedValue": 0}, {"maxAge": 1, "name": "Mr. Hari  Subrahmanian", "age": 51, "title": "Gen. Mang. of HR", "yearBorn": 1969, "exercisedValue": 0, "unexercisedValue": 0}, {"maxAge": 1, "name": "Mr. Milesh  Ruparel", "age": 63, "title": "Pres of Corp. - SCM", "yearBorn": 1957, "exercisedValue": 0, "unexercisedValue": 0}, {"maxAge": 1, "name": "Mr. Gopal Srinivasa Pai", "age": 63, "title": "Gen. Mang. of Sales", "yearBorn": 1957, "fiscalYear": 2007, "exercisedValue": 0, "unexercisedValue": 0}, {"maxAge": 1, "name": "Mr. Raghuveer Nayak Sujir", "age": 66, "title": "Additional VP of Network", "yearBorn": 1954, "fiscalYear": 2007, "exercisedValue": 0, "unexercisedValue": 0}, {"maxAge": 1, "name": "Mr. A. Raj Kumar Sarma", "age": 62, "title": "Additional VP of Network", "yearBorn": 1958, "fiscalYear": 2007, "exercisedValue": 0, "unexercisedValue": 0}, {"maxAge": 1, "name": "Mr. Mohan  Ranganathan", "age": 68, "title": "Gen. Mang. of Project", "yearBorn": 1952, "fiscalYear": 2007, "exercisedValue": 0, "unexercisedValue": 0}], "compensationAsOfEpochDate": "2020-12-31 05:30:00", "maxAge": 86400}, "recommendationTrend": {"trend": [{"period": "0m", "strongBuy": 0, "buy": 0, "hold": 0, "sell": 0, "strongSell": 0}, {"period": "-1m", "strongBuy": 0, "buy": 0, "hold": 0, "sell": 0, "strongSell": 0}, {"period": "-2m", "strongBuy": 0, "buy": 0, "hold": 0, "sell": 0, "strongSell": 0}, {"period": "-3m", "strongBuy": 0, "buy": 0, "hold": 0, "sell": 0, "strongSell": 0}], "maxAge": 86400}, "cashflowStatementHistory": {"cashflowStatements": [{"maxAge": 1, "endDate": "2021-03-31", "netIncome": -19966900000, "depreciation": 1687300000, "changeToNetincome": 23674300000, "changeToAccountReceivables": 435000000, "changeToLiabilities": -895300000, "changeToOperatingActivities": 737800000, "totalCashFromOperatingActivities": 5672200000, "capitalExpenditures": -1137700000, "investments": -681700000, "otherCashflowsFromInvestingActivities": 16300000, "totalCashflowsFromInvestingActivities": -1765200000, "netBorrowings": -676800000, "otherCashflowsFromFinancingActivities": -3645400000, "totalCashFromFinancingActivities": -4322200000, "changeInCash": -415200000}, {"maxAge": 1, "endDate": "2020-03-31", "netIncome": -37141100000, "depreciation": 1949100000, "changeToNetincome": 32424000000, "changeToAccountReceivables": -242000000, "changeToLiabilities": -953200000, "changeToOperatingActivities": 208400000, "totalCashFromOperatingActivities": -3597200000, "capitalExpenditures": -1099100000, "investments": 6194900000, "otherCashflowsFromInvestingActivities": 200000, "totalCashflowsFromInvestingActivities": 5101200000, "netBorrowings": 3821600000, "otherCashflowsFromFinancingActivities": -6191600000, "totalCashFromFinancingActivities": -2370000000, "changeInCash": -866000000}, {"maxAge": 1, "endDate": "2019-03-31", "netIncome": -6676000000, "depreciation": 1774600000, "changeToNetincome": 7389900000, "changeToAccountReceivables": 1031600000, "changeToLiabilities": -5755100000, "changeToInventory": 1300000, "changeToOperatingActivities": -5304300000, "totalCashFromOperatingActivities": -7338900000, "capitalExpenditures": -1275700000, "investments": -2030900000, "otherCashflowsFromInvestingActivities": 60500000, "totalCashflowsFromInvestingActivities": -1014900000, "netBorrowings": 29815500000, "otherCashflowsFromFinancingActivities": -20142000000, "totalCashFromFinancingActivities": 9673500000, "changeInCash": 1319700000}, {"maxAge": 1, "endDate": "2018-03-31", "netIncome": -98419900000, "depreciation": 5328200000, "changeToNetincome": 96632200000, "changeToAccountReceivables": -121400000, "changeToLiabilities": 2248300000, "changeToInventory": 19100000, "changeToOperatingActivities": -132500000, "totalCashFromOperatingActivities": 6034400000, "capitalExpenditures": -782500000, "investments": 3265500000, "otherCashflowsFromInvestingActivities": 96200000, "totalCashflowsFromInvestingActivities": 2587500000, "netBorrowings": -35529300000, "otherCashflowsFromFinancingActivities": 26929000000, "totalCashFromFinancingActivities": -8600300000, "changeInCash": 21500000}], "maxAge": 86400}, "indexTrend": {"maxAge": 1, "symbol": "SP5", "peRatio": 19.7411, "pegRatio": 1.34172, "estimates": [{"period": "0q", "growth": 0.549}, {"period": "+1q", "growth": 0.431}, {"period": "0y", "growth": 0.305}, {"period": "+1y", "growth": 0.109}, {"period": "+5y", "growth": 0.120865}, {"period": "-5y"}]}, "defaultKeyStatistics": {"maxAge": 1, "priceHint": 2, "enterpriseValue": 220162686976, "profitMargins": -1.91316, "floatShares": 473325112, "sharesOutstanding": 1954930048, "heldPercentInsiders": 0.74358004, "heldPercentInstitutions": 1.0000001e-05, "beta": 1.16126, "category": null, "bookValue": -94.286, "fundFamily": null, "legalType": null, "lastFiscalYearEnd": "2021-03-31 05:30:00", "nextFiscalYearEnd": "2023-03-31 05:30:00", "mostRecentQuarter": "2021-03-31 05:30:00", "netIncomeToCommon": -19966900224, "trailingEps": -10.21, "lastSplitFactor": "17:15", "lastSplitDate": "2013-08-07 05:30:00", "enterpriseToRevenue": 21.095, "enterpriseToEbitda": 45.033}, "industryTrend": {"maxAge": 1, "symbol": null, "estimates": []}, "quoteType": {"exchange": "NSI", "quoteType": "EQUITY", "symbol": "TTML.NS", "underlyingSymbol": "TTML.NS", "shortName": "TATA TELESERVICES", "longName": "Tata Teleservices (Maharashtra) Limited", "firstTradeDateEpochUtc": "2000-10-26 09:15:00", "timeZoneFullName": "Asia/Kolkata", "timeZoneShortName": "IST", "uuid": "539c759b-a46c-3506-b620-781b6936dea5", "gmtOffSetMilliseconds": 19800000, "maxAge": 1}, "incomeStatementHistory": {"incomeStatementHistory": [{"maxAge": 1, "endDate": "2021-03-31", "totalRevenue": 10436600000, "costOfRevenue": 5547700000, "grossProfit": 4888900000, "researchDevelopment": {}, "sellingGeneralAdministrative": {}, "nonRecurring": {}, "otherOperatingExpenses": {}, "totalOperatingExpenses": 7235000000, "operatingIncome": 3201600000, "totalOtherIncomeExpenseNet": -23168500000, "ebit": 3201600000, "interestExpense": -15611400000, "incomeBeforeTax": -19966900000, "incomeTaxExpense": 0, "minorityInterest": {}, "netIncomeFromContinuingOps": -19966900000, "discontinuedOperations": {}, "extraordinaryItems": {}, "effectOfAccountingCharges": {}, "otherItems": {}, "netIncome": -19966900000, "netIncomeApplicableToCommonShares": -19966900000}, {"maxAge": 1, "endDate": "2020-03-31", "totalRevenue": 10777400000, "costOfRevenue": 6365200000, "grossProfit": 4412200000, "researchDevelopment": {}, "sellingGeneralAdministrative": 194900000, "nonRecurring": {}, "otherOperatingExpenses": {}, "totalOperatingExpenses": 8510200000, "operatingIncome": 2267200000, "totalOtherIncomeExpenseNet": -39408300000, "ebit": 2267200000, "interestExpense": -15450700000, "incomeBeforeTax": -37141100000, "incomeTaxExpense": 0, "minorityInterest": {}, "netIncomeFromContinuingOps": -37141100000, "discontinuedOperations": {}, "extraordinaryItems": {}, "effectOfAccountingCharges": {}, "otherItems": {}, "netIncome": -37141100000, "netIncomeApplicableToCommonShares": -37141100000}, {"maxAge": 1, "endDate": "2019-03-31", "totalRevenue": 12772000000, "costOfRevenue": 7718700000, "grossProfit": 5053300000, "researchDevelopment": {}, "sellingGeneralAdministrative": 2025600000, "nonRecurring": {}, "otherOperatingExpenses": {}, "totalOperatingExpenses": 12030700000, "operatingIncome": 741300000, "totalOtherIncomeExpenseNet": -7417300000, "ebit": 741300000, "interestExpense": -15537400000, "incomeBeforeTax": -6676000000, "incomeTaxExpense": 0, "minorityInterest": {}, "netIncomeFromContinuingOps": -6676000000, "discontinuedOperations": {}, "extraordinaryItems": {}, "effectOfAccountingCharges": {}, "otherItems": {}, "netIncome": -6676000000, "netIncomeApplicableToCommonShares": -6676000000}, {"maxAge": 1, "endDate": "2018-03-31", "totalRevenue": 18685100000, "costOfRevenue": 10648000000, "grossProfit": 8037100000, "researchDevelopment": {}, "sellingGeneralAdministrative": 4043200000, "nonRecurring": {}, "otherOperatingExpenses": {}, "totalOperatingExpenses": 21106700000, "operatingIncome": -2421600000, "totalOtherIncomeExpenseNet": -95998300000, "ebit": -2421600000, "interestExpense": -15673700000, "incomeBeforeTax": -98419900000, "incomeTaxExpense": 0, "minorityInterest": {}, "netIncomeFromContinuingOps": -98419900000, "discontinuedOperations": {}, "extraordinaryItems": {}, "effectOfAccountingCharges": {}, "otherItems": {}, "netIncome": -98419900000, "netIncomeApplicableToCommonShares": -98419900000}], "maxAge": 86400}, "fundOwnership": {"ownershipList": [], "maxAge": 1}, "summaryDetail": {"maxAge": 1, "priceHint": 2, "previousClose": 13.3, "open": 13.65, "dayLow": 13.3, "dayHigh": 13.95, "regularMarketPreviousClose": 13.3, "regularMarketOpen": 13.65, "regularMarketDayLow": 13.3, "regularMarketDayHigh": 13.95, "payoutRatio": 0.0, "beta": 1.16126, "volume": 8340464, "regularMarketVolume": 8340464, "averageVolume": 2703608, "averageVolume10days": 1301329, "averageDailyVolume10Day": 1301329, "bid": 0.0, "ask": 0.0, "bidSize": 0, "askSize": 0, "marketCap": 27353298944, "fiftyTwoWeekLow": 1.8, "fiftyTwoWeekHigh": 22.8, "priceToSalesTrailing12Months": 2.6209013, "fiftyDayAverage": 14.855883, "twoHundredDayAverage": 9.879078, "currency": "INR", "fromCurrency": null, "lastMarket": null, "algorithm": null, "tradeable": false}, "insiderHolders": {"holders": [{"maxAge": 1, "name": "NTT Docomo, Inc.", "relation": "Promoter", "url": "", "transactionDescription": "Sale", "latestTransDate": "2018-02-21", "positionDirect": 0, "positionDirectDate": "2018-02-21"}, {"maxAge": 1, "name": "Thacker (Kiran)", "relation": "Company Secretary", "url": "", "transactionDescription": "Acquisition", "latestTransDate": "2014-06-03", "positionDirect": 226, "positionDirectDate": "2014-06-03"}], "maxAge": 1}, "calendarEvents": {"maxAge": 1, "earnings": {"earningsDate": []}}, "upgradeDowngradeHistory": {"history": [], "maxAge": 86400}, "price": {"maxAge": 1, "regularMarketChangePercent": 0.04887215, "regularMarketChange": 0.6499996, "regularMarketTime": "2021-04-30 15:29:29", "priceHint": 2, "regularMarketPrice": 13.95, "regularMarketDayHigh": 13.95, "regularMarketDayLow": 13.3, "regularMarketVolume": 8340464, "averageDailyVolume10Day": 1301329, "averageDailyVolume3Month": 2703608, "regularMarketPreviousClose": 13.3, "regularMarketSource": "FREE_REALTIME", "regularMarketOpen": 13.65, "exchange": "NSI", "exchangeName": "NSE", "exchangeDataDelayedBy": 15, "marketState": "CLOSED", "quoteType": "EQUITY", "symbol": "TTML.NS", "underlyingSymbol": null, "shortName": "TATA TELESERVICES", "longName": "Tata Teleservices (Maharashtra) Limited", "currency": "INR", "quoteSourceName": "Delayed Quote", "currencySymbol": "\u20b9", "fromCurrency": null, "lastMarket": null, "marketCap": 27353298944}, "balanceSheetHistory": {"balanceSheetStatements": [{"maxAge": 1, "endDate": "2021-03-31", "cash": 432900000, "shortTermInvestments": 1333800000, "netReceivables": 782200000, "otherCurrentAssets": 2327800000, "totalCurrentAssets": 4876700000, "longTermInvestments": 131900000, "propertyPlantEquipment": 8568100000, "intangibleAssets": 26100000, "otherAssets": 1487000000, "totalAssets": 15089800000, "accountsPayable": 2643700000, "shortLongTermDebt": 64883600000, "otherCurrentLiab": 1311400000, "longTermDebt": 98688600000, "otherLiab": 197500000, "totalCurrentLiabilities": 100090200000, "totalLiab": 199998600000, "commonStock": 19549300000, "treasuryStock": -204458100000, "otherStockholderEquity": -204458100000, "totalStockholderEquity": -184908800000, "netTangibleAssets": -184934900000}, {"maxAge": 1, "endDate": "2020-03-31", "cash": 845300000, "netReceivables": 2005500000, "otherCurrentAssets": 2958400000, "totalCurrentAssets": 5956200000, "longTermInvestments": 2800000, "propertyPlantEquipment": 9301900000, "intangibleAssets": 27500000, "otherAssets": 1853700000, "totalAssets": 17142100000, "accountsPayable": 2971000000, "shortLongTermDebt": 62254900000, "otherCurrentLiab": 19443400000, "longTermDebt": 61384400000, "otherLiab": 211600000, "totalCurrentLiabilities": 128800000000, "totalLiab": 191933700000, "commonStock": 19549300000, "retainedEarnings": -231097400000, "treasuryStock": 31502200000, "capitalSurplus": 5254300000, "otherStockholderEquity": 31502200000, "totalStockholderEquity": -174791600000, "netTangibleAssets": -174819100000}, {"maxAge": 1, "endDate": "2019-03-31", "cash": 1711300000, "netReceivables": 1625100000, "otherCurrentAssets": 25637100000, "totalCurrentAssets": 35178400000, "longTermInvestments": 3600000, "propertyPlantEquipment": 7014800000, "intangibleAssets": 429000000, "otherAssets": 2680200000, "totalAssets": 45306000000, "accountsPayable": 2086600000, "shortLongTermDebt": 39073900000, "otherCurrentLiab": 25434000000, "longTermDebt": 57083300000, "otherLiab": 223500000, "totalCurrentLiabilities": 136197500000, "totalLiab": 193504300000, "commonStock": 19549300000, "retainedEarnings": -193374000000, "treasuryStock": 20372100000, "capitalSurplus": 5254300000, "otherStockholderEquity": 20372100000, "totalStockholderEquity": -148198300000, "netTangibleAssets": -148627300000}, {"maxAge": 1, "endDate": "2018-03-31", "cash": 391600000, "netReceivables": 1739100000, "inventory": 1300000, "otherCurrentAssets": 12813700000, "totalCurrentAssets": 18845900000, "longTermInvestments": 200000, "propertyPlantEquipment": 8202500000, "intangibleAssets": 532700000, "otherAssets": 6220300000, "totalAssets": 33801600000, "accountsPayable": 4821900000, "shortLongTermDebt": 24093600000, "otherCurrentLiab": 23295300000, "longTermDebt": 78622100000, "otherLiab": 1242100000, "totalCurrentLiabilities": 105528900000, "totalLiab": 185393100000, "commonStock": 19549300000, "retainedEarnings": -186642800000, "treasuryStock": 10247700000, "capitalSurplus": 5254300000, "otherStockholderEquity": 10247700000, "totalStockholderEquity": -151591500000, "netTangibleAssets": -152124200000}], "maxAge": 86400}, "earningsTrend": {"trend": [{"maxAge": 1, "period": "0q", "endDate": null, "growth": {}, "earningsEstimate": {"avg": 0.0, "low": 0.0, "high": 0.0, "yearAgoEps": {}, "numberOfAnalysts": 0, "growth": {}}, "revenueEstimate": {"avg": 0, "low": 0, "high": 0, "numberOfAnalysts": 0, "yearAgoRevenue": {}, "growth": {}}, "epsTrend": {"current": 0.0, "7daysAgo": 0.0, "30daysAgo": 0.0, "60daysAgo": 0.0, "90daysAgo": 0.0}, "epsRevisions": {"upLast7days": 0, "upLast30days": 0, "downLast30days": 0, "downLast90days": {}}}, {"maxAge": 1, "period": "+1q", "endDate": null, "growth": {}, "earningsEstimate": {"avg": 0.0, "low": 0.0, "high": 0.0, "yearAgoEps": {}, "numberOfAnalysts": 0, "growth": {}}, "revenueEstimate": {"avg": 0, "low": 0, "high": 0, "numberOfAnalysts": 0, "yearAgoRevenue": {}, "growth": {}}, "epsTrend": {"current": 0.0, "7daysAgo": 0.0, "30daysAgo": 0.0, "60daysAgo": 0.0, "90daysAgo": 0.0}, "epsRevisions": {"upLast7days": 0, "upLast30days": 0, "downLast30days": 0, "downLast90days": {}}}, {"maxAge": 1, "period": "0y", "endDate": null, "growth": {}, "earningsEstimate": {"avg": 0.0, "low": 0.0, "high": 0.0, "yearAgoEps": {}, "numberOfAnalysts": 0, "growth": {}}, "revenueEstimate": {"avg": 0, "low": 0, "high": 0, "numberOfAnalysts": 0, "yearAgoRevenue": {}, "growth": {}}, "epsTrend": {"current": 0.0, "7daysAgo": 0.0, "30daysAgo": 0.0, "60daysAgo": 0.0, "90daysAgo": 0.0}, "epsRevisions": {"upLast7days": 0, "upLast30days": 0, "downLast30days": 0, "downLast90days": {}}}, {"maxAge": 1, "period": "+1y", "endDate": null, "growth": {}, "earningsEstimate": {"avg": 0.0, "low": 0.0, "high": 0.0, "yearAgoEps": {}, "numberOfAnalysts": 0, "growth": {}}, "revenueEstimate": {"avg": 0, "low": 0, "high": 0, "numberOfAnalysts": 0, "yearAgoRevenue": {}, "growth": {}}, "epsTrend": {"current": 0.0, "7daysAgo": 0.0, "30daysAgo": 0.0, "60daysAgo": 0.0, "90daysAgo": 0.0}, "epsRevisions": {"upLast7days": 0, "upLast30days": 0, "downLast30days": 0, "downLast90days": {}}}, {"maxAge": 1, "period": "+5y", "endDate": null, "growth": {}, "earningsEstimate": {"avg": {}, "low": {}, "high": {}, "yearAgoEps": {}, "numberOfAnalysts": {}, "growth": {}}, "revenueEstimate": {"avg": {}, "low": {}, "high": {}, "numberOfAnalysts": {}, "yearAgoRevenue": {}, "growth": {}}, "epsTrend": {"current": {}, "7daysAgo": {}, "30daysAgo": {}, "60daysAgo": {}, "90daysAgo": {}}, "epsRevisions": {"upLast7days": {}, "upLast30days": {}, "downLast30days": {}, "downLast90days": {}}}, {"maxAge": 1, "period": "-5y", "endDate": null, "growth": {}, "earningsEstimate": {"avg": {}, "low": {}, "high": {}, "yearAgoEps": {}, "numberOfAnalysts": {}, "growth": {}}, "revenueEstimate": {"avg": {}, "low": {}, "high": {}, "numberOfAnalysts": {}, "yearAgoRevenue": {}, "growth": {}}, "epsTrend": {"current": {}, "7daysAgo": {}, "30daysAgo": {}, "60daysAgo": {}, "90daysAgo": {}}, "epsRevisions": {"upLast7days": {}, "upLast30days": {}, "downLast30days": {}, "downLast90days": {}}}], "maxAge": 1}, "institutionOwnership": {"ownershipList": [], "maxAge": 1}, "majorHoldersBreakdown": {"maxAge": 1, "insidersPercentHeld": 0.74358004, "institutionsPercentHeld": 1.0000001e-05, "institutionsFloatPercentHeld": 4.0000003e-05, "institutionsCount": 1}, "balanceSheetHistoryQuarterly": {"balanceSheetStatements": [{"maxAge": 1, "endDate": "2021-03-31", "cash": 432900000, "shortTermInvestments": 1333800000, "netReceivables": 782200000, "otherCurrentAssets": 2327800000, "totalCurrentAssets": 4876700000, "longTermInvestments": 131900000, "propertyPlantEquipment": 8568100000, "intangibleAssets": 26100000, "otherAssets": 1487000000, "totalAssets": 15089800000, "accountsPayable": 2643700000, "shortLongTermDebt": 64883600000, "otherCurrentLiab": 1311400000, "longTermDebt": 98688600000, "otherLiab": 197500000, "totalCurrentLiabilities": 100090200000, "totalLiab": 199998600000, "commonStock": 19549300000, "treasuryStock": -204458100000, "otherStockholderEquity": -204458100000, "totalStockholderEquity": -184908800000, "netTangibleAssets": -184934900000}, {"maxAge": 1, "endDate": "2020-12-31", "totalStockholderEquity": -179607100000, "netTangibleAssets": -179634600000}, {"maxAge": 1, "endDate": "2020-09-30", "cash": 472800000, "shortTermInvestments": 1461400000, "netReceivables": 1611700000, "otherCurrentAssets": 2428100000, "totalCurrentAssets": 5974000000, "propertyPlantEquipment": 8882000000, "intangibleAssets": 27500000, "otherAssets": 1834100000, "totalAssets": 16717600000, "accountsPayable": 3358800000, "shortLongTermDebt": 42958900000, "otherCurrentLiab": 1135500000, "longTermDebt": 102778500000, "otherLiab": 177100000, "totalCurrentLiabilities": 92149700000, "totalLiab": 196324700000, "commonStock": 19549300000, "treasuryStock": -199156400000, "otherStockholderEquity": -199156400000, "totalStockholderEquity": -179607100000, "netTangibleAssets": -179634600000}, {"maxAge": 1, "endDate": "2020-06-30", "totalStockholderEquity": -174791600000, "netTangibleAssets": -174819100000}], "maxAge": 86400}, "earningsHistory": {"history": [{"maxAge": 1, "epsActual": {}, "epsEstimate": {}, "epsDifference": {}, "surprisePercent": {}, "quarter": {}, "period": "-4q"}, {"maxAge": 1, "epsActual": {}, "epsEstimate": {}, "epsDifference": {}, "surprisePercent": {}, "quarter": {}, "period": "-3q"}, {"maxAge": 1, "epsActual": {}, "epsEstimate": {}, "epsDifference": {}, "surprisePercent": {}, "quarter": {}, "period": "-2q"}, {"maxAge": 1, "epsActual": {}, "epsEstimate": {}, "epsDifference": {}, "surprisePercent": {}, "quarter": {}, "period": "-1q"}], "maxAge": 86400}, "summaryProfile": {"address1": "Voltas Premises", "address2": "T. B. Kadam Marg Chinchpokli", "city": "Mumbai", "zip": "400033", "country": "India", "phone": "91 22 6667 1414", "fax": "91 22 6660 5335", "website": "http://www.tatateleservices.com", "industry": "Telecom Services", "sector": "Communication Services", "longBusinessSummary": "Tata Teleservices (Maharashtra) Limited provides wireline voice, data, and managed telecom services to enterprise customers in Maharashtra and Goa, India. The company provides its wireline and broadband services under the Tata Tele Business Services brand name. It offers cloud and software as a services comprising content delivery network, digital survey, document management, cloud CRM, endpoint security, fee collection, and live chat services; collaboration services, such as audio and web conferencing, international bridging, and webcasting services; and connectivity services, including business broadband, centrex, Internet lease line connection, L2 multicast, leased line, PRI, SIP trunk, smart VPN, and SmartOffice, a business connectivity solution. The company also provides Internet of Things solutions comprising asset management, fleet management tracking, school bus tracking, and workforce management solutions; and marketing solutions, such as call register, digital survey, hosted OBD and IVR, SMS solutions, and toll free services. As of December 31, 2019, it provided products and services to approximately 0.8 million direct exchange lines and had 17,000 kilometers of optical fiber transmission network. The company was incorporated in 1995 and is based in Mumbai, India.", "companyOfficers": [], "maxAge": 86400}, "netSharePurchaseActivity": {"maxAge": 1, "period": "6m", "buyInfoCount": 0, "buyInfoShares": 0, "sellInfoCount": 0, "netInfoCount": 0, "netInfoShares": 0, "netPercentInsiderShares": 0.0, "totalInsiderShares": 1458276864}, "insiderTransactions": {"transactions": [{"maxAge": 1, "shares": 229856926, "filerUrl": "", "transactionText": "", "filerName": "NTT Docomo, Inc.", "filerRelation": "Promoter", "moneyText": "", "startDate": "2018-02-21", "ownership": "D"}, {"maxAge": 1, "shares": 226, "filerUrl": "", "transactionText": "", "filerName": "Thacker (Kiran)", "filerRelation": "Company Secretary", "moneyText": "", "startDate": "2014-06-03", "ownership": "D"}], "maxAge": 1}, "sectorTrend": {"maxAge": 1, "symbol": null, "estimates": []}, "incomeStatementHistoryQuarterly": {"incomeStatementHistory": [{"maxAge": 1, "endDate": "2021-03-31", "totalRevenue": 2652900000, "costOfRevenue": 1409400000, "grossProfit": 1243500000, "researchDevelopment": {}, "sellingGeneralAdministrative": {}, "nonRecurring": {}, "otherOperatingExpenses": {}, "totalOperatingExpenses": 1817400000, "operatingIncome": 835500000, "totalOtherIncomeExpenseNet": -3718400000, "ebit": 835500000, "interestExpense": -3779400000, "incomeBeforeTax": -2882900000, "incomeTaxExpense": 0, "minorityInterest": {}, "netIncomeFromContinuingOps": -2882900000, "discontinuedOperations": {}, "extraordinaryItems": {}, "effectOfAccountingCharges": {}, "otherItems": {}, "netIncome": -2882900000, "netIncomeApplicableToCommonShares": -2882900000}, {"maxAge": 1, "endDate": "2020-12-31", "totalRevenue": 2784100000, "costOfRevenue": 1496800000, "grossProfit": 1287300000, "researchDevelopment": {}, "sellingGeneralAdministrative": {}, "nonRecurring": {}, "otherOperatingExpenses": {}, "totalOperatingExpenses": 1918700000, "operatingIncome": 865400000, "totalOtherIncomeExpenseNet": -3844900000, "ebit": 865400000, "interestExpense": -3874800000, "incomeBeforeTax": -2979500000, "incomeTaxExpense": 0, "minorityInterest": {}, "netIncomeFromContinuingOps": -2979500000, "discontinuedOperations": {}, "extraordinaryItems": {}, "effectOfAccountingCharges": {}, "otherItems": {}, "netIncome": -2979500000, "netIncomeApplicableToCommonShares": -2979500000}, {"maxAge": 1, "endDate": "2020-09-30", "totalRevenue": 2566600000, "costOfRevenue": 1385100000, "grossProfit": 1181500000, "researchDevelopment": {}, "sellingGeneralAdministrative": {}, "nonRecurring": {}, "otherOperatingExpenses": {}, "totalOperatingExpenses": 1817900000, "operatingIncome": 748700000, "totalOtherIncomeExpenseNet": -4160600000, "ebit": 748700000, "interestExpense": -4120200000, "incomeBeforeTax": -3411900000, "incomeTaxExpense": 0, "minorityInterest": {}, "netIncomeFromContinuingOps": -3411900000, "discontinuedOperations": {}, "extraordinaryItems": {}, "effectOfAccountingCharges": {}, "otherItems": {}, "netIncome": -3411900000, "netIncomeApplicableToCommonShares": -3411900000}, {"maxAge": 1, "endDate": "2020-06-30", "totalRevenue": 2433000000, "costOfRevenue": 1256400000, "grossProfit": 1176600000, "researchDevelopment": {}, "sellingGeneralAdministrative": {}, "nonRecurring": {}, "otherOperatingExpenses": {}, "totalOperatingExpenses": 1681000000, "operatingIncome": 752000000, "totalOtherIncomeExpenseNet": -11444600000, "ebit": 752000000, "interestExpense": -3837000000, "incomeBeforeTax": -10692600000, "incomeTaxExpense": 0, "minorityInterest": {}, "netIncomeFromContinuingOps": -10692600000, "discontinuedOperations": {}, "extraordinaryItems": {}, "effectOfAccountingCharges": {}, "otherItems": {}, "netIncome": -10692600000, "netIncomeApplicableToCommonShares": -10692600000}], "maxAge": 86400}, "cashflowStatementHistoryQuarterly": {"cashflowStatements": [{"maxAge": 1, "endDate": "2021-03-31", "netIncome": -2882900000, "changeToLiabilities": 0}, {"maxAge": 1, "endDate": "2020-12-31", "netIncome": -2979500000, "changeToLiabilities": 0}, {"maxAge": 1, "endDate": "2020-09-30", "netIncome": -3411900000, "changeToLiabilities": 0}, {"maxAge": 1, "endDate": "2020-06-30", "netIncome": -10692600000, "changeToLiabilities": 0}], "maxAge": 86400}, "earnings": {"maxAge": 86400, "earningsChart": {"quarterly": [], "earningsDate": []}, "financialsChart": {"yearly": [{"date": 2018, "revenue": 18685100000, "earnings": -98419900000}, {"date": 2019, "revenue": 12772000000, "earnings": -6676000000}, {"date": 2020, "revenue": 10777400000, "earnings": -37141100000}, {"date": 2021, "revenue": 10436600000, "earnings": -19966900000}], "quarterly": [{"date": "2Q2020", "revenue": 2433000000, "earnings": -10692600000}, {"date": "3Q2020", "revenue": 2566600000, "earnings": -3411900000}, {"date": "4Q2020", "revenue": 2784100000, "earnings": -2979500000}, {"date": "1Q2021", "revenue": 2652900000, "earnings": -2882900000}]}, "financialCurrency": "INR"}, "financialData": {"maxAge": 86400, "currentPrice": 13.95, "targetHighPrice": 7.0, "targetLowPrice": 7.0, "targetMeanPrice": 7.0, "targetMedianPrice": 7.0, "recommendationKey": "none", "numberOfAnalystOpinions": 1, "totalCash": 1766700032, "totalCashPerShare": 0.901, "ebitda": 4888900096, "totalDebt": 195845996544, "quickRatio": 0.025, "currentRatio": 0.049, "totalRevenue": 10436599808, "revenuePerShare": 5.337, "returnOnAssets": 0.12416001, "grossProfits": 4888900000, "freeCashflow": -24015525888, "operatingCashflow": 5672200192, "revenueGrowth": 0.025, "grossMargins": 0.46844003, "ebitdaMargins": 0.46844003, "operatingMargins": 0.30677, "profitMargins": -1.91316, "financialCurrency": "INR"}}}