{"TUNITEX.BO": {"cashflowStatementHistory": {"cashflowStatements": [{"maxAge": 1, "endDate": "2020-03-31", "netIncome": -3036361, "depreciation": 3609827, "changeToNetincome": 8649350, "changeToAccountReceivables": 34436779, "changeToLiabilities": -26146907, "changeToInventory": -12342989, "changeToOperatingActivities": 1755594, "totalCashFromOperatingActivities": 6946958, "capitalExpenditures": -6424157, "otherCashflowsFromInvestingActivities": 3247061, "totalCashflowsFromInvestingActivities": -3177096, "netBorrowings": 6584099, "otherCashflowsFromFinancingActivities": -10433186, "totalCashFromFinancingActivities": -3849087, "changeInCash": -79225}, {"maxAge": 1, "endDate": "2019-03-31", "netIncome": 1587311, "depreciation": 4774698, "changeToNetincome": 4467374, "changeToAccountReceivables": -63256172, "changeToLiabilities": 88509420, "changeToInventory": -28039664, "changeToOperatingActivities": 2398321, "totalCashFromOperatingActivities": 10452982, "capitalExpenditures": -3208169, "otherCashflowsFromInvestingActivities": 4214194, "totalCashflowsFromInvestingActivities": 1106025, "netBorrowings": -1539852, "otherCashflowsFromFinancingActivities": -10002939, "totalCashFromFinancingActivities": -11542791, "changeInCash": 16216}, {"maxAge": 1, "endDate": "2018-03-31", "netIncome": -1393858, "depreciation": 6693604, "changeToNetincome": 1346968, "changeToAccountReceivables": 17669065, "changeToLiabilities": -14044667, "changeToInventory": -13187067, "changeToOperatingActivities": -4727076, "totalCashFromOperatingActivities": -7631337, "capitalExpenditures": -10262627, "otherCashflowsFromInvestingActivities": 1571974, "totalCashflowsFromInvestingActivities": 7309347, "netBorrowings": 9692975, "otherCashflowsFromFinancingActivities": -9647542, "totalCashFromFinancingActivities": 45433, "changeInCash": -276557}, {"maxAge": 1, "endDate": "2017-03-31", "netIncome": -1189274, "depreciation": 7398452, "changeToNetincome": 8201108, "changeToAccountReceivables": -10110065, "changeToLiabilities": 14360044, "changeToInventory": -14460180, "changeToOperatingActivities": 6357941, "totalCashFromOperatingActivities": 10558026, "capitalExpenditures": -260340, "otherCashflowsFromInvestingActivities": 776298, "totalCashflowsFromInvestingActivities": 560011, "netBorrowings": -2790570, "otherCashflowsFromFinancingActivities": -9168776, "totalCashFromFinancingActivities": -11959346, "changeInCash": -841309}], "maxAge": 86400}, "institutionOwnership": {"maxAge": 1, "ownershipList": []}, "balanceSheetHistoryQuarterly": {"balanceSheetStatements": [{"maxAge": 1, "endDate": "2020-06-30", "totalStockholderEquity": 121741511, "netTangibleAssets": 121721565}, {"maxAge": 1, "endDate": "2020-03-31", "cash": 138098, "shortTermInvestments": 296116, "netReceivables": 97029196, "inventory": 166011344, "otherCurrentAssets": 19053173, "totalCurrentAssets": 282666268, "longTermInvestments": 910200, "propertyPlantEquipment": 20878945, "intangibleAssets": 19946, "otherAssets": 8334850, "deferredLongTermAssetCharges": 6532909, "totalAssets": 312810209, "accountsPayable": 99797858, "shortLongTermDebt": 500438, "otherCurrentLiab": 945329, "longTermDebt": 4295522, "otherLiab": 2981964, "totalCurrentLiabilities": 182584593, "totalLiab": 191068698, "commonStock": 130631000, "retainedEarnings": -22535530, "treasuryStock": 6060414, "capitalSurplus": 7585627, "otherStockholderEquity": 6060414, "totalStockholderEquity": 121741511, "netTangibleAssets": 121721565}, {"maxAge": 1, "endDate": "2019-12-31", "totalStockholderEquity": 123235000, "netTangibleAssets": 123208000}, {"maxAge": 1, "endDate": "2019-09-30", "cash": 204000, "shortTermInvestments": 635000, "netReceivables": 34048000, "inventory": 160931000, "otherCurrentAssets": 23995000, "totalCurrentAssets": 219813000, "longTermInvestments": 910000, "propertyPlantEquipment": 18269000, "intangibleAssets": 27000, "otherAssets": 15132000, "deferredLongTermAssetCharges": 8159000, "totalAssets": 254151000, "accountsPayable": 48324000, "otherCurrentLiab": 1971000, "longTermDebt": 2499000, "otherLiab": 3049000, "totalCurrentLiabilities": 125368000, "totalLiab": 130916000, "commonStock": 130631000, "treasuryStock": -7396000, "otherStockholderEquity": -7396000, "totalStockholderEquity": 123235000, "netTangibleAssets": 123208000}], "maxAge": 86400}, "indexTrend": {"maxAge": 1, "symbol": "SP5", "peRatio": 19.7411, "pegRatio": 1.34172, "estimates": [{"period": "0q", "growth": 0.549}, {"period": "+1q", "growth": 0.431}, {"period": "0y", "growth": 0.305}, {"period": "+1y", "growth": 0.109}, {"period": "+5y", "growth": 0.120859005}, {"period": "-5y"}]}, "insiderTransactions": {"transactions": [{"maxAge": 1, "shares": 3062500, "filerUrl": "", "transactionText": "", "filerName": "Sureka (Geetadevi)", "filerRelation": "Promoter", "moneyText": "", "startDate": "2011-09-08", "ownership": "D"}, {"maxAge": 1, "shares": 8305900, "filerUrl": "", "transactionText": "", "filerName": "Sureka (Prabhudayal)", "filerRelation": "Promoter", "moneyText": "", "startDate": "2011-09-08", "ownership": "D"}, {"maxAge": 1, "shares": 1579500, "filerUrl": "", "transactionText": "", "filerName": "Sureka (Prabhudayal) HUF", "filerRelation": "UNREPORTED", "moneyText": "", "startDate": "2011-09-08", "ownership": "D"}, {"maxAge": 1, "shares": 4742500, "filerUrl": "", "transactionText": "", "filerName": "Sureka (Pradeepkumar)", "filerRelation": "Director", "moneyText": "", "startDate": "2011-07-08", "ownership": "D"}, {"maxAge": 1, "shares": 1385500, "filerUrl": "", "transactionText": "", "filerName": "Sureka (Satyanarayan)", "filerRelation": "Promoter", "moneyText": "", "startDate": "2011-07-08", "ownership": "D"}, {"maxAge": 1, "shares": 203500, "filerUrl": "", "transactionText": "", "filerName": "Sureka (Narendrakumar)", "filerRelation": "UNREPORTED", "moneyText": "", "startDate": "2010-06-09", "ownership": "D"}, {"maxAge": 1, "shares": 150000, "filerUrl": "", "transactionText": "", "filerName": "Sureka (Prabhudayal)", "filerRelation": "Promoter", "moneyText": "", "startDate": "2010-06-09", "ownership": "D"}, {"maxAge": 1, "shares": 150000, "filerUrl": "", "transactionText": "", "filerName": "Sureka (Pradeepkumar)", "filerRelation": "Director", "moneyText": "", "startDate": "2010-06-09", "ownership": "D"}], "maxAge": 1}, "quoteType": {"exchange": "BSE", "quoteType": "EQUITY", "symbol": "TUNITEX.BO", "underlyingSymbol": "TUNITEX.BO", "shortName": "TUNI TEXTILE MILLS LTD.", "longName": "Tuni Textile Mills Limited", "firstTradeDateEpochUtc": "2009-03-13 09:15:00", "timeZoneFullName": "Asia/Kolkata", "timeZoneShortName": "IST", "uuid": "164a974d-daca-3170-88ae-9e4ee25fad79", "messageBoardId": null, "gmtOffSetMilliseconds": 19800000, "maxAge": 1}, "incomeStatementHistory": {"incomeStatementHistory": [{"maxAge": 1, "endDate": "2020-03-31", "totalRevenue": 255010212, "costOfRevenue": 173815647, "grossProfit": 81194565, "researchDevelopment": {}, "sellingGeneralAdministrative": 35260456, "nonRecurring": {}, "otherOperatingExpenses": 35515274, "totalOperatingExpenses": 248219623, "operatingIncome": 6790589, "totalOtherIncomeExpenseNet": -7912254, "ebit": 6790589, "interestExpense": -10433185, "incomeBeforeTax": -1121665, "incomeTaxExpense": 1914696, "minorityInterest": {}, "netIncomeFromContinuingOps": -3036361, "discontinuedOperations": {}, "extraordinaryItems": {}, "effectOfAccountingCharges": {}, "otherItems": {}, "netIncome": -3036361, "netIncomeApplicableToCommonShares": -3036361}, {"maxAge": 1, "endDate": "2019-03-31", "totalRevenue": 347548486, "costOfRevenue": 264273495, "grossProfit": 83274991, "researchDevelopment": {}, "sellingGeneralAdministrative": 34827328, "nonRecurring": {}, "otherOperatingExpenses": 36130857, "totalOperatingExpenses": 340014834, "operatingIncome": 7533652, "totalOtherIncomeExpenseNet": -6793873, "ebit": 7533652, "interestExpense": -10002938, "incomeBeforeTax": 739779, "incomeTaxExpense": -847532, "minorityInterest": {}, "netIncomeFromContinuingOps": 1587311, "discontinuedOperations": {}, "extraordinaryItems": {}, "effectOfAccountingCharges": {}, "otherItems": {}, "netIncome": 1587311, "netIncomeApplicableToCommonShares": 1587311}, {"maxAge": 1, "endDate": "2018-03-31", "totalRevenue": 332715370, "costOfRevenue": 265060631, "grossProfit": 67654739, "researchDevelopment": {}, "sellingGeneralAdministrative": 25695722, "nonRecurring": {}, "otherOperatingExpenses": 34617549, "totalOperatingExpenses": 332075962, "operatingIncome": 639408, "totalOtherIncomeExpenseNet": 1365705, "ebit": 639408, "interestExpense": -9647542, "incomeBeforeTax": 2005113, "incomeTaxExpense": 3398971, "minorityInterest": {}, "netIncomeFromContinuingOps": -1393858, "discontinuedOperations": {}, "extraordinaryItems": {}, "effectOfAccountingCharges": {}, "otherItems": {}, "netIncome": -1393858, "netIncomeApplicableToCommonShares": -1393858}, {"maxAge": 1, "endDate": "2017-03-31", "totalRevenue": 280541936, "costOfRevenue": 225315775, "grossProfit": 55226161, "researchDevelopment": {}, "sellingGeneralAdministrative": 17146066, "nonRecurring": {}, "otherOperatingExpenses": 23424056, "totalOperatingExpenses": 273281111, "operatingIncome": 7260825, "totalOtherIncomeExpenseNet": -8686788, "ebit": 7260825, "interestExpense": -9168777, "incomeBeforeTax": -1425963, "incomeTaxExpense": -236689, "minorityInterest": {}, "netIncomeFromContinuingOps": -1189274, "discontinuedOperations": {}, "extraordinaryItems": {}, "effectOfAccountingCharges": {}, "otherItems": {}, "netIncome": -1189274, "netIncomeApplicableToCommonShares": -1189274}], "maxAge": 86400}, "fundOwnership": {"maxAge": 1, "ownershipList": []}, "summaryDetail": {"maxAge": 1, "priceHint": 4, "previousClose": 0.5, "open": 0.48, "dayLow": 0.48, "dayHigh": 0.51, "regularMarketPreviousClose": 0.5, "regularMarketOpen": 0.48, "regularMarketDayLow": 0.48, "regularMarketDayHigh": 0.51, "volume": 63612, "regularMarketVolume": 63612, "averageVolume": 206122, "averageVolume10days": 224389, "averageDailyVolume10Day": 224389, "bid": 0.48, "ask": 0.5, "bidSize": 0, "askSize": 0, "marketCap": 62702880, "fiftyTwoWeekLow": 0.19, "fiftyTwoWeekHigh": 0.78, "fiftyDayAverage": 0.616, "twoHundredDayAverage": 0.43430656, "currency": "INR", "fromCurrency": null, "toCurrency": null, "lastMarket": null, "algorithm": null, "tradeable": false}, "incomeStatementHistoryQuarterly": {"incomeStatementHistory": [{"maxAge": 1, "endDate": "2020-06-30", "totalRevenue": 1108500, "costOfRevenue": 1300, "grossProfit": 1107200, "researchDevelopment": {}, "sellingGeneralAdministrative": 1986300, "nonRecurring": {}, "otherOperatingExpenses": 888700, "totalOperatingExpenses": 3878200, "operatingIncome": -2769700, "totalOtherIncomeExpenseNet": -1601600, "ebit": -2769700, "interestExpense": -1799700, "incomeBeforeTax": -4371300, "incomeTaxExpense": -1199900, "minorityInterest": {}, "netIncomeFromContinuingOps": -3171400, "discontinuedOperations": {}, "extraordinaryItems": {}, "effectOfAccountingCharges": {}, "otherItems": {}, "netIncome": -3171400, "netIncomeApplicableToCommonShares": -3171400}, {"maxAge": 1, "endDate": "2020-03-31", "totalRevenue": 77754212, "costOfRevenue": 56392647, "grossProfit": 21361565, "researchDevelopment": {}, "sellingGeneralAdministrative": 12506456, "nonRecurring": {}, "otherOperatingExpenses": 5647274, "totalOperatingExpenses": 75407623, "operatingIncome": 2346589, "totalOtherIncomeExpenseNet": -2214254, "ebit": 2346589, "interestExpense": -2643185, "incomeBeforeTax": 132335, "incomeTaxExpense": 1641696, "minorityInterest": {}, "netIncomeFromContinuingOps": -1509361, "discontinuedOperations": {}, "extraordinaryItems": {}, "effectOfAccountingCharges": {}, "otherItems": {}, "netIncome": -1509361, "netIncomeApplicableToCommonShares": -1509361}, {"maxAge": 1, "endDate": "2019-12-31", "totalRevenue": 118455000, "costOfRevenue": 92106000, "grossProfit": 26349000, "researchDevelopment": {}, "sellingGeneralAdministrative": 9409000, "nonRecurring": {}, "otherOperatingExpenses": 13648000, "totalOperatingExpenses": 116088000, "operatingIncome": 2367000, "totalOtherIncomeExpenseNet": -2254000, "ebit": 2367000, "interestExpense": -2735000, "incomeBeforeTax": 113000, "incomeTaxExpense": 13000, "minorityInterest": {}, "netIncomeFromContinuingOps": 100000, "discontinuedOperations": {}, "extraordinaryItems": {}, "effectOfAccountingCharges": {}, "otherItems": {}, "netIncome": 100000, "netIncomeApplicableToCommonShares": 100000}, {"maxAge": 1, "endDate": "2019-09-30", "totalRevenue": 26175000, "costOfRevenue": 8172000, "grossProfit": 18003000, "researchDevelopment": {}, "sellingGeneralAdministrative": 5572000, "nonRecurring": {}, "otherOperatingExpenses": 8971000, "totalOperatingExpenses": 23633000, "operatingIncome": 2542000, "totalOtherIncomeExpenseNet": -1695000, "ebit": 2542000, "interestExpense": -2390000, "incomeBeforeTax": 847000, "incomeTaxExpense": 830000, "minorityInterest": {}, "netIncomeFromContinuingOps": 17000, "discontinuedOperations": {}, "extraordinaryItems": {}, "effectOfAccountingCharges": {}, "otherItems": {}, "netIncome": 17000, "netIncomeApplicableToCommonShares": 17000}], "maxAge": 86400}, "cashflowStatementHistoryQuarterly": {"cashflowStatements": [{"maxAge": 1, "endDate": "2020-06-30", "netIncome": -3171400, "changeToLiabilities": 0}, {"maxAge": 1, "endDate": "2020-03-31", "netIncome": -1509361, "changeToLiabilities": 0}, {"maxAge": 1, "endDate": "2019-12-31", "netIncome": 100000, "changeToLiabilities": 0}, {"maxAge": 1, "endDate": "2019-09-30", "netIncome": 17000, "changeToLiabilities": 0}], "maxAge": 86400}, "insiderHolders": {"holders": [{"maxAge": 1, "name": "Sureka (Geetadevi)", "relation": "Promoter", "url": "", "transactionDescription": "Sale", "latestTransDate": "2011-09-08", "positionDirect": 0, "positionDirectDate": "2011-09-08"}, {"maxAge": 1, "name": "Sureka (Narendrakumar)", "relation": "UNREPORTED", "url": "", "transactionDescription": "Acquisition", "latestTransDate": "2010-06-09", "positionDirect": 678750, "positionDirectDate": "2010-06-09"}, {"maxAge": 1, "name": "Sureka (Prabhudayal)", "relation": "Promoter", "url": "", "transactionDescription": "Acquisition", "latestTransDate": "2011-09-08", "positionDirect": 8713000, "positionDirectDate": "2011-09-08"}, {"maxAge": 1, "name": "Sureka (Prabhudayal) HUF", "relation": "UNREPORTED", "url": "", "transactionDescription": "Sale", "latestTransDate": "2011-09-08", "positionDirect": 0, "positionDirectDate": "2011-09-08"}, {"maxAge": 1, "name": "Sureka (Pradeepkumar)", "relation": "Director", "url": "", "transactionDescription": "Acquisition", "latestTransDate": "2011-07-08", "positionDirect": 5115500, "positionDirectDate": "2011-07-08"}, {"maxAge": 1, "name": "Sureka (Satyanarayan)", "relation": "Promoter", "url": "", "transactionDescription": "Sale", "latestTransDate": "2011-07-08", "positionDirect": 0, "positionDirectDate": "2011-07-08"}], "maxAge": 1}, "calendarEvents": {"maxAge": 1, "earnings": {"earningsDate": ["2020-09-11 05:30:S"]}}, "price": {"maxAge": 1, "regularMarketChangePercent": -0.040000018, "regularMarketChange": -0.02000001, "regularMarketTime": "2021-04-30 15:29:59", "priceHint": 4, "regularMarketPrice": 0.48, "regularMarketDayHigh": 0.51, "regularMarketDayLow": 0.48, "regularMarketVolume": 63612, "averageDailyVolume10Day": 224389, "averageDailyVolume3Month": 206122, "regularMarketPreviousClose": 0.5, "regularMarketSource": "FREE_REALTIME", "regularMarketOpen": 0.48, "exchange": "BSE", "exchangeName": "BSE", "exchangeDataDelayedBy": 0, "marketState": "CLOSED", "quoteType": "EQUITY", "symbol": "TUNITEX.BO", "underlyingSymbol": null, "shortName": "TUNI TEXTILE MILLS LTD.", "longName": "Tuni Textile Mills Limited", "currency": "INR", "quoteSourceName": "Delayed Quote", "currencySymbol": "\u20b9", "fromCurrency": null, "toCurrency": null, "lastMarket": null, "marketCap": 62702880}, "balanceSheetHistory": {"balanceSheetStatements": [{"maxAge": 1, "endDate": "2020-03-31", "cash": 138098, "shortTermInvestments": 296116, "netReceivables": 97029196, "inventory": 166011344, "otherCurrentAssets": 19053173, "totalCurrentAssets": 282666268, "longTermInvestments": 910200, "propertyPlantEquipment": 20878945, "intangibleAssets": 19946, "otherAssets": 8334850, "deferredLongTermAssetCharges": 6532909, "totalAssets": 312810209, "accountsPayable": 99797858, "shortLongTermDebt": 500438, "otherCurrentLiab": 945329, "longTermDebt": 4295522, "otherLiab": 2981964, "totalCurrentLiabilities": 182584593, "totalLiab": 191068698, "commonStock": 130631000, "retainedEarnings": -22535530, "treasuryStock": 6060414, "capitalSurplus": 7585627, "otherStockholderEquity": 6060414, "totalStockholderEquity": 121741511, "netTangibleAssets": 121721565}, {"maxAge": 1, "endDate": "2019-03-31", "cash": 217322, "shortTermInvestments": 196116, "netReceivables": 131757470, "inventory": 153668355, "otherCurrentAssets": 18199766, "totalCurrentAssets": 304151880, "longTermInvestments": 1597603, "propertyPlantEquipment": 18064614, "intangibleAssets": 41612, "otherAssets": 10257007, "deferredLongTermAssetCharges": 8455066, "totalAssets": 334112716, "accountsPayable": 125944766, "shortLongTermDebt": 364468, "otherCurrentLiab": 1438938, "longTermDebt": 1184320, "otherLiab": 2087394, "totalCurrentLiabilities": 206084364, "totalLiab": 209356078, "commonStock": 130631000, "retainedEarnings": -19499169, "treasuryStock": 6039180, "capitalSurplus": 7585627, "otherStockholderEquity": 6039180, "totalStockholderEquity": 124756638, "netTangibleAssets": 124715026}, {"maxAge": 1, "endDate": "2018-03-31", "cash": 201106, "shortTermInvestments": 196116, "netReceivables": 69710471, "inventory": 125628691, "otherCurrentAssets": 16342190, "totalCurrentAssets": 212159940, "longTermInvestments": 1537491, "propertyPlantEquipment": 19780138, "intangibleAssets": 53306, "otherAssets": 10013838, "deferredLongTermAssetCharges": 7471897, "totalAssets": 243544713, "accountsPayable": 37435345, "shortLongTermDebt": 685911, "otherCurrentLiab": 1662707, "longTermDebt": 1400076, "otherLiab": 1505567, "totalCurrentLiabilities": 117543049, "totalLiab": 120448692, "commonStock": 130631000, "retainedEarnings": -21086480, "treasuryStock": 5965874, "capitalSurplus": 7585627, "otherStockholderEquity": 5965874, "totalStockholderEquity": 123096021, "netTangibleAssets": 123042715}, {"maxAge": 1, "endDate": "2017-03-31", "cash": 477662, "shortTermInvestments": 231798, "netReceivables": 100670963, "inventory": 112441624, "otherCurrentAssets": 3808365, "totalCurrentAssets": 217700200, "longTermInvestments": 1495784, "propertyPlantEquipment": 22652424, "otherAssets": 11982988, "deferredLongTermAssetCharges": 10181046, "totalAssets": 253831396, "accountsPayable": 51480012, "shortLongTermDebt": 325048, "otherCurrentLiab": 7068386, "longTermDebt": 3368606, "otherLiab": 797048, "totalCurrentLiabilities": 124804786, "totalLiab": 128970440, "commonStock": 130631000, "retainedEarnings": -19692622, "treasuryStock": 6336955, "capitalSurplus": 7585627, "otherStockholderEquity": 6336955, "totalStockholderEquity": 124860960, "netTangibleAssets": 124860960}], "maxAge": 86400}, "financialData": {"maxAge": 86400, "currentPrice": 0.48, "recommendationKey": "none", "grossProfits": 81194565, "financialCurrency": "INR"}}}