{"TUTIALKA.BO": {"cashflowStatementHistory": {"cashflowStatements": [{"maxAge": 1, "endDate": "2020-03-31", "netIncome": -236260000, "depreciation": 33713000, "changeToNetincome": 19680000, "changeToAccountReceivables": -147310000, "changeToLiabilities": -18408000, "changeToInventory": 34209000, "changeToOperatingActivities": 347578000, "totalCashFromOperatingActivities": 33202000, "capitalExpenditures": -1841000, "totalCashflowsFromInvestingActivities": -1841000, "netBorrowings": -873000, "otherCashflowsFromFinancingActivities": -17812000, "totalCashFromFinancingActivities": -18685000, "changeInCash": 12676000}, {"maxAge": 1, "endDate": "2019-03-31", "netIncome": -379097000, "depreciation": 34705000, "changeToNetincome": 23484000, "changeToAccountReceivables": -8604000, "changeToLiabilities": 170820000, "changeToInventory": 36802000, "changeToOperatingActivities": 209536000, "totalCashFromOperatingActivities": 87646000, "capitalExpenditures": -6886000, "totalCashflowsFromInvestingActivities": -6886000, "netBorrowings": -1128512000, "otherCashflowsFromFinancingActivities": -23438000, "totalCashFromFinancingActivities": -81550000, "changeInCash": -790000, "issuanceOfStock": 1070400000}, {"maxAge": 1, "endDate": "2018-03-31", "netIncome": -447467000, "depreciation": 23302000, "changeToNetincome": 37520000, "changeToAccountReceivables": -173868000, "changeToLiabilities": 637820000, "changeToInventory": 38710000, "changeToOperatingActivities": -30971000, "totalCashFromOperatingActivities": 85046000, "capitalExpenditures": -68530000, "totalCashflowsFromInvestingActivities": -68530000, "netBorrowings": -1128512000, "otherCashflowsFromFinancingActivities": -20085000, "totalCashFromFinancingActivities": -20085000, "changeInCash": -3569000, "issuanceOfStock": 1070400000}, {"maxAge": 1, "endDate": "2017-03-31", "netIncome": -352371000, "depreciation": 24660000, "changeToNetincome": 31910000, "changeToAccountReceivables": 141222000, "changeToLiabilities": 469925000, "changeToInventory": 60032000, "changeToOperatingActivities": -64382000, "totalCashFromOperatingActivities": 310996000, "capitalExpenditures": -300268000, "totalCashflowsFromInvestingActivities": -300268000, "netBorrowings": -1128512000, "otherCashflowsFromFinancingActivities": -6412000, "totalCashFromFinancingActivities": -6412000, "changeInCash": 4316000, "issuanceOfStock": 1070400000}], "maxAge": 86400}, "institutionOwnership": {"maxAge": 1, "ownershipList": []}, "balanceSheetHistoryQuarterly": {"balanceSheetStatements": [{"maxAge": 1, "endDate": "2020-06-30", "totalStockholderEquity": -1979242000, "netTangibleAssets": -1979242000}, {"maxAge": 1, "endDate": "2020-03-31", "cash": 13133000, "netReceivables": 373419000, "inventory": 219949000, "otherCurrentAssets": 26404000, "totalCurrentAssets": 640058000, "propertyPlantEquipment": 593025000, "otherAssets": 94318000, "totalAssets": 1327401000, "accountsPayable": 2033443000, "otherCurrentLiab": 583576000, "totalCurrentLiabilities": 3306643000, "totalLiab": 3306643000, "commonStock": 1218358000, "retainedEarnings": -3235177000, "treasuryStock": 33201000, "capitalSurplus": 4376000, "otherStockholderEquity": 33201000, "totalStockholderEquity": -1979242000, "netTangibleAssets": -1979242000}, {"maxAge": 1, "endDate": "2019-12-31", "totalStockholderEquity": -1839475000, "netTangibleAssets": -1839475000}, {"maxAge": 1, "endDate": "2019-09-30", "cash": 2195000, "shortTermInvestments": 5000, "netReceivables": 253270000, "inventory": 277046000, "otherCurrentAssets": 15321000, "totalCurrentAssets": 547837000, "propertyPlantEquipment": 608374000, "otherAssets": 90544000, "totalAssets": 1246755000, "accountsPayable": 2525962000, "otherCurrentLiab": 465898000, "totalCurrentLiabilities": 3086230000, "totalLiab": 3086230000, "commonStock": 1218676000, "treasuryStock": -3058151000, "otherStockholderEquity": -3058151000, "totalStockholderEquity": -1839475000, "netTangibleAssets": -1839475000}], "maxAge": 86400}, "indexTrend": {"maxAge": 1, "symbol": "SP5", "peRatio": 19.7411, "pegRatio": 1.34172, "estimates": [{"period": "0q", "growth": 0.549}, {"period": "+1q", "growth": 0.431}, {"period": "0y", "growth": 0.305}, {"period": "+1y", "growth": 0.109}, {"period": "+5y", "growth": 0.120859005}, {"period": "-5y"}]}, "insiderTransactions": {"transactions": [{"maxAge": 1, "shares": 1748108, "value": 164846, "filerUrl": "", "transactionText": "Sale at price 0.09 per share.", "filerName": "Southern Petrochemical Industries Corporation Ltd", "filerRelation": "Promoter", "moneyText": "", "startDate": "2020-09-23", "ownership": "D"}], "maxAge": 1}, "quoteType": {"exchange": "BSE", "quoteType": "EQUITY", "symbol": "TUTIALKA.BO", "underlyingSymbol": "TUTIALKA.BO", "shortName": "TUTICORIN ALKALI CHEMICALS AND", "longName": "Tuticorin Alkali Chemicals and Fertilizers Limited", "firstTradeDateEpochUtc": "2000-01-03 09:15:00", "timeZoneFullName": "Asia/Kolkata", "timeZoneShortName": "IST", "uuid": "f1b0ddef-ade8-32cb-81c9-2b5d206efd16", "messageBoardId": null, "gmtOffSetMilliseconds": 19800000, "maxAge": 1}, "incomeStatementHistory": {"incomeStatementHistory": [{"maxAge": 1, "endDate": "2020-03-31", "totalRevenue": 1587539000, "costOfRevenue": 792019000, "grossProfit": 795520000, "researchDevelopment": {}, "sellingGeneralAdministrative": 161003000, "nonRecurring": {}, "otherOperatingExpenses": 823499000, "totalOperatingExpenses": 1810234000, "operatingIncome": -222695000, "totalOtherIncomeExpenseNet": -13565000, "ebit": -222695000, "interestExpense": -17812000, "incomeBeforeTax": -236260000, "incomeTaxExpense": 0, "minorityInterest": {}, "netIncomeFromContinuingOps": -236260000, "discontinuedOperations": {}, "extraordinaryItems": {}, "effectOfAccountingCharges": {}, "otherItems": {}, "netIncome": -236260000, "netIncomeApplicableToCommonShares": -236260000}, {"maxAge": 1, "endDate": "2019-03-31", "totalRevenue": 1748385000, "costOfRevenue": 1012026000, "grossProfit": 736359000, "researchDevelopment": {}, "sellingGeneralAdministrative": 159154000, "nonRecurring": {}, "otherOperatingExpenses": 902094000, "totalOperatingExpenses": 2107977000, "operatingIncome": -359592000, "totalOtherIncomeExpenseNet": -19505000, "ebit": -359592000, "interestExpense": -23438000, "incomeBeforeTax": -379097000, "incomeTaxExpense": 0, "minorityInterest": {}, "netIncomeFromContinuingOps": -379097000, "discontinuedOperations": {}, "extraordinaryItems": {}, "effectOfAccountingCharges": {}, "otherItems": {}, "netIncome": -379097000, "netIncomeApplicableToCommonShares": -379097000}, {"maxAge": 1, "endDate": "2018-03-31", "totalRevenue": 1336010000, "costOfRevenue": 712695000, "grossProfit": 623315000, "researchDevelopment": {}, "sellingGeneralAdministrative": 156901000, "nonRecurring": {}, "otherOperatingExpenses": 856678000, "totalOperatingExpenses": 1749574000, "operatingIncome": -413564000, "totalOtherIncomeExpenseNet": -28171000, "ebit": -413564000, "interestExpense": -32120000, "incomeBeforeTax": -441735000, "incomeTaxExpense": 5732000, "minorityInterest": {}, "netIncomeFromContinuingOps": -447467000, "discontinuedOperations": {}, "extraordinaryItems": {}, "effectOfAccountingCharges": {}, "otherItems": {}, "netIncome": -447467000, "netIncomeApplicableToCommonShares": -447467000}, {"maxAge": 1, "endDate": "2017-03-31", "totalRevenue": 1327647000, "costOfRevenue": 790153000, "grossProfit": 537494000, "researchDevelopment": {}, "sellingGeneralAdministrative": 125628000, "nonRecurring": {}, "otherOperatingExpenses": 712349000, "totalOperatingExpenses": 1652790000, "operatingIncome": -325143000, "totalOtherIncomeExpenseNet": -27228000, "ebit": -325143000, "interestExpense": -31885000, "incomeBeforeTax": -352371000, "incomeTaxExpense": 0, "minorityInterest": {}, "netIncomeFromContinuingOps": -352371000, "discontinuedOperations": {}, "extraordinaryItems": {}, "effectOfAccountingCharges": {}, "otherItems": {}, "netIncome": -352371000, "netIncomeApplicableToCommonShares": -352371000}], "maxAge": 86400}, "fundOwnership": {"maxAge": 1, "ownershipList": []}, "summaryDetail": {"maxAge": 1, "priceHint": 2, "previousClose": 13.06, "open": 13.65, "dayLow": 12.7, "dayHigh": 13.65, "regularMarketPreviousClose": 13.06, "regularMarketOpen": 13.65, "regularMarketDayLow": 12.7, "regularMarketDayHigh": 13.65, "volume": 6973, "regularMarketVolume": 6973, "averageVolume": 66553, "averageVolume10days": 11356, "averageDailyVolume10Day": 11356, "bid": 13.4, "ask": 13.5, "bidSize": 0, "askSize": 0, "marketCap": 1632602368, "fiftyTwoWeekLow": 2.83, "fiftyTwoWeekHigh": 13.65, "fiftyDayAverage": 7.480857, "twoHundredDayAverage": 7.064161, "currency": "INR", "fromCurrency": null, "toCurrency": null, "lastMarket": null, "algorithm": null, "tradeable": false}, "incomeStatementHistoryQuarterly": {"incomeStatementHistory": [{"maxAge": 1, "endDate": "2020-06-30", "totalRevenue": 138236000, "costOfRevenue": 148649000, "grossProfit": -10413000, "researchDevelopment": {}, "sellingGeneralAdministrative": 27713000, "nonRecurring": {}, "otherOperatingExpenses": 67979000, "totalOperatingExpenses": 252716000, "operatingIncome": -114480000, "totalOtherIncomeExpenseNet": -4296000, "ebit": -114480000, "interestExpense": -4296000, "incomeBeforeTax": -118776000, "incomeTaxExpense": 0, "minorityInterest": {}, "netIncomeFromContinuingOps": -118776000, "discontinuedOperations": {}, "extraordinaryItems": {}, "effectOfAccountingCharges": {}, "otherItems": {}, "netIncome": -118776000, "netIncomeApplicableToCommonShares": -118776000}, {"maxAge": 1, "endDate": "2020-03-31", "totalRevenue": 355134000, "costOfRevenue": -166703000, "grossProfit": 521837000, "researchDevelopment": {}, "sellingGeneralAdministrative": 64144000, "nonRecurring": {}, "otherOperatingExpenses": 517886000, "totalOperatingExpenses": 423013000, "operatingIncome": -67879000, "totalOtherIncomeExpenseNet": -21717000, "ebit": -67879000, "interestExpense": -5041000, "incomeBeforeTax": -89596000, "incomeTaxExpense": 0, "minorityInterest": {}, "netIncomeFromContinuingOps": -89596000, "discontinuedOperations": {}, "extraordinaryItems": {}, "effectOfAccountingCharges": {}, "otherItems": {}, "netIncome": -89596000, "netIncomeApplicableToCommonShares": -89596000}, {"maxAge": 1, "endDate": "2019-12-31", "totalRevenue": 423688000, "costOfRevenue": 352773000, "grossProfit": 70915000, "researchDevelopment": {}, "sellingGeneralAdministrative": 34368000, "nonRecurring": {}, "otherOperatingExpenses": 94797000, "totalOperatingExpenses": 490614000, "operatingIncome": -66926000, "totalOtherIncomeExpenseNet": 16041000, "ebit": -66926000, "interestExpense": -4882000, "incomeBeforeTax": -50885000, "incomeTaxExpense": 0, "minorityInterest": {}, "netIncomeFromContinuingOps": -50885000, "discontinuedOperations": {}, "extraordinaryItems": {}, "effectOfAccountingCharges": {}, "otherItems": {}, "netIncome": -50885000, "netIncomeApplicableToCommonShares": -50885000}, {"maxAge": 1, "endDate": "2019-09-30", "totalRevenue": 431737000, "costOfRevenue": 300738000, "grossProfit": 130999000, "researchDevelopment": {}, "sellingGeneralAdministrative": 31066000, "nonRecurring": {}, "otherOperatingExpenses": 109722000, "totalOperatingExpenses": 450201000, "operatingIncome": -18464000, "totalOtherIncomeExpenseNet": -4039000, "ebit": -18464000, "interestExpense": -4039000, "incomeBeforeTax": -22503000, "incomeTaxExpense": 0, "minorityInterest": {}, "netIncomeFromContinuingOps": -22503000, "discontinuedOperations": {}, "extraordinaryItems": {}, "effectOfAccountingCharges": {}, "otherItems": {}, "netIncome": -22503000, "netIncomeApplicableToCommonShares": -22503000}], "maxAge": 86400}, "cashflowStatementHistoryQuarterly": {"cashflowStatements": [{"maxAge": 1, "endDate": "2020-06-30", "netIncome": -118776000, "changeToLiabilities": 0}, {"maxAge": 1, "endDate": "2020-03-31", "netIncome": -89596000, "changeToLiabilities": 0}, {"maxAge": 1, "endDate": "2019-12-31", "netIncome": -50885000, "changeToLiabilities": 0}, {"maxAge": 1, "endDate": "2019-09-30", "netIncome": -22503000, "changeToLiabilities": 0}], "maxAge": 86400}, "insiderHolders": {"holders": [{"maxAge": 1, "name": "Southern Petrochemical Industries Corporation Ltd", "relation": "Promoter", "url": "", "transactionDescription": "Sale", "latestTransDate": "2020-09-23", "positionDirect": 43550029, "positionDirectDate": "2020-09-23"}], "maxAge": 1}, "calendarEvents": {"maxAge": 1, "earnings": {"earningsDate": []}}, "price": {"maxAge": 1, "regularMarketChangePercent": 0.026033629, "regularMarketChange": 0.3399992, "regularMarketTime": "2021-04-30 15:20:52", "priceHint": 2, "regularMarketPrice": 13.4, "regularMarketDayHigh": 13.65, "regularMarketDayLow": 12.7, "regularMarketVolume": 6973, "averageDailyVolume10Day": 11356, "averageDailyVolume3Month": 66553, "regularMarketPreviousClose": 13.06, "regularMarketSource": "FREE_REALTIME", "regularMarketOpen": 13.65, "exchange": "BSE", "exchangeName": "BSE", "exchangeDataDelayedBy": 0, "marketState": "CLOSED", "quoteType": "EQUITY", "symbol": "TUTIALKA.BO", "underlyingSymbol": null, "shortName": "TUTICORIN ALKALI CHEMICALS AND", "longName": "Tuticorin Alkali Chemicals and Fertilizers Limited", "currency": "INR", "quoteSourceName": "Delayed Quote", "currencySymbol": "\u20b9", "fromCurrency": null, "toCurrency": null, "lastMarket": null, "marketCap": 1632602368}, "balanceSheetHistory": {"balanceSheetStatements": [{"maxAge": 1, "endDate": "2020-03-31", "cash": 13133000, "netReceivables": 373419000, "inventory": 219949000, "otherCurrentAssets": 26404000, "totalCurrentAssets": 640058000, "propertyPlantEquipment": 593025000, "otherAssets": 94318000, "totalAssets": 1327401000, "accountsPayable": 2033443000, "otherCurrentLiab": 583576000, "totalCurrentLiabilities": 3306643000, "totalLiab": 3306643000, "commonStock": 1218358000, "retainedEarnings": -3235177000, "treasuryStock": 33201000, "capitalSurplus": 4376000, "otherStockholderEquity": 33201000, "totalStockholderEquity": -1979242000, "netTangibleAssets": -1979242000}, {"maxAge": 1, "endDate": "2019-03-31", "cash": 457000, "netReceivables": 225955000, "inventory": 255598000, "otherCurrentAssets": 19770000, "totalCurrentAssets": 507872000, "propertyPlantEquipment": 624898000, "otherAssets": 82814000, "totalAssets": 1215584000, "accountsPayable": 2087390000, "otherCurrentLiab": 168593000, "totalCurrentLiabilities": 2959290000, "totalLiab": 2959290000, "commonStock": 1218358000, "retainedEarnings": -2998917000, "treasuryStock": 32477000, "capitalSurplus": 4376000, "otherStockholderEquity": 32477000, "totalStockholderEquity": -1743706000, "netTangibleAssets": -1743706000}, {"maxAge": 1, "endDate": "2018-03-31", "cash": 1247000, "netReceivables": 225977000, "inventory": 292400000, "otherCurrentAssets": 9421000, "totalCurrentAssets": 532637000, "propertyPlantEquipment": 652715000, "otherAssets": 76098000, "totalAssets": 1261450000, "accountsPayable": 1918323000, "shortLongTermDebt": 661221000, "otherCurrentLiab": 79934000, "longTermDebt": 362538000, "totalCurrentLiabilities": 3336243000, "totalLiab": 3698781000, "commonStock": 147958000, "retainedEarnings": -2619820000, "treasuryStock": 30155000, "capitalSurplus": 4376000, "otherStockholderEquity": 30155000, "totalStockholderEquity": -2437331000, "netTangibleAssets": -2437331000}, {"maxAge": 1, "endDate": "2017-03-31", "cash": 4816000, "netReceivables": 48020000, "inventory": 331110000, "otherCurrentAssets": 8266000, "totalCurrentAssets": 396596000, "propertyPlantEquipment": 607487000, "otherAssets": 86003000, "deferredLongTermAssetCharges": 5732000, "totalAssets": 1090086000, "accountsPayable": 1426343000, "shortLongTermDebt": 658333000, "otherCurrentLiab": 248704000, "longTermDebt": 350503000, "totalCurrentLiabilities": 2725461000, "totalLiab": 3075964000, "commonStock": 147958000, "retainedEarnings": -2172353000, "treasuryStock": 34141000, "capitalSurplus": 4376000, "otherStockholderEquity": 34141000, "totalStockholderEquity": -1985878000, "netTangibleAssets": -1985878000}], "maxAge": 86400}, "financialData": {"maxAge": 86400, "currentPrice": 13.4, "recommendationKey": "none", "grossProfits": 795520000, "financialCurrency": "INR"}}}