{"TV18BRDCST.NS": {"assetProfile": {"address1": "Empire Complex", "address2": "First Floor 414, Senapati Bapat Marg Lower Parel", "city": "Mumbai", "zip": "400013", "country": "India", "phone": "91 22 4001 9000", "fax": "91 22 4001 9000", "website": "http://www.nw18.com", "industry": "Broadcasting", "sector": "Communication Services", "longBusinessSummary": "TV18 Broadcast Limited, together with its subsidiaries, operates a television broadcasting network in India. The company operates business news channels, such as CNBC-TV18, CNBC Awaaz, and CNBC Bajar; general news channels, including CNN News18, News18 International, News18 India, and News18 regional channels; History TV18, a factual entertainment channel; FYI TV18, a lifestyle channel; Hindi mass entertainment channels consisting of Colors, Colors Cineplex, and Colors Rishtey; and regional entertainment channels, such as Colors Kannada, Colors Super, Colors Kannada Cinema, Colors Bangla, Colors Marathi, Colors Gujarati and Colors Gujarati Cinema, Colors Odia, and Colors Tamil. It also operates youth and music channels, including MTV India and MTV Beats; English channels comprising COMEDY CENTRAL, COLORS INFINITY, and VH1; kids channels consisting of Nickelodeon, Sonic, Nick Jr., and Nick HD+; Voot Kids and Voot Select channels; and IndiaCast, a content asset monetization channel, as well as integrated network solutions. The company was formerly known as ibn18 Broadcast Limited and changed its name to TV18 Broadcast Limited in June 2011. TV18 Broadcast Limited was incorporated in 2005 and is based in Mumbai, India. TV18 Broadcast Limited operates as a subsidiary of Network18 Media & Investments Limited.", "companyOfficers": [{"maxAge": 1, "name": "Mr. Rahul  Joshi", "age": 50, "title": "MD & Director", "yearBorn": 1970, "fiscalYear": 2020, "totalPay": 68800000, "exercisedValue": 0, "unexercisedValue": 0}, {"maxAge": 1, "name": "Mr. Amba Preetham Parigi", "age": 71, "title": "Group Chief Exec. officer", "yearBorn": 1949, "exercisedValue": 0, "unexercisedValue": 0}, {"maxAge": 1, "name": "Mr. Ramesh Kumar Damani C.A., C.S.", "age": 48, "title": "Chief Financial Officer", "yearBorn": 1972, "fiscalYear": 2017, "exercisedValue": 0, "unexercisedValue": 0}, {"maxAge": 1, "name": "Mr. Piyush  Jain", "age": 48, "title": "Chief Operating Officer", "yearBorn": 1972, "fiscalYear": 2015, "exercisedValue": 0, "unexercisedValue": 0}, {"maxAge": 1, "name": "Saurabh  Awasthi", "age": 44, "title": "Sr. VP of Legal", "yearBorn": 1976, "fiscalYear": 2015, "exercisedValue": 0, "unexercisedValue": 0}, {"maxAge": 1, "name": "Mr. Ratnesh  Rukhariyar", "title": "Company Sec. & Compliance Officer", "exercisedValue": 0, "unexercisedValue": 0}, {"maxAge": 1, "name": "Mr. Sanjeev Kumar Singh", "age": 48, "title": "Exec. VP of Human Resource", "yearBorn": 1972, "fiscalYear": 2015, "exercisedValue": 0, "unexercisedValue": 0}, {"maxAge": 1, "name": "Mr. Avinash  Kaul", "age": 47, "title": "MD of A+E Networks | TV18 and CEO of Broadcast for Network18", "yearBorn": 1973, "fiscalYear": 2015, "exercisedValue": 0, "unexercisedValue": 0}, {"maxAge": 1, "name": "Ms. Anuradha Mathu Agrawal", "title": "National Revenue Head for CNN-IBN", "exercisedValue": 0, "unexercisedValue": 0}, {"maxAge": 1, "name": "Vishal  Srivastava", "age": 43, "title": "Revenue Head of Gov./International & Specialprojects", "yearBorn": 1977, "fiscalYear": 2015, "exercisedValue": 0, "unexercisedValue": 0}], "compensationAsOfEpochDate": "2020-12-31 05:30:00", "maxAge": 86400}, "recommendationTrend": {"trend": [{"period": "0m", "strongBuy": 0, "buy": 0, "hold": 0, "sell": 0, "strongSell": 0}, {"period": "-1m", "strongBuy": 0, "buy": 0, "hold": 0, "sell": 0, "strongSell": 0}, {"period": "-2m", "strongBuy": 0, "buy": 0, "hold": 0, "sell": 0, "strongSell": 0}, {"period": "-3m", "strongBuy": 0, "buy": 0, "hold": 0, "sell": 0, "strongSell": 0}], "maxAge": 86400}, "cashflowStatementHistory": {"cashflowStatements": [{"maxAge": 1, "endDate": "2021-03-31", "netIncome": 4555500000, "depreciation": 1387500000, "changeToNetincome": 3690800000, "changeToAccountReceivables": 2593400000, "changeToLiabilities": -510100000, "changeToInventory": 1470000000, "totalCashFromOperatingActivities": 13187100000, "capitalExpenditures": -821600000, "investments": -131100000, "otherCashflowsFromInvestingActivities": 397200000, "totalCashflowsFromInvestingActivities": -988800000, "netBorrowings": -9183000000, "otherCashflowsFromFinancingActivities": -901100000, "totalCashFromFinancingActivities": -10084100000, "effectOfExchangeRate": 2100000, "changeInCash": 2116300000}, {"maxAge": 1, "endDate": "2020-03-31", "netIncome": 2423800000, "depreciation": 1253600000, "changeToNetincome": 3176800000, "changeToAccountReceivables": -2822100000, "changeToLiabilities": -1585200000, "changeToInventory": -1321600000, "totalCashFromOperatingActivities": 1528100000, "capitalExpenditures": -1441300000, "investments": -23200000, "otherCashflowsFromInvestingActivities": 29800000, "totalCashflowsFromInvestingActivities": -1886000000, "netBorrowings": 1091300000, "otherCashflowsFromFinancingActivities": -1407500000, "totalCashFromFinancingActivities": -316200000, "effectOfExchangeRate": 20800000, "changeInCash": -653300000}, {"maxAge": 1, "endDate": "2019-03-31", "netIncome": 1669000000, "depreciation": 1324600000, "changeToNetincome": -1344700000, "changeToAccountReceivables": -330400000, "changeToLiabilities": 2979500000, "changeToInventory": -5581800000, "totalCashFromOperatingActivities": -1257700000, "capitalExpenditures": -1224300000, "investments": 17400000, "otherCashflowsFromInvestingActivities": 48100000, "totalCashflowsFromInvestingActivities": -3891400000, "netBorrowings": 6182200000, "otherCashflowsFromFinancingActivities": -986200000, "totalCashFromFinancingActivities": 5196000000, "effectOfExchangeRate": 300000, "changeInCash": 47200000}, {"maxAge": 1, "endDate": "2018-03-31", "netIncome": 97000000, "depreciation": 692100000, "changeToNetincome": -878600000, "changeToAccountReceivables": 4130100000, "changeToLiabilities": -2975100000, "changeToInventory": 498400000, "totalCashFromOperatingActivities": 1577200000, "capitalExpenditures": -556700000, "investments": -1582100000, "otherCashflowsFromInvestingActivities": 887800000, "totalCashflowsFromInvestingActivities": -1247600000, "netBorrowings": 289000000, "otherCashflowsFromFinancingActivities": -37700000, "totalCashFromFinancingActivities": 251300000, "effectOfExchangeRate": 300000, "changeInCash": 1640900000}], "maxAge": 86400}, "indexTrend": {"maxAge": 1, "symbol": "SP5", "peRatio": 19.7411, "pegRatio": 1.34172, "estimates": [{"period": "0q", "growth": 0.549}, {"period": "+1q", "growth": 0.431}, {"period": "0y", "growth": 0.305}, {"period": "+1y", "growth": 0.109}, {"period": "+5y", "growth": 0.120865}, {"period": "-5y"}]}, "defaultKeyStatistics": {"maxAge": 1, "priceHint": 2, "enterpriseValue": 74216202240, "profitMargins": 0.101289995, "floatShares": 607548325, "sharesOutstanding": 1714360064, "heldPercentInsiders": 0.62914, "heldPercentInstitutions": 0.09162, "beta": 0.87163, "category": null, "bookValue": 24.509, "priceToBook": 1.3852054, "fundFamily": null, "legalType": null, "lastFiscalYearEnd": "2021-03-31 05:30:00", "nextFiscalYearEnd": "2023-03-31 05:30:00", "mostRecentQuarter": "2021-03-31 05:30:00", "earningsQuarterlyGrowth": 1.121, "netIncomeToCommon": 4555500032, "trailingEps": 2.66, "lastSplitFactor": "5:1", "lastSplitDate": "2008-02-21 05:30:00", "enterpriseToRevenue": 1.65, "enterpriseToEbitda": 9.185}, "industryTrend": {"maxAge": 1, "symbol": null, "estimates": []}, "quoteType": {"exchange": "NSI", "quoteType": "EQUITY", "symbol": "TV18BRDCST.NS", "underlyingSymbol": "TV18BRDCST.NS", "shortName": "TV18 BROADCAST LTD", "longName": "TV18 Broadcast Limited", "firstTradeDateEpochUtc": "2006-12-28 09:15:00", "timeZoneFullName": "Asia/Kolkata", "timeZoneShortName": "IST", "uuid": "af945ad9-5b56-3583-88c2-ca2c9b8fac3f", "gmtOffSetMilliseconds": 19800000, "maxAge": 1}, "incomeStatementHistory": {"incomeStatementHistory": [{"maxAge": 1, "endDate": "2021-03-31", "totalRevenue": 44976200000, "costOfRevenue": 25871000000, "grossProfit": 19105200000, "researchDevelopment": {}, "sellingGeneralAdministrative": 7961100000, "nonRecurring": {}, "otherOperatingExpenses": 3064000000, "totalOperatingExpenses": 38283600000, "operatingIncome": 6692600000, "totalOtherIncomeExpenseNet": 341300000, "ebit": 6692600000, "interestExpense": -877200000, "incomeBeforeTax": 7033900000, "incomeTaxExpense": -423200000, "minorityInterest": 11631400000, "netIncomeFromContinuingOps": 7457100000, "discontinuedOperations": {}, "extraordinaryItems": {}, "effectOfAccountingCharges": {}, "otherItems": {}, "netIncome": 4555500000, "netIncomeApplicableToCommonShares": 4555500000}, {"maxAge": 1, "endDate": "2020-03-31", "totalRevenue": 51749400000, "costOfRevenue": 33306600000, "grossProfit": 18442800000, "researchDevelopment": {}, "sellingGeneralAdministrative": 9070200000, "nonRecurring": {}, "otherOperatingExpenses": 2416400000, "totalOperatingExpenses": 46449600000, "operatingIncome": 5299800000, "totalOtherIncomeExpenseNet": -282600000, "ebit": 5299800000, "interestExpense": -1413400000, "incomeBeforeTax": 5017200000, "incomeTaxExpense": 850100000, "minorityInterest": 8706500000, "netIncomeFromContinuingOps": 4167100000, "discontinuedOperations": {}, "extraordinaryItems": {}, "effectOfAccountingCharges": {}, "otherItems": {}, "netIncome": 2423800000, "netIncomeApplicableToCommonShares": 2423800000}, {"maxAge": 1, "endDate": "2019-03-31", "totalRevenue": 49427000000, "costOfRevenue": 34653200000, "grossProfit": 14773800000, "researchDevelopment": {}, "sellingGeneralAdministrative": 9184900000, "nonRecurring": {}, "otherOperatingExpenses": 2412000000, "totalOperatingExpenses": 47574700000, "operatingIncome": 1852300000, "totalOtherIncomeExpenseNet": -335900000, "ebit": 1852300000, "interestExpense": -1000400000, "incomeBeforeTax": 1516400000, "incomeTaxExpense": -587600000, "minorityInterest": 6968500000, "netIncomeFromContinuingOps": 2104000000, "discontinuedOperations": {}, "extraordinaryItems": {}, "effectOfAccountingCharges": {}, "otherItems": {}, "netIncome": 1669000000, "netIncomeApplicableToCommonShares": 1669000000}, {"maxAge": 1, "endDate": "2018-03-31", "totalRevenue": 14751900000, "costOfRevenue": 9432800000, "grossProfit": 5319100000, "researchDevelopment": {}, "sellingGeneralAdministrative": 3270200000, "nonRecurring": {}, "otherOperatingExpenses": 1471500000, "totalOperatingExpenses": 14866600000, "operatingIncome": -114700000, "totalOtherIncomeExpenseNet": 723900000, "ebit": -114700000, "interestExpense": -269200000, "incomeBeforeTax": 609200000, "incomeTaxExpense": 519900000, "minorityInterest": 6535500000, "netIncomeFromContinuingOps": 89300000, "discontinuedOperations": {}, "extraordinaryItems": {}, "effectOfAccountingCharges": {}, "otherItems": {}, "netIncome": 97000000, "netIncomeApplicableToCommonShares": 97000000}], "maxAge": 86400}, "fundOwnership": {"ownershipList": [], "maxAge": 1}, "summaryDetail": {"maxAge": 1, "priceHint": 2, "previousClose": 33.95, "open": 33.35, "dayLow": 33.3, "dayHigh": 34.4, "regularMarketPreviousClose": 33.95, "regularMarketOpen": 33.35, "regularMarketDayLow": 33.3, "regularMarketDayHigh": 34.4, "payoutRatio": 0.0, "beta": 0.87163, "trailingPE": 12.763158, "volume": 8102225, "regularMarketVolume": 8102225, "averageVolume": 9765597, "averageVolume10days": 7801973, "averageDailyVolume10Day": 7801973, "bid": 0.0, "ask": 0.0, "bidSize": 0, "askSize": 0, "marketCap": 58116968448, "fiftyTwoWeekLow": 14.7, "fiftyTwoWeekHigh": 41.7, "priceToSalesTrailing12Months": 1.2921716, "fiftyDayAverage": 31.30294, "twoHundredDayAverage": 30.337234, "currency": "INR", "fromCurrency": null, "lastMarket": null, "algorithm": null, "tradeable": false}, "insiderHolders": {"holders": [{"maxAge": 1, "name": "Alimchandani (Sunil)", "relation": "UNREPORTED", "url": "", "transactionDescription": "Sale", "latestTransDate": "2015-12-24", "positionDirect": 432997, "positionDirectDate": "2015-12-24"}, {"maxAge": 1, "name": "Bawa (Raman Deep Singh)", "relation": "Chief Financial Officer", "url": "", "transactionDescription": "Acquisition", "latestTransDate": "2012-10-29", "positionDirect": 309546, "positionDirectDate": "2012-10-29"}, {"maxAge": 1, "name": "Chaudhuri (Sanjay Ray)", "relation": "Director (Executive)", "url": "", "transactionDescription": "Acquisition", "latestTransDate": "2012-10-29", "positionDirect": 500830, "positionDirectDate": "2012-10-29"}, {"maxAge": 1, "name": "Chengalvarayan (Senthil)", "relation": "UNREPORTED", "url": "", "transactionDescription": "Other", "latestTransDate": "2015-01-28", "positionDirect": 153000, "positionDirectDate": "2015-01-28"}, {"maxAge": 1, "name": "Jain (Hitesh Kumar)", "relation": "Divisional Officer", "url": "", "transactionDescription": "Acquisition", "latestTransDate": "2014-07-14", "positionDirect": 70026, "positionDirectDate": "2014-07-14"}, {"maxAge": 1, "name": "Jain (Piyush)", "relation": "UNREPORTED", "url": "", "transactionDescription": "Acquisition", "latestTransDate": "2014-07-14", "positionDirect": 194856, "positionDirectDate": "2014-07-14"}, {"maxAge": 1, "name": "Mukherjee (Udayan)", "relation": "UNREPORTED", "url": "", "transactionDescription": "Acquisition", "latestTransDate": "2012-10-29", "positionDirect": 1097048, "positionDirectDate": "2012-10-29"}, {"maxAge": 1, "name": "Samrat (Yug)", "relation": "UNREPORTED", "url": "", "transactionDescription": "Sale", "latestTransDate": "2015-05-14", "positionDirect": 18000, "positionDirectDate": "2015-05-14"}, {"maxAge": 1, "name": "Sing (Sarbvir)", "relation": "UNREPORTED", "url": "", "transactionDescription": "Acquisition", "latestTransDate": "2012-10-29", "positionDirect": 15000, "positionDirectDate": "2012-10-29"}, {"maxAge": 1, "name": "Srivastava (Anil)", "relation": "Senior Vice President", "url": "", "transactionDescription": "Acquisition", "latestTransDate": "2014-07-14", "positionDirect": 180363, "positionDirectDate": "2014-07-14"}], "maxAge": 1}, "calendarEvents": {"maxAge": 1, "earnings": {"earningsDate": []}}, "upgradeDowngradeHistory": {"history": [], "maxAge": 86400}, "price": {"maxAge": 1, "regularMarketChangePercent": 0.0, "regularMarketChange": 0.0, "regularMarketTime": "2021-04-30 15:29:59", "priceHint": 2, "regularMarketPrice": 33.95, "regularMarketDayHigh": 34.4, "regularMarketDayLow": 33.3, "regularMarketVolume": 8102225, "averageDailyVolume10Day": 7801973, "averageDailyVolume3Month": 9765597, "regularMarketPreviousClose": 33.95, "regularMarketSource": "FREE_REALTIME", "regularMarketOpen": 33.35, "exchange": "NSI", "exchangeName": "NSE", "exchangeDataDelayedBy": 15, "marketState": "CLOSED", "quoteType": "EQUITY", "symbol": "TV18BRDCST.NS", "underlyingSymbol": null, "shortName": "TV18 BROADCAST LTD", "longName": "TV18 Broadcast Limited", "currency": "INR", "quoteSourceName": "Delayed Quote", "currencySymbol": "\u20b9", "fromCurrency": null, "lastMarket": null, "marketCap": 58116968448}, "balanceSheetHistory": {"balanceSheetStatements": [{"maxAge": 1, "endDate": "2021-03-31", "cash": 3260900000, "shortTermInvestments": 2210200000, "netReceivables": 19389900000, "inventory": 18841000000, "otherCurrentAssets": 3600800000, "totalCurrentAssets": 47302800000, "longTermInvestments": 4599400000, "propertyPlantEquipment": 3653400000, "goodWill": 19271500000, "intangibleAssets": 1544400000, "otherAssets": 5850000000, "deferredLongTermAssetCharges": 157400000, "totalAssets": 82221500000, "accountsPayable": 14043500000, "otherCurrentLiab": 3748500000, "longTermDebt": 1900000, "otherLiab": 886900000, "minorityInterest": 11631400000, "totalCurrentLiabilities": 26712300000, "totalLiab": 28676800000, "commonStock": 3428700000, "treasuryStock": 38484600000, "otherStockholderEquity": 38484600000, "totalStockholderEquity": 41913300000, "netTangibleAssets": 21097400000}, {"maxAge": 1, "endDate": "2020-03-31", "cash": 1136200000, "shortTermInvestments": 11400000, "netReceivables": 25491100000, "inventory": 6300300000, "otherCurrentAssets": 15389900000, "totalCurrentAssets": 49029700000, "longTermInvestments": 3977300000, "propertyPlantEquipment": 3996400000, "goodWill": 19271500000, "intangibleAssets": 1200300000, "otherAssets": 6613400000, "deferredLongTermAssetCharges": 490100000, "totalAssets": 84088600000, "accountsPayable": 14585600000, "shortLongTermDebt": 15800000, "otherCurrentLiab": 2571500000, "longTermDebt": 10400000, "otherLiab": 724000000, "minorityInterest": 8706500000, "totalCurrentLiabilities": 36473200000, "totalLiab": 38046100000, "commonStock": 3428700000, "retainedEarnings": 2407600000, "treasuryStock": -78200000, "capitalSurplus": 31577900000, "otherStockholderEquity": -78200000, "totalStockholderEquity": 37336000000, "netTangibleAssets": 16864200000}, {"maxAge": 1, "endDate": "2019-03-31", "cash": 1789500000, "shortTermInvestments": 100000, "netReceivables": 21773500000, "inventory": 5882300000, "otherCurrentAssets": 14708700000, "totalCurrentAssets": 44872400000, "longTermInvestments": 3573900000, "propertyPlantEquipment": 2974700000, "goodWill": 19271500000, "intangibleAssets": 744900000, "otherAssets": 7381900000, "deferredLongTermAssetCharges": 490100000, "totalAssets": 78819300000, "accountsPayable": 17121900000, "shortLongTermDebt": 338400000, "otherCurrentLiab": 1867200000, "longTermDebt": 2216000000, "otherLiab": 625700000, "minorityInterest": 6968500000, "totalCurrentLiabilities": 34027100000, "totalLiab": 36868800000, "commonStock": 3428700000, "retainedEarnings": 14900000, "treasuryStock": -39500000, "capitalSurplus": 31577900000, "otherStockholderEquity": -39500000, "totalStockholderEquity": 34982000000, "netTangibleAssets": 14965600000}, {"maxAge": 1, "endDate": "2018-03-31", "cash": 1742300000, "shortTermInvestments": 100000, "netReceivables": 18184900000, "inventory": 3244800000, "otherCurrentAssets": 11875200000, "totalCurrentAssets": 35855200000, "longTermInvestments": 3283700000, "propertyPlantEquipment": 3055900000, "goodWill": 19271500000, "intangibleAssets": 811700000, "otherAssets": 5438800000, "deferredLongTermAssetCharges": 315300000, "totalAssets": 67716800000, "accountsPayable": 14889900000, "shortLongTermDebt": 28000000, "otherCurrentLiab": 1466600000, "longTermDebt": 54000000, "otherLiab": 550600000, "minorityInterest": 6535500000, "totalCurrentLiabilities": 27174600000, "totalLiab": 27779200000, "commonStock": 3428700000, "retainedEarnings": -1644800000, "treasuryStock": 40300000, "capitalSurplus": 31577900000, "otherStockholderEquity": 40300000, "totalStockholderEquity": 33402100000, "netTangibleAssets": 13318900000}], "maxAge": 86400}, "earningsTrend": {"trend": [{"maxAge": 1, "period": "0q", "endDate": null, "growth": {}, "earningsEstimate": {"avg": 0.0, "low": 0.0, "high": 0.0, "yearAgoEps": {}, "numberOfAnalysts": 0, "growth": {}}, "revenueEstimate": {"avg": 0, "low": 0, "high": 0, "numberOfAnalysts": 0, "yearAgoRevenue": {}, "growth": {}}, "epsTrend": {"current": 0.0, "7daysAgo": 0.0, "30daysAgo": 0.0, "60daysAgo": 0.0, "90daysAgo": 0.0}, "epsRevisions": {"upLast7days": 0, "upLast30days": 0, "downLast30days": 0, "downLast90days": {}}}, {"maxAge": 1, "period": "+1q", "endDate": null, "growth": {}, "earningsEstimate": {"avg": 0.0, "low": 0.0, "high": 0.0, "yearAgoEps": {}, "numberOfAnalysts": 0, "growth": {}}, "revenueEstimate": {"avg": 0, "low": 0, "high": 0, "numberOfAnalysts": 0, "yearAgoRevenue": {}, "growth": {}}, "epsTrend": {"current": 0.0, "7daysAgo": 0.0, "30daysAgo": 0.0, "60daysAgo": 0.0, "90daysAgo": 0.0}, "epsRevisions": {"upLast7days": 0, "upLast30days": 0, "downLast30days": 0, "downLast90days": {}}}, {"maxAge": 1, "period": "0y", "endDate": null, "growth": {}, "earningsEstimate": {"avg": 0.0, "low": 0.0, "high": 0.0, "yearAgoEps": {}, "numberOfAnalysts": 0, "growth": {}}, "revenueEstimate": {"avg": 0, "low": 0, "high": 0, "numberOfAnalysts": 0, "yearAgoRevenue": {}, "growth": {}}, "epsTrend": {"current": 0.0, "7daysAgo": 0.0, "30daysAgo": 0.0, "60daysAgo": 0.0, "90daysAgo": 0.0}, "epsRevisions": {"upLast7days": 0, "upLast30days": 0, "downLast30days": 0, "downLast90days": {}}}, {"maxAge": 1, "period": "+1y", "endDate": null, "growth": {}, "earningsEstimate": {"avg": 0.0, "low": 0.0, "high": 0.0, "yearAgoEps": {}, "numberOfAnalysts": 0, "growth": {}}, "revenueEstimate": {"avg": 0, "low": 0, "high": 0, "numberOfAnalysts": 0, "yearAgoRevenue": {}, "growth": {}}, "epsTrend": {"current": 0.0, "7daysAgo": 0.0, "30daysAgo": 0.0, "60daysAgo": 0.0, "90daysAgo": 0.0}, "epsRevisions": {"upLast7days": 0, "upLast30days": 0, "downLast30days": 0, "downLast90days": {}}}, {"maxAge": 1, "period": "+5y", "endDate": null, "growth": {}, "earningsEstimate": {"avg": {}, "low": {}, "high": {}, "yearAgoEps": {}, "numberOfAnalysts": {}, "growth": {}}, "revenueEstimate": {"avg": {}, "low": {}, "high": {}, "numberOfAnalysts": {}, "yearAgoRevenue": {}, "growth": {}}, "epsTrend": {"current": {}, "7daysAgo": {}, "30daysAgo": {}, "60daysAgo": {}, "90daysAgo": {}}, "epsRevisions": {"upLast7days": {}, "upLast30days": {}, "downLast30days": {}, "downLast90days": {}}}, {"maxAge": 1, "period": "-5y", "endDate": null, "growth": {}, "earningsEstimate": {"avg": {}, "low": {}, "high": {}, "yearAgoEps": {}, "numberOfAnalysts": {}, "growth": {}}, "revenueEstimate": {"avg": {}, "low": {}, "high": {}, "numberOfAnalysts": {}, "yearAgoRevenue": {}, "growth": {}}, "epsTrend": {"current": {}, "7daysAgo": {}, "30daysAgo": {}, "60daysAgo": {}, "90daysAgo": {}}, "epsRevisions": {"upLast7days": {}, "upLast30days": {}, "downLast30days": {}, "downLast90days": {}}}], "maxAge": 1}, "institutionOwnership": {"ownershipList": [], "maxAge": 1}, "majorHoldersBreakdown": {"maxAge": 1, "insidersPercentHeld": 0.62914, "institutionsPercentHeld": 0.09162, "institutionsFloatPercentHeld": 0.24705, "institutionsCount": 25}, "balanceSheetHistoryQuarterly": {"balanceSheetStatements": [{"maxAge": 1, "endDate": "2021-03-31", "cash": 3260900000, "shortTermInvestments": 2210200000, "netReceivables": 19389900000, "inventory": 18841000000, "otherCurrentAssets": 3600800000, "totalCurrentAssets": 47302800000, "longTermInvestments": 4599400000, "propertyPlantEquipment": 3653400000, "goodWill": 19271500000, "intangibleAssets": 1544400000, "otherAssets": 5850000000, "deferredLongTermAssetCharges": 157400000, "totalAssets": 82221500000, "accountsPayable": 14043500000, "otherCurrentLiab": 3748500000, "longTermDebt": 1900000, "otherLiab": 886900000, "minorityInterest": 11631400000, "totalCurrentLiabilities": 26712300000, "totalLiab": 28676800000, "commonStock": 3428700000, "treasuryStock": 38484600000, "otherStockholderEquity": 38484600000, "totalStockholderEquity": 41913300000, "netTangibleAssets": 21097400000}, {"maxAge": 1, "endDate": "2020-12-31", "totalStockholderEquity": 38126200000, "netTangibleAssets": 17462400000}, {"maxAge": 1, "endDate": "2020-09-30", "cash": 1096700000, "shortTermInvestments": 2576000000, "netReceivables": 18929100000, "inventory": 20028600000, "otherCurrentAssets": 3713000000, "totalCurrentAssets": 46343400000, "longTermInvestments": 4267400000, "propertyPlantEquipment": 4141200000, "goodWill": 19271500000, "intangibleAssets": 1392300000, "otherAssets": 6174600000, "deferredLongTermAssetCharges": 490100000, "totalAssets": 81590400000, "accountsPayable": 14257000000, "otherCurrentLiab": 2788800000, "longTermDebt": 3600000, "otherLiab": 743600000, "minorityInterest": 9131900000, "totalCurrentLiabilities": 32327400000, "totalLiab": 34332300000, "commonStock": 3428700000, "treasuryStock": 34697500000, "otherStockholderEquity": 34697500000, "totalStockholderEquity": 38126200000, "netTangibleAssets": 17462400000}, {"maxAge": 1, "endDate": "2020-06-30", "totalStockholderEquity": 37336000000, "netTangibleAssets": 16864200000}], "maxAge": 86400}, "earningsHistory": {"history": [{"maxAge": 1, "epsActual": {}, "epsEstimate": {}, "epsDifference": {}, "surprisePercent": {}, "quarter": {}, "period": "-4q"}, {"maxAge": 1, "epsActual": {}, "epsEstimate": {}, "epsDifference": {}, "surprisePercent": {}, "quarter": {}, "period": "-3q"}, {"maxAge": 1, "epsActual": {}, "epsEstimate": {}, "epsDifference": {}, "surprisePercent": {}, "quarter": {}, "period": "-2q"}, {"maxAge": 1, "epsActual": {}, "epsEstimate": {}, "epsDifference": {}, "surprisePercent": {}, "quarter": {}, "period": "-1q"}], "maxAge": 86400}, "summaryProfile": {"address1": "Empire Complex", "address2": "First Floor 414, Senapati Bapat Marg Lower Parel", "city": "Mumbai", "zip": "400013", "country": "India", "phone": "91 22 4001 9000", "fax": "91 22 4001 9000", "website": "http://www.nw18.com", "industry": "Broadcasting", "sector": "Communication Services", "longBusinessSummary": "TV18 Broadcast Limited, together with its subsidiaries, operates a television broadcasting network in India. The company operates business news channels, such as CNBC-TV18, CNBC Awaaz, and CNBC Bajar; general news channels, including CNN News18, News18 International, News18 India, and News18 regional channels; History TV18, a factual entertainment channel; FYI TV18, a lifestyle channel; Hindi mass entertainment channels consisting of Colors, Colors Cineplex, and Colors Rishtey; and regional entertainment channels, such as Colors Kannada, Colors Super, Colors Kannada Cinema, Colors Bangla, Colors Marathi, Colors Gujarati and Colors Gujarati Cinema, Colors Odia, and Colors Tamil. It also operates youth and music channels, including MTV India and MTV Beats; English channels comprising COMEDY CENTRAL, COLORS INFINITY, and VH1; kids channels consisting of Nickelodeon, Sonic, Nick Jr., and Nick HD+; Voot Kids and Voot Select channels; and IndiaCast, a content asset monetization channel, as well as integrated network solutions. The company was formerly known as ibn18 Broadcast Limited and changed its name to TV18 Broadcast Limited in June 2011. TV18 Broadcast Limited was incorporated in 2005 and is based in Mumbai, India. TV18 Broadcast Limited operates as a subsidiary of Network18 Media & Investments Limited.", "companyOfficers": [], "maxAge": 86400}, "netSharePurchaseActivity": {"maxAge": 1, "period": "6m", "buyInfoCount": 0, "buyInfoShares": 0, "sellInfoCount": 0, "netInfoCount": 0, "netInfoShares": 0, "netPercentInsiderShares": 0.0, "totalInsiderShares": 1075894272}, "insiderTransactions": {"transactions": [{"maxAge": 1, "shares": 50000, "filerUrl": "", "transactionText": "", "filerName": "Alimchandani (Sunil)", "filerRelation": "UNREPORTED", "moneyText": "", "startDate": "2015-12-24", "ownership": "D"}, {"maxAge": 1, "shares": 125000, "filerUrl": "", "transactionText": "", "filerName": "Alimchandani (Sunil)", "filerRelation": "UNREPORTED", "moneyText": "", "startDate": "2015-12-21", "ownership": "D"}, {"maxAge": 1, "shares": 32085, "filerUrl": "", "transactionText": "", "filerName": "Samrat (Yug)", "filerRelation": "UNREPORTED", "moneyText": "", "startDate": "2015-05-14", "ownership": "D"}, {"maxAge": 1, "shares": 153000, "filerUrl": "", "transactionText": "", "filerName": "Chengalvarayan (Senthil)", "filerRelation": "UNREPORTED", "moneyText": "", "startDate": "2015-01-28", "ownership": "D"}, {"maxAge": 1, "shares": 164186, "filerUrl": "", "transactionText": "", "filerName": "Chengalvarayan (Senthil)", "filerRelation": "UNREPORTED", "moneyText": "", "startDate": "2014-12-12", "ownership": "D"}, {"maxAge": 1, "shares": 17268, "filerUrl": "", "transactionText": "", "filerName": "Jain (Piyush)", "filerRelation": "UNREPORTED", "moneyText": "", "startDate": "2014-07-14", "ownership": "D"}, {"maxAge": 1, "shares": 5100, "filerUrl": "", "transactionText": "", "filerName": "Srivastava (Anil)", "filerRelation": "Senior Vice President", "moneyText": "", "startDate": "2014-07-14", "ownership": "D"}, {"maxAge": 1, "shares": 6875, "filerUrl": "", "transactionText": "", "filerName": "Jain (Hitesh Kumar)", "filerRelation": "Divisional Officer", "moneyText": "", "startDate": "2014-07-14", "ownership": "D"}, {"maxAge": 1, "shares": 22000, "filerUrl": "", "transactionText": "", "filerName": "Samrat (Yug)", "filerRelation": "UNREPORTED", "moneyText": "", "startDate": "2013-04-04", "ownership": "D"}, {"maxAge": 1, "shares": 25000, "filerUrl": "", "transactionText": "", "filerName": "Alimchandani (Sunil)", "filerRelation": "UNREPORTED", "moneyText": "", "startDate": "2013-01-10", "ownership": "D"}, {"maxAge": 1, "shares": 0, "filerUrl": "", "transactionText": "", "filerName": "Alimchandani (Sunil)", "filerRelation": "UNREPORTED", "moneyText": "", "startDate": "2013-01-04", "ownership": "I"}, {"maxAge": 1, "shares": 40000, "filerUrl": "", "transactionText": "", "filerName": "Alimchandani (Sunil)", "filerRelation": "UNREPORTED", "moneyText": "", "startDate": "2012-11-15", "ownership": "D"}, {"maxAge": 1, "shares": 54648, "filerUrl": "", "transactionText": "", "filerName": "Jain (Hitesh Kumar)", "filerRelation": "Divisional Officer", "moneyText": "", "startDate": "2012-10-29", "ownership": "D"}, {"maxAge": 1, "shares": 0, "filerUrl": "", "transactionText": "", "filerName": "Srivastava (Anil)", "filerRelation": "Senior Vice President", "moneyText": "", "startDate": "2012-10-29", "ownership": "I"}, {"maxAge": 1, "shares": 394885, "filerUrl": "", "transactionText": "", "filerName": "Chaudhuri (Sanjay Ray)", "filerRelation": "Director (Executive)", "moneyText": "", "startDate": "2012-10-29", "ownership": "D"}, {"maxAge": 1, "shares": 15000, "filerUrl": "", "transactionText": "", "filerName": "Sing (Sarbvir)", "filerRelation": "UNREPORTED", "moneyText": "", "startDate": "2012-10-29", "ownership": "D"}, {"maxAge": 1, "shares": 864980, "filerUrl": "", "transactionText": "", "filerName": "Mukherjee (Udayan)", "filerRelation": "UNREPORTED", "moneyText": "", "startDate": "2012-10-29", "ownership": "D"}, {"maxAge": 1, "shares": 138188, "filerUrl": "", "transactionText": "", "filerName": "Srivastava (Anil)", "filerRelation": "Senior Vice President", "moneyText": "", "startDate": "2012-10-29", "ownership": "D"}, {"maxAge": 1, "shares": 307945, "filerUrl": "", "transactionText": "", "filerName": "Bawa (Raman Deep Singh)", "filerRelation": "Chief Financial Officer", "moneyText": "", "startDate": "2012-10-29", "ownership": "D"}, {"maxAge": 1, "shares": 62095, "filerUrl": "", "transactionText": "", "filerName": "Puri (Gurdeep Singh)", "filerRelation": "Divisional Officer", "moneyText": "", "startDate": "2012-10-29", "ownership": "D"}, {"maxAge": 1, "shares": 617160, "filerUrl": "", "transactionText": "", "filerName": "Alimchandani (Sunil)", "filerRelation": "UNREPORTED", "moneyText": "", "startDate": "2012-10-29", "ownership": "D"}, {"maxAge": 1, "shares": 72069, "filerUrl": "", "transactionText": "", "filerName": "Samrat (Yug)", "filerRelation": "UNREPORTED", "moneyText": "", "startDate": "2012-10-29", "ownership": "D"}, {"maxAge": 1, "shares": 200367, "filerUrl": "", "transactionText": "", "filerName": "Jain (Piyush)", "filerRelation": "UNREPORTED", "moneyText": "", "startDate": "2012-10-29", "ownership": "D"}, {"maxAge": 1, "shares": 331394, "filerUrl": "", "transactionText": "", "filerName": "Venkatraman (Dilip Narayanswamy)", "filerRelation": "UNREPORTED", "moneyText": "", "startDate": "2012-10-29", "ownership": "D"}, {"maxAge": 1, "shares": 1730375, "filerUrl": "", "transactionText": "", "filerName": "Bahl (Raghav)", "filerRelation": "Director (Non-Executive)", "moneyText": "", "startDate": "2012-02-15", "ownership": "D"}, {"maxAge": 1, "shares": 20000, "filerUrl": "", "transactionText": "", "filerName": "Network18 Group Senior Professional Trust", "filerRelation": "Promoter", "moneyText": "", "startDate": "2011-10-14", "ownership": "D"}, {"maxAge": 1, "shares": 81000, "filerUrl": "", "transactionText": "", "filerName": "Network18 Group Senior Professional Trust", "filerRelation": "Promoter", "moneyText": "", "startDate": "2011-10-10", "ownership": "D"}, {"maxAge": 1, "shares": 103980, "filerUrl": "", "transactionText": "", "filerName": "Network18 Group Senior Professional Trust", "filerRelation": "Promoter", "moneyText": "", "startDate": "2011-10-04", "ownership": "D"}, {"maxAge": 1, "shares": 100000, "filerUrl": "", "transactionText": "", "filerName": "Network18 Group Senior Professional Trust", "filerRelation": "Promoter", "moneyText": "", "startDate": "2011-09-29", "ownership": "D"}, {"maxAge": 1, "shares": 125730, "filerUrl": "", "transactionText": "", "filerName": "Network18 Group Senior Professional Trust", "filerRelation": "Promoter", "moneyText": "", "startDate": "2011-09-26", "ownership": "D"}, {"maxAge": 1, "shares": 14831078, "filerUrl": "", "transactionText": "", "filerName": "Network18 Group Senior Professional Trust", "filerRelation": "Promoter", "moneyText": "", "startDate": "2011-09-21", "ownership": "D"}, {"maxAge": 1, "shares": 30600, "filerUrl": "", "transactionText": "", "filerName": "Venkatraman (Dilip Narayanswamy)", "filerRelation": "UNREPORTED", "moneyText": "", "startDate": "2011-07-14", "ownership": "D"}, {"maxAge": 1, "shares": 55837, "filerUrl": "", "transactionText": "", "filerName": "Alimchandani (Sunil)", "filerRelation": "UNREPORTED", "moneyText": "", "startDate": "2011-07-13", "ownership": "D"}, {"maxAge": 1, "shares": 36975, "filerUrl": "", "transactionText": "", "filerName": "Srivastava (Anil)", "filerRelation": "Senior Vice President", "moneyText": "", "startDate": "2011-07-11", "ownership": "D"}, {"maxAge": 1, "shares": 105945, "filerUrl": "", "transactionText": "", "filerName": "Chaudhuri (Sanjay Ray)", "filerRelation": "Director (Executive)", "moneyText": "", "startDate": "2011-07-11", "ownership": "D"}, {"maxAge": 1, "shares": 353954, "filerUrl": "", "transactionText": "", "filerName": "Chawla (Haresh R)", "filerRelation": "UNREPORTED", "moneyText": "", "startDate": "2011-07-11", "ownership": "D"}, {"maxAge": 1, "shares": 232068, "filerUrl": "", "transactionText": "", "filerName": "Mukherjee (Udayan)", "filerRelation": "UNREPORTED", "moneyText": "", "startDate": "2011-07-11", "ownership": "D"}, {"maxAge": 1, "shares": 476000, "filerUrl": "", "transactionText": "", "filerName": "Mohanka (Manoj)", "filerRelation": "Non Executive Chairman", "moneyText": "", "startDate": "2011-07-11", "ownership": "D"}, {"maxAge": 1, "shares": 72417, "filerUrl": "", "transactionText": "", "filerName": "Sardesai (Rajdeep)", "filerRelation": "Divisional Officer", "moneyText": "", "startDate": "2011-07-11", "ownership": "D"}, {"maxAge": 1, "shares": 167305, "filerUrl": "", "transactionText": "", "filerName": "Kumar (Sai)", "filerRelation": "Chief Operating Officer", "moneyText": "", "startDate": "2011-07-11", "ownership": "D"}, {"maxAge": 1, "shares": 1601, "filerUrl": "", "transactionText": "", "filerName": "Bawa (Raman Deep Singh)", "filerRelation": "Chief Financial Officer", "moneyText": "", "startDate": "2011-07-11", "ownership": "D"}, {"maxAge": 1, "shares": 1500000, "filerUrl": "", "transactionText": "", "filerName": "Chawla (Haresh R)", "filerRelation": "UNREPORTED", "moneyText": "", "startDate": "2011-03-17", "ownership": "D"}, {"maxAge": 1, "shares": 4632, "filerUrl": "", "transactionText": "", "filerName": "Jain (Hitesh Kumar)", "filerRelation": "Divisional Officer", "moneyText": "", "startDate": "2010-09-06", "ownership": "D"}, {"maxAge": 1, "shares": 1717000, "filerUrl": "", "transactionText": "", "filerName": "Network18 Group Senior Professional Trust", "filerRelation": "Promoter", "moneyText": "", "startDate": "2010-08-09", "ownership": "D"}], "maxAge": 1}, "sectorTrend": {"maxAge": 1, "symbol": null, "estimates": []}, "incomeStatementHistoryQuarterly": {"incomeStatementHistory": [{"maxAge": 1, "endDate": "2021-03-31", "totalRevenue": 13479400000, "costOfRevenue": 8020200000, "grossProfit": 5459200000, "researchDevelopment": {}, "sellingGeneralAdministrative": 2001300000, "nonRecurring": {}, "otherOperatingExpenses": 672300000, "totalOperatingExpenses": 11004700000, "operatingIncome": 2474700000, "totalOtherIncomeExpenseNet": 234700000, "ebit": 2474700000, "interestExpense": -128500000, "incomeBeforeTax": 2709400000, "incomeTaxExpense": 198600000, "minorityInterest": 11631400000, "netIncomeFromContinuingOps": 2510800000, "discontinuedOperations": {}, "extraordinaryItems": {}, "effectOfAccountingCharges": {}, "otherItems": {}, "netIncome": 1658800000, "netIncomeApplicableToCommonShares": 1658800000}, {"maxAge": 1, "endDate": "2020-12-31", "totalRevenue": 13609500000, "costOfRevenue": 7443400000, "grossProfit": 6166100000, "researchDevelopment": {}, "sellingGeneralAdministrative": 2175500000, "nonRecurring": {}, "otherOperatingExpenses": 783600000, "totalOperatingExpenses": 10754800000, "operatingIncome": 2854700000, "totalOtherIncomeExpenseNet": 81900000, "ebit": 2854700000, "interestExpense": -182600000, "incomeBeforeTax": 2936600000, "incomeTaxExpense": -835400000, "minorityInterest": 11631400000, "netIncomeFromContinuingOps": 3772000000, "discontinuedOperations": {}, "extraordinaryItems": {}, "effectOfAccountingCharges": {}, "otherItems": {}, "netIncome": 2136500000, "netIncomeApplicableToCommonShares": 2136500000}, {"maxAge": 1, "endDate": "2020-09-30", "totalRevenue": 10128000000, "costOfRevenue": 5581600000, "grossProfit": 4546400000, "researchDevelopment": {}, "sellingGeneralAdministrative": 2110400000, "nonRecurring": {}, "otherOperatingExpenses": 791800000, "totalOperatingExpenses": 8839800000, "operatingIncome": 1288200000, "totalOtherIncomeExpenseNet": 62700000, "ebit": 1288200000, "interestExpense": -258400000, "incomeBeforeTax": 1350900000, "incomeTaxExpense": 195400000, "minorityInterest": 9131900000, "netIncomeFromContinuingOps": 1155500000, "discontinuedOperations": {}, "extraordinaryItems": {}, "effectOfAccountingCharges": {}, "otherItems": {}, "netIncome": 750800000, "netIncomeApplicableToCommonShares": 750800000}, {"maxAge": 1, "endDate": "2020-06-30", "totalRevenue": 7759300000, "costOfRevenue": 4825800000, "grossProfit": 2933500000, "researchDevelopment": {}, "sellingGeneralAdministrative": 1673900000, "nonRecurring": {}, "otherOperatingExpenses": 816300000, "totalOperatingExpenses": 7684300000, "operatingIncome": 75000000, "totalOtherIncomeExpenseNet": -38000000, "ebit": 75000000, "interestExpense": -307700000, "incomeBeforeTax": 37000000, "incomeTaxExpense": 18200000, "minorityInterest": 9131900000, "netIncomeFromContinuingOps": 18800000, "discontinuedOperations": {}, "extraordinaryItems": {}, "effectOfAccountingCharges": {}, "otherItems": {}, "netIncome": 9400000, "netIncomeApplicableToCommonShares": 9400000}], "maxAge": 86400}, "cashflowStatementHistoryQuarterly": {"cashflowStatements": [{"maxAge": 1, "endDate": "2021-03-31", "netIncome": 1658800000, "changeToLiabilities": 0}, {"maxAge": 1, "endDate": "2020-12-31", "netIncome": 2136500000, "changeToLiabilities": 0}, {"maxAge": 1, "endDate": "2020-09-30", "netIncome": 750800000, "changeToLiabilities": 0}, {"maxAge": 1, "endDate": "2020-06-30", "netIncome": 9400000, "changeToLiabilities": 0}], "maxAge": 86400}, "earnings": {"maxAge": 86400, "earningsChart": {"quarterly": [], "earningsDate": []}, "financialsChart": {"yearly": [{"date": 2018, "revenue": 14751900000, "earnings": 97000000}, {"date": 2019, "revenue": 49427000000, "earnings": 1669000000}, {"date": 2020, "revenue": 51749400000, "earnings": 2423800000}, {"date": 2021, "revenue": 44976200000, "earnings": 4555500000}], "quarterly": [{"date": "2Q2020", "revenue": 7759300000, "earnings": 9400000}, {"date": "3Q2020", "revenue": 10128000000, "earnings": 750800000}, {"date": "4Q2020", "revenue": 13609500000, "earnings": 2136500000}, {"date": "1Q2021", "revenue": 13479400000, "earnings": 1658800000}]}, "financialCurrency": "INR"}, "financialData": {"maxAge": 86400, "currentPrice": 33.95, "targetHighPrice": 62.0, "targetLowPrice": 62.0, "targetMeanPrice": 62.0, "targetMedianPrice": 62.0, "recommendationMean": 1.0, "recommendationKey": "strong_buy", "numberOfAnalystOpinions": 1, "totalCash": 5471099904, "totalCashPerShare": 3.199, "ebitda": 8080099840, "totalDebt": 9997899776, "quickRatio": 0.665, "currentRatio": 1.771, "totalRevenue": 44976201728, "debtToEquity": 18.672, "revenuePerShare": 26.262, "returnOnAssets": 0.050300002, "returnOnEquity": 0.14976, "grossProfits": 19105200000, "freeCashflow": 9527825408, "operatingCashflow": 13187099648, "earningsGrowth": 1.109, "revenueGrowth": -0.054, "grossMargins": 0.42478, "ebitdaMargins": 0.17965001, "operatingMargins": 0.1488, "profitMargins": 0.101289995, "financialCurrency": "INR"}}}