{"TVSMOTOR.BO": {"recommendationTrend": {"trend": [{"period": "0m", "strongBuy": 0, "buy": 0, "hold": 0, "sell": 0, "strongSell": 0}, {"period": "-1m", "strongBuy": 0, "buy": 0, "hold": 0, "sell": 0, "strongSell": 0}, {"period": "-2m", "strongBuy": 0, "buy": 0, "hold": 0, "sell": 0, "strongSell": 0}, {"period": "-3m", "strongBuy": 0, "buy": 0, "hold": 0, "sell": 0, "strongSell": 0}], "maxAge": 86400}, "cashflowStatementHistory": {"cashflowStatements": [{"maxAge": 1, "endDate": "2020-03-31", "netIncome": 6246200000, "depreciation": 4970900000, "changeToNetincome": 741700000, "changeToAccountReceivables": 1303700000, "changeToLiabilities": 224600000, "changeToInventory": 1031000000, "changeToOperatingActivities": -11372900000, "totalCashFromOperatingActivities": 3734300000, "capitalExpenditures": -8228800000, "investments": -1271700000, "otherCashflowsFromInvestingActivities": 279000000, "totalCashflowsFromInvestingActivities": -10901500000, "dividendsPaid": -1662800000, "netBorrowings": 19285700000, "otherCashflowsFromFinancingActivities": -1431200000, "totalCashFromFinancingActivities": 16191700000, "changeInCash": 9024500000}, {"maxAge": 1, "endDate": "2019-03-31", "netIncome": 7046700000, "depreciation": 4104200000, "changeToNetincome": 2027000000, "changeToAccountReceivables": -4825400000, "changeToLiabilities": 5088900000, "changeToInventory": -2354200000, "changeToOperatingActivities": -20579500000, "totalCashFromOperatingActivities": -9179400000, "capitalExpenditures": -10094500000, "investments": -357900000, "otherCashflowsFromInvestingActivities": 260900000, "totalCashflowsFromInvestingActivities": -11036300000, "dividendsPaid": -1662800000, "netBorrowings": 25073200000, "otherCashflowsFromFinancingActivities": -1312700000, "totalCashFromFinancingActivities": 22097700000, "changeInCash": 1882000000}, {"maxAge": 1, "endDate": "2018-03-31", "netIncome": 6523500000, "depreciation": 3456100000, "changeToNetincome": -198600000, "changeToAccountReceivables": -3484600000, "changeToLiabilities": 5778600000, "changeToInventory": 1057100000, "changeToOperatingActivities": -9867900000, "totalCashFromOperatingActivities": 3544100000, "capitalExpenditures": -10353900000, "investments": -718900000, "otherCashflowsFromInvestingActivities": 31400000, "totalCashflowsFromInvestingActivities": -10951700000, "dividendsPaid": -1567800000, "netBorrowings": 11410300000, "otherCashflowsFromFinancingActivities": -877100000, "totalCashFromFinancingActivities": 8965400000, "changeInCash": 1557800000}, {"maxAge": 1, "endDate": "2017-03-31", "netIncome": 5112400000, "depreciation": 2900900000, "changeToNetincome": -407100000, "changeToAccountReceivables": -2140900000, "changeToLiabilities": 3284200000, "changeToInventory": -2792600000, "changeToOperatingActivities": 669400000, "totalCashFromOperatingActivities": 6893600000, "capitalExpenditures": -6324300000, "investments": -1124900000, "otherCashflowsFromInvestingActivities": 491300000, "totalCashflowsFromInvestingActivities": -7089700000, "dividendsPaid": -1187800000, "netBorrowings": 1428400000, "otherCashflowsFromFinancingActivities": -829900000, "totalCashFromFinancingActivities": -589300000, "changeInCash": -785400000}], "maxAge": 86400}, "institutionOwnership": {"ownershipList": [], "maxAge": 1}, "balanceSheetHistoryQuarterly": {"balanceSheetStatements": [{"maxAge": 1, "endDate": "2020-06-30", "totalStockholderEquity": 32821000000, "netTangibleAssets": 27519200000}, {"maxAge": 1, "endDate": "2020-03-31", "cash": 10796900000, "netReceivables": 72530400000, "inventory": 11884700000, "otherCurrentAssets": 1896200000, "totalCurrentAssets": 97468400000, "longTermInvestments": 3440000000, "propertyPlantEquipment": 41488200000, "goodWill": 1883100000, "intangibleAssets": 3418700000, "otherAssets": 45101700000, "totalAssets": 192800100000, "accountsPayable": 31868400000, "shortLongTermDebt": 23476200000, "otherCurrentLiab": 3239900000, "longTermDebt": 52212300000, "otherLiab": 2191800000, "minorityInterest": 3209400000, "totalCurrentLiabilities": 100422800000, "totalLiab": 156769700000, "commonStock": 475100000, "retainedEarnings": 32436200000, "treasuryStock": -90300000, "otherStockholderEquity": -90300000, "totalStockholderEquity": 32821000000, "netTangibleAssets": 27519200000}, {"maxAge": 1, "endDate": "2019-12-31", "totalStockholderEquity": 33289100000, "netTangibleAssets": 28819600000}, {"maxAge": 1, "endDate": "2019-09-30", "cash": 1772000000, "shortTermInvestments": 1009700000, "netReceivables": 66764800000, "inventory": 11565700000, "otherCurrentAssets": 5095800000, "totalCurrentAssets": 86208000000, "longTermInvestments": 3720400000, "propertyPlantEquipment": 39096100000, "goodWill": 1883100000, "intangibleAssets": 2586400000, "otherAssets": 42631700000, "totalAssets": 176125700000, "accountsPayable": 31289100000, "shortLongTermDebt": 22801600000, "otherCurrentLiab": 3764600000, "longTermDebt": 45471400000, "otherLiab": 2473600000, "minorityInterest": 2837600000, "totalCurrentLiabilities": 90186600000, "totalLiab": 139999000000, "commonStock": 475100000, "treasuryStock": 32814000000, "otherStockholderEquity": 32814000000, "totalStockholderEquity": 33289100000, "netTangibleAssets": 28819600000}], "maxAge": 86400}, "earningsHistory": {"history": [{"maxAge": 1, "epsActual": 3.25, "epsEstimate": 3.6, "epsDifference": -0.35, "surprisePercent": -0.096999995, "quarter": "2017-12-31", "period": "-4q"}, {"maxAge": 1, "epsActual": 3.49, "epsEstimate": 4.38, "epsDifference": -0.89, "surprisePercent": -0.203, "quarter": "2018-03-31", "period": "-3q"}, {"maxAge": 1, "epsActual": 3.09, "epsEstimate": 3.65, "epsDifference": -0.56, "surprisePercent": -0.153, "quarter": "2018-06-30", "period": "-2q"}, {"maxAge": 1, "epsActual": 4.45, "epsEstimate": 4.26, "epsDifference": 0.19, "surprisePercent": 0.045, "quarter": "2018-09-30", "period": "-1q"}], "maxAge": 86400}, "indexTrend": {"maxAge": 1, "symbol": "SP5", "peRatio": 19.7411, "pegRatio": 1.34172, "estimates": [{"period": "0q", "growth": 0.549}, {"period": "+1q", "growth": 0.431}, {"period": "0y", "growth": 0.305}, {"period": "+1y", "growth": 0.109}, {"period": "+5y", "growth": 0.120865}, {"period": "-5y"}]}, "industryTrend": {"maxAge": 1, "symbol": null, "estimates": []}, "insiderTransactions": {"transactions": [{"maxAge": 1, "shares": 9039646, "filerUrl": "", "transactionText": "", "filerName": "Life Insurance Corporation of India", "filerRelation": "Promoter", "moneyText": "", "startDate": "2020-10-15", "ownership": "D"}, {"maxAge": 1, "shares": 1500000, "filerUrl": "", "transactionText": "", "filerName": "Srinivasan (Venu)", "filerRelation": "Chairman of the Board", "moneyText": "", "startDate": "2015-02-20", "ownership": "D"}, {"maxAge": 1, "shares": 2000, "filerUrl": "", "transactionText": "", "filerName": "Radhakrishnan (K N)", "filerRelation": "President", "moneyText": "", "startDate": "2014-12-02", "ownership": "D"}, {"maxAge": 1, "shares": 1041569, "filerUrl": "", "transactionText": "", "filerName": "Life Insurance Corporation of India", "filerRelation": "Institution- Corporation", "moneyText": "", "startDate": "2014-06-02", "ownership": "D"}, {"maxAge": 1, "shares": 9000, "filerUrl": "", "transactionText": "", "filerName": "Asirvatham (Prince)", "filerRelation": "Director (Non-Executive)", "moneyText": "", "startDate": "2014-05-13", "ownership": "D"}, {"maxAge": 1, "shares": 30000, "filerUrl": "", "transactionText": "", "filerName": "Thiagarajan (K)", "filerRelation": "UNREPORTED", "moneyText": "", "startDate": "2014-01-03", "ownership": "D"}, {"maxAge": 1, "shares": 126180, "filerUrl": "", "transactionText": "", "filerName": "Kannan (T)", "filerRelation": "Director (Non-Executive)", "moneyText": "", "startDate": "2014-01-03", "ownership": "D"}, {"maxAge": 1, "shares": 350000, "filerUrl": "", "transactionText": "", "filerName": "Srinivasan (Venu)", "filerRelation": "Chairman of the Board", "moneyText": "", "startDate": "2013-10-07", "ownership": "D"}, {"maxAge": 1, "shares": 387320, "filerUrl": "", "transactionText": "", "filerName": "Srinivasan (Venu)", "filerRelation": "Chairman of the Board", "moneyText": "", "startDate": "2013-09-17", "ownership": "D"}, {"maxAge": 1, "shares": 262314, "filerUrl": "", "transactionText": "", "filerName": "Srinivasan (Venu)", "filerRelation": "Chairman of the Board", "moneyText": "", "startDate": "2013-09-16", "ownership": "D"}, {"maxAge": 1, "shares": 9542507, "filerUrl": "", "transactionText": "", "filerName": "Reliance Capital Trustee Co Ltd. A/c Reliance Regular", "filerRelation": "Investment Management Company", "moneyText": "", "startDate": "2012-10-01", "ownership": "D"}, {"maxAge": 1, "shares": 1808000, "filerUrl": "", "transactionText": "", "filerName": "Reliance Capital Trustee Co Ltd. A/c Reliance Regular", "filerRelation": "Investment Management Company", "moneyText": "", "startDate": "2012-07-27", "ownership": "D"}, {"maxAge": 1, "shares": 250092, "filerUrl": "", "transactionText": "", "filerName": "Srinivasan (Venu)", "filerRelation": "Chairman of the Board", "moneyText": "", "startDate": "2011-02-14", "ownership": "D"}, {"maxAge": 1, "shares": 500000, "filerUrl": "", "transactionText": "", "filerName": "Srinivasan (Venu)", "filerRelation": "Chairman of the Board", "moneyText": "", "startDate": "2011-02-11", "ownership": "D"}, {"maxAge": 1, "shares": 500, "filerUrl": "", "transactionText": "", "filerName": "Ramkrishnan (Kamala)", "filerRelation": "UNREPORTED", "moneyText": "", "startDate": "2011-01-31", "ownership": "D"}, {"maxAge": 1, "shares": 2400, "filerUrl": "", "transactionText": "", "filerName": "Asirvatham (Prince)", "filerRelation": "Director (Non-Executive)", "moneyText": "", "startDate": "2011-01-27", "ownership": "D"}, {"maxAge": 1, "shares": 3000, "filerUrl": "", "transactionText": "", "filerName": "Asirvatham (Prince)", "filerRelation": "Director (Non-Executive)", "moneyText": "", "startDate": "2011-01-25", "ownership": "D"}, {"maxAge": 1, "shares": 8000, "filerUrl": "", "transactionText": "", "filerName": "Ramakrishnan (R)", "filerRelation": "Director", "moneyText": "", "startDate": "2010-09-22", "ownership": "D"}, {"maxAge": 1, "shares": 21830, "filerUrl": "", "transactionText": "", "filerName": "Ramkrishnan (Kamala)", "filerRelation": "UNREPORTED", "moneyText": "", "startDate": "2010-09-21", "ownership": "D"}, {"maxAge": 1, "shares": 28435, "filerUrl": "", "transactionText": "", "filerName": "Lakshmanan (H)", "filerRelation": "Director (Non-Executive)", "moneyText": "", "startDate": "2010-09-17", "ownership": "D"}, {"maxAge": 1, "shares": 1160000, "filerUrl": "", "transactionText": "", "filerName": "Srinivasan (Venu)", "filerRelation": "Chairman of the Board", "moneyText": "", "startDate": "2010-09-17", "ownership": "D"}, {"maxAge": 1, "shares": 65590, "filerUrl": "", "transactionText": "", "filerName": "Kannan (T)", "filerRelation": "UNREPORTED", "moneyText": "", "startDate": "2010-09-17", "ownership": "D"}, {"maxAge": 1, "shares": 15000, "filerUrl": "", "transactionText": "", "filerName": "Thiagarajan (K)", "filerRelation": "UNREPORTED", "moneyText": "", "startDate": "2010-09-17", "ownership": "D"}, {"maxAge": 1, "shares": 5000, "filerUrl": "", "transactionText": "", "filerName": "Ramakrishnan (R)", "filerRelation": "Director", "moneyText": "", "startDate": "2010-09-14", "ownership": "D"}, {"maxAge": 1, "shares": 50000, "filerUrl": "", "transactionText": "", "filerName": "Ramakrishnan (R)", "filerRelation": "Director", "moneyText": "", "startDate": "2010-09-13", "ownership": "D"}, {"maxAge": 1, "shares": 0, "filerUrl": "", "transactionText": "", "filerName": "Ramakrishnan (R)", "filerRelation": "Director", "moneyText": "", "startDate": "2010-09-13", "ownership": "I"}, {"maxAge": 1, "shares": 4880341, "filerUrl": "", "transactionText": "", "filerName": "Life Insurance Corporation of India", "filerRelation": "Institution- Corporation", "moneyText": "", "startDate": "2010-04-05", "ownership": "D"}, {"maxAge": 1, "shares": 10000, "filerUrl": "", "transactionText": "", "filerName": "Ramakrishnan (R)", "filerRelation": "Director", "moneyText": "", "startDate": "2010-04-05", "ownership": "D"}, {"maxAge": 1, "shares": 13000, "filerUrl": "", "transactionText": "", "filerName": "Ramkrishnan (Kamala)", "filerRelation": "UNREPORTED", "moneyText": "", "startDate": "2010-02-17", "ownership": "D"}, {"maxAge": 1, "shares": 13000, "filerUrl": "", "transactionText": "", "filerName": "Ramakrishnan (R)", "filerRelation": "Director", "moneyText": "", "startDate": "2010-02-17", "ownership": "D"}], "maxAge": 1}, "quoteType": {"exchange": "BSE", "quoteType": "EQUITY", "symbol": "TVSMOTOR.BO", "underlyingSymbol": "TVSMOTOR.BO", "shortName": "TVS MOTOR COMPANY LTD.", "longName": "TVS Motor Company Limited", "firstTradeDateEpochUtc": "2000-07-10 09:15:00", "timeZoneFullName": "Asia/Kolkata", "timeZoneShortName": "IST", "uuid": "9fe5fc44-900a-3ad5-80e9-c912a798dfc1", "gmtOffSetMilliseconds": 19800000, "maxAge": 1}, "incomeStatementHistory": {"incomeStatementHistory": [{"maxAge": 1, "endDate": "2020-03-31", "totalRevenue": 188772400000, "costOfRevenue": 124151400000, "grossProfit": 64621000000, "researchDevelopment": {}, "sellingGeneralAdministrative": 23213500000, "nonRecurring": {}, "otherOperatingExpenses": 18199600000, "totalOperatingExpenses": 171124500000, "operatingIncome": 17647900000, "totalOtherIncomeExpenseNet": -8993700000, "ebit": 17647900000, "interestExpense": -6655800000, "incomeBeforeTax": 8654200000, "incomeTaxExpense": 2186200000, "minorityInterest": 3209400000, "netIncomeFromContinuingOps": 6468000000, "discontinuedOperations": {}, "extraordinaryItems": {}, "effectOfAccountingCharges": {}, "otherItems": {}, "netIncome": 6246200000, "netIncomeApplicableToCommonShares": 6246200000}, {"maxAge": 1, "endDate": "2019-03-31", "totalRevenue": 201663000000, "costOfRevenue": 140338400000, "grossProfit": 61324600000, "researchDevelopment": {}, "sellingGeneralAdministrative": 21911500000, "nonRecurring": {}, "otherOperatingExpenses": 17399000000, "totalOperatingExpenses": 184066000000, "operatingIncome": 17597000000, "totalOtherIncomeExpenseNet": -6768500000, "ebit": 17597000000, "interestExpense": -6361800000, "incomeBeforeTax": 10828500000, "incomeTaxExpense": 3574500000, "minorityInterest": 2457700000, "netIncomeFromContinuingOps": 7254000000, "discontinuedOperations": {}, "extraordinaryItems": {}, "effectOfAccountingCharges": {}, "otherItems": {}, "netIncome": 7046700000, "netIncomeApplicableToCommonShares": 7046700000}, {"maxAge": 1, "endDate": "2018-03-31", "totalRevenue": 164211400000, "costOfRevenue": 113722600000, "grossProfit": 50488800000, "researchDevelopment": {}, "sellingGeneralAdministrative": 18240300000, "nonRecurring": {}, "otherOperatingExpenses": 15269300000, "totalOperatingExpenses": 150968200000, "operatingIncome": 13243200000, "totalOtherIncomeExpenseNet": -3935100000, "ebit": 13243200000, "interestExpense": -3210500000, "incomeBeforeTax": 9308100000, "incomeTaxExpense": 2660300000, "minorityInterest": 1810800000, "netIncomeFromContinuingOps": 6647800000, "discontinuedOperations": {}, "extraordinaryItems": {}, "effectOfAccountingCharges": {}, "otherItems": {}, "netIncome": 6523500000, "netIncomeApplicableToCommonShares": 6523500000}, {"maxAge": 1, "endDate": "2017-03-31", "totalRevenue": 125936500000, "costOfRevenue": 90175000000, "grossProfit": 35761500000, "researchDevelopment": {}, "sellingGeneralAdministrative": 14219600000, "nonRecurring": {}, "otherOperatingExpenses": 11143200000, "totalOperatingExpenses": 118706000000, "operatingIncome": 7230500000, "totalOtherIncomeExpenseNet": -650900000, "ebit": 7230500000, "interestExpense": -585900000, "incomeBeforeTax": 6579600000, "incomeTaxExpense": 1486700000, "minorityInterest": 87800000, "netIncomeFromContinuingOps": 5092900000, "discontinuedOperations": {}, "extraordinaryItems": {}, "effectOfAccountingCharges": {}, "otherItems": {}, "netIncome": 5112400000, "netIncomeApplicableToCommonShares": 5112400000}], "maxAge": 86400}, "fundOwnership": {"ownershipList": [], "maxAge": 1}, "summaryDetail": {"maxAge": 1, "priceHint": 2, "previousClose": 633.5, "open": 625.0, "dayLow": 622.25, "dayHigh": 639.9, "regularMarketPreviousClose": 633.5, "regularMarketOpen": 625.0, "regularMarketDayLow": 622.25, "regularMarketDayHigh": 639.9, "trailingPE": 100.26219, "forwardPE": 40.213512, "volume": 141747, "regularMarketVolume": 141747, "averageVolume": 125092, "averageVolume10days": 535839, "averageDailyVolume10Day": 535839, "bid": 630.25, "ask": 630.85, "bidSize": 0, "askSize": 0, "marketCap": 299756158976, "fiftyTwoWeekLow": 240.1, "fiftyTwoWeekHigh": 639.9, "fiftyDayAverage": 504.11212, "twoHundredDayAverage": 464.1603, "trailingAnnualDividendRate": 3.5, "trailingAnnualDividendYield": 0.005524862, "currency": "INR", "fromCurrency": null, "lastMarket": null, "algorithm": null, "tradeable": false}, "sectorTrend": {"maxAge": 1, "symbol": null, "estimates": []}, "incomeStatementHistoryQuarterly": {"incomeStatementHistory": [{"maxAge": 1, "endDate": "2020-06-30", "totalRevenue": 19396500000, "costOfRevenue": 11077800000, "grossProfit": 8318700000, "researchDevelopment": {}, "sellingGeneralAdministrative": 3472200000, "nonRecurring": {}, "otherOperatingExpenses": 4110900000, "totalOperatingExpenses": 19715100000, "operatingIncome": -318600000, "totalOtherIncomeExpenseNet": -2090100000, "ebit": -318600000, "interestExpense": -2128800000, "incomeBeforeTax": -2408700000, "incomeTaxExpense": -580800000, "minorityInterest": {}, "netIncomeFromContinuingOps": -1827900000, "discontinuedOperations": {}, "extraordinaryItems": {}, "effectOfAccountingCharges": {}, "otherItems": {}, "netIncome": -1793700000, "netIncomeApplicableToCommonShares": -1793700000}, {"maxAge": 1, "endDate": "2020-03-31", "totalRevenue": 41326400000, "costOfRevenue": 27391600000, "grossProfit": 13934800000, "researchDevelopment": {}, "sellingGeneralAdministrative": 11714000000, "nonRecurring": {}, "otherOperatingExpenses": -3480000000, "totalOperatingExpenses": 37191400000, "operatingIncome": 4135000000, "totalOtherIncomeExpenseNet": -2986700000, "ebit": 4135000000, "interestExpense": -426900000, "incomeBeforeTax": 1148300000, "incomeTaxExpense": 329900000, "minorityInterest": 3209400000, "netIncomeFromContinuingOps": 818400000, "discontinuedOperations": {}, "extraordinaryItems": {}, "effectOfAccountingCharges": {}, "otherItems": {}, "netIncome": 740400000, "netIncomeApplicableToCommonShares": 740400000}, {"maxAge": 1, "endDate": "2019-12-31", "totalRevenue": 47659900000, "costOfRevenue": 30357300000, "grossProfit": 17302600000, "researchDevelopment": {}, "sellingGeneralAdministrative": 3814400000, "nonRecurring": {}, "otherOperatingExpenses": 7356400000, "totalOperatingExpenses": 42859100000, "operatingIncome": 4800800000, "totalOtherIncomeExpenseNet": -2788000000, "ebit": 4800800000, "interestExpense": -2144900000, "incomeBeforeTax": 2012800000, "incomeTaxExpense": 444400000, "minorityInterest": 3209400000, "netIncomeFromContinuingOps": 1568400000, "discontinuedOperations": {}, "extraordinaryItems": {}, "effectOfAccountingCharges": {}, "otherItems": {}, "netIncome": 1506100000, "netIncomeApplicableToCommonShares": 1506100000}, {"maxAge": 1, "endDate": "2019-09-30", "totalRevenue": 49602700000, "costOfRevenue": 32473800000, "grossProfit": 17128900000, "researchDevelopment": {}, "sellingGeneralAdministrative": 3886200000, "nonRecurring": {}, "otherOperatingExpenses": 7467900000, "totalOperatingExpenses": 45184100000, "operatingIncome": 4418600000, "totalOtherIncomeExpenseNet": -1240800000, "ebit": 4418600000, "interestExpense": -2039900000, "incomeBeforeTax": 3177800000, "incomeTaxExpense": 609000000, "minorityInterest": 2837600000, "netIncomeFromContinuingOps": 2568800000, "discontinuedOperations": {}, "extraordinaryItems": {}, "effectOfAccountingCharges": {}, "otherItems": {}, "netIncome": 2535700000, "netIncomeApplicableToCommonShares": 2535700000}], "maxAge": 86400}, "cashflowStatementHistoryQuarterly": {"cashflowStatements": [{"maxAge": 1, "endDate": "2020-06-30", "netIncome": -1793700000, "changeToLiabilities": 0}, {"maxAge": 1, "endDate": "2020-03-31", "netIncome": 740400000, "changeToLiabilities": 0}, {"maxAge": 1, "endDate": "2019-12-31", "netIncome": 1506100000, "changeToLiabilities": 0}, {"maxAge": 1, "endDate": "2019-09-30", "netIncome": 2535700000, "changeToLiabilities": 0}], "maxAge": 86400}, "insiderHolders": {"holders": [{"maxAge": 1, "name": "Asirvatham (Prince)", "relation": "Director (Non-Executive)", "url": "", "transactionDescription": "Sale", "latestTransDate": "2014-05-13", "positionDirect": 1000, "positionDirectDate": "2014-05-13"}, {"maxAge": 1, "name": "Kannan (T)", "relation": "Director (Non-Executive)", "url": "", "transactionDescription": "Sale", "latestTransDate": "2014-01-03", "positionDirect": 5000, "positionDirectDate": "2014-01-03"}, {"maxAge": 1, "name": "Lakshmanan (H)", "relation": "Director (Non-Executive)", "url": "", "transactionDescription": "Acquisition", "latestTransDate": "2010-09-17", "positionDirect": 56870, "positionDirectDate": "2010-09-17"}, {"maxAge": 1, "name": "Life Insurance Corporation of India", "relation": "Promoter", "url": "", "transactionDescription": "Acquisition", "latestTransDate": "2020-10-15", "positionDirect": 25487944, "positionDirectDate": "2020-10-15"}, {"maxAge": 1, "name": "Radhakrishnan (K N)", "relation": "President", "url": "", "transactionDescription": "Acquisition", "latestTransDate": "2014-12-02", "positionDirect": 3000, "positionDirectDate": "2014-12-02"}, {"maxAge": 1, "name": "Ramakrishnan (R)", "relation": "Director", "url": "", "transactionDescription": "Acquisition", "latestTransDate": "2010-09-22", "positionDirect": 108000, "positionDirectDate": "2010-09-22"}, {"maxAge": 1, "name": "Ramkrishnan (Kamala)", "relation": "UNREPORTED", "url": "", "transactionDescription": "Acquisition", "latestTransDate": "2011-01-31", "positionDirect": 13670, "positionDirectDate": "2011-01-31"}, {"maxAge": 1, "name": "Reliance Capital Trustee Co Ltd. A/c Reliance Regular", "relation": "Investment Management Company", "url": "", "transactionDescription": "Acquisition", "latestTransDate": "2012-10-01", "positionDirect": 33339633, "positionDirectDate": "2012-10-01"}, {"maxAge": 1, "name": "Srinivasan (Venu)", "relation": "Chairman of the Board", "url": "", "transactionDescription": "Sale", "latestTransDate": "2015-02-20", "positionDirect": 2569726, "positionDirectDate": "2015-02-20"}, {"maxAge": 1, "name": "Thiagarajan (K)", "relation": "UNREPORTED", "url": "", "transactionDescription": "Sale", "latestTransDate": "2014-01-03", "positionDirect": 0, "positionDirectDate": "2014-01-03"}], "maxAge": 1}, "earnings": {"maxAge": 86400, "earningsChart": {"quarterly": [{"date": "4Q2017", "actual": 3.25, "estimate": 3.6}, {"date": "1Q2018", "actual": 3.49, "estimate": 4.38}, {"date": "2Q2018", "actual": 3.09, "estimate": 3.65}, {"date": "3Q2018", "actual": 4.45, "estimate": 4.26}], "currentQuarterEstimateDate": "4Q", "currentQuarterEstimateYear": 2018, "earningsDate": []}, "financialsChart": {"yearly": [{"date": 2017, "revenue": 125936500000, "earnings": 5112400000}, {"date": 2018, "revenue": 164211400000, "earnings": 6523500000}, {"date": 2019, "revenue": 201663000000, "earnings": 7046700000}, {"date": 2020, "revenue": 188772400000, "earnings": 6246200000}], "quarterly": [{"date": "3Q2019", "revenue": 49602700000, "earnings": 2535700000}, {"date": "4Q2019", "revenue": 47659900000, "earnings": 1506100000}, {"date": "1Q2020", "revenue": 41326400000, "earnings": 740400000}, {"date": "2Q2020", "revenue": 19396500000, "earnings": -1793700000}]}, "financialCurrency": "INR"}, "calendarEvents": {"maxAge": 1, "earnings": {"earningsDate": [], "revenueAverage": 47117500000, "revenueLow": 45939900000, "revenueHigh": 48295000000}}, "upgradeDowngradeHistory": {"history": [], "maxAge": 86400}, "price": {"maxAge": 1, "regularMarketChangePercent": -0.004025237, "regularMarketChange": -2.5499878, "regularMarketTime": "2021-04-30 15:29:52", "priceHint": 2, "regularMarketPrice": 630.95, "regularMarketDayHigh": 639.9, "regularMarketDayLow": 622.25, "regularMarketVolume": 141747, "averageDailyVolume10Day": 535839, "averageDailyVolume3Month": 125092, "regularMarketPreviousClose": 633.5, "regularMarketSource": "FREE_REALTIME", "regularMarketOpen": 625.0, "exchange": "BSE", "exchangeName": "BSE", "exchangeDataDelayedBy": 0, "marketState": "CLOSED", "quoteType": "EQUITY", "symbol": "TVSMOTOR.BO", "underlyingSymbol": null, "shortName": "TVS MOTOR COMPANY LTD.", "longName": "TVS Motor Company Limited", "currency": "INR", "quoteSourceName": "Delayed Quote", "currencySymbol": "\u20b9", "fromCurrency": null, "lastMarket": null, "marketCap": 299756158976}, "balanceSheetHistory": {"balanceSheetStatements": [{"maxAge": 1, "endDate": "2020-03-31", "cash": 10796900000, "netReceivables": 72530400000, "inventory": 11884700000, "otherCurrentAssets": 1896200000, "totalCurrentAssets": 97468400000, "longTermInvestments": 3440000000, "propertyPlantEquipment": 41488200000, "goodWill": 1883100000, "intangibleAssets": 3418700000, "otherAssets": 45101700000, "totalAssets": 192800100000, "accountsPayable": 31868400000, "shortLongTermDebt": 23476200000, "otherCurrentLiab": 3239900000, "longTermDebt": 52212300000, "otherLiab": 2191800000, "minorityInterest": 3209400000, "totalCurrentLiabilities": 100422800000, "totalLiab": 156769700000, "commonStock": 475100000, "retainedEarnings": 32436200000, "treasuryStock": -90300000, "otherStockholderEquity": -90300000, "totalStockholderEquity": 32821000000, "netTangibleAssets": 27519200000}, {"maxAge": 1, "endDate": "2019-03-31", "cash": 1630400000, "shortTermInvestments": 385300000, "netReceivables": 67015500000, "inventory": 12915700000, "otherCurrentAssets": 1069800000, "totalCurrentAssets": 83316700000, "longTermInvestments": 4150000000, "propertyPlantEquipment": 35827300000, "goodWill": 1883100000, "intangibleAssets": 2025700000, "otherAssets": 39762100000, "totalAssets": 166964900000, "accountsPayable": 31596800000, "shortLongTermDebt": 11350800000, "otherCurrentLiab": 2694100000, "longTermDebt": 49091600000, "otherLiab": 1866000000, "minorityInterest": 2457700000, "totalCurrentLiabilities": 81847900000, "totalLiab": 132805500000, "commonStock": 475100000, "retainedEarnings": 30603900000, "treasuryStock": 622700000, "otherStockholderEquity": 622700000, "totalStockholderEquity": 31701700000, "netTangibleAssets": 27792900000}, {"maxAge": 1, "endDate": "2018-03-31", "cash": 1021000000, "shortTermInvestments": 664200000, "netReceivables": 49989200000, "inventory": 10561500000, "otherCurrentAssets": 752500000, "totalCurrentAssets": 63247400000, "longTermInvestments": 4019300000, "propertyPlantEquipment": 29824600000, "goodWill": 1883100000, "intangibleAssets": 979400000, "otherAssets": 31949200000, "totalAssets": 131903000000, "accountsPayable": 26508400000, "shortLongTermDebt": 13741500000, "otherCurrentLiab": 2555200000, "longTermDebt": 23609300000, "otherLiab": 1412400000, "minorityInterest": 1810800000, "totalCurrentLiabilities": 78298500000, "totalLiab": 103320200000, "commonStock": 475100000, "retainedEarnings": 25686600000, "treasuryStock": 610300000, "otherStockholderEquity": 610300000, "totalStockholderEquity": 26772000000, "netTangibleAssets": 23909500000}, {"maxAge": 1, "endDate": "2017-03-31", "cash": 471200000, "netReceivables": 11419800000, "inventory": 11618600000, "otherCurrentAssets": 665700000, "totalCurrentAssets": 24342700000, "longTermInvestments": 11421500000, "propertyPlantEquipment": 23375800000, "goodWill": 22000000, "intangibleAssets": 535300000, "otherAssets": 1582300000, "totalAssets": 61279600000, "accountsPayable": 19536900000, "shortLongTermDebt": 687200000, "otherCurrentLiab": 1948400000, "longTermDebt": 5012300000, "otherLiab": 1932900000, "minorityInterest": 87800000, "totalCurrentLiabilities": 32086200000, "totalLiab": 39031400000, "commonStock": 475100000, "retainedEarnings": 21105300000, "treasuryStock": 580000000, "otherStockholderEquity": 580000000, "totalStockholderEquity": 22160400000, "netTangibleAssets": 21603100000}], "maxAge": 86400}, "earningsTrend": {"trend": [{"maxAge": 1, "period": "0q", "endDate": "2018-12-31", "growth": {}, "earningsEstimate": {"avg": 0.0, "low": 0.0, "high": 0.0, "yearAgoEps": 3.25, "numberOfAnalysts": 0, "growth": {}}, "revenueEstimate": {"avg": 47117500000, "low": 45939900000, "high": 48295000000, "numberOfAnalysts": 2, "yearAgoRevenue": 36849500000, "growth": 0.27899998}, "epsTrend": {"current": 0.0, "7daysAgo": 4.77, "30daysAgo": 4.77, "60daysAgo": 4.77, "90daysAgo": 4.77}, "epsRevisions": {"upLast7days": 0, "upLast30days": 0, "downLast30days": 0, "downLast90days": {}}}, {"maxAge": 1, "period": "+1q", "endDate": "2019-03-31", "growth": {}, "earningsEstimate": {"avg": 0.0, "low": 0.0, "high": 0.0, "yearAgoEps": 3.49, "numberOfAnalysts": 0, "growth": {}}, "revenueEstimate": {"avg": 46970000000, "low": 46970000000, "high": 46970000000, "numberOfAnalysts": 1, "yearAgoRevenue": 39927600000, "growth": 0.176}, "epsTrend": {"current": 0.0, "7daysAgo": 5.03, "30daysAgo": 5.03, "60daysAgo": 5.03, "90daysAgo": 5.03}, "epsRevisions": {"upLast7days": 0, "upLast30days": 0, "downLast30days": 0, "downLast90days": {}}}, {"maxAge": 1, "period": "0y", "endDate": "2019-03-31", "growth": {}, "earningsEstimate": {"avg": 0.0, "low": 0.0, "high": 0.0, "yearAgoEps": {}, "numberOfAnalysts": 0, "growth": {}}, "revenueEstimate": {"avg": 186040000000, "low": 179686000000, "high": 205859000000, "numberOfAnalysts": 6, "yearAgoRevenue": 151297000000, "growth": 0.23}, "epsTrend": {"current": 0.0, "7daysAgo": 17.15, "30daysAgo": 17.15, "60daysAgo": 17.15, "90daysAgo": 17.15}, "epsRevisions": {"upLast7days": 0, "upLast30days": 0, "downLast30days": 0, "downLast90days": {}}}, {"maxAge": 1, "period": "+1y", "endDate": "2020-03-31", "growth": {}, "earningsEstimate": {"avg": 0.0, "low": 0.0, "high": 0.0, "yearAgoEps": {}, "numberOfAnalysts": 0, "growth": {}}, "revenueEstimate": {"avg": 214731000000, "low": 199507000000, "high": 243114000000, "numberOfAnalysts": 6, "yearAgoRevenue": 186040000000, "growth": 0.154}, "epsTrend": {"current": 0.0, "7daysAgo": 22.42, "30daysAgo": 22.42, "60daysAgo": 22.42, "90daysAgo": 22.42}, "epsRevisions": {"upLast7days": 0, "upLast30days": 0, "downLast30days": 0, "downLast90days": {}}}, {"maxAge": 1, "period": "+5y", "endDate": null, "growth": 0.18020001, "earningsEstimate": {"avg": {}, "low": {}, "high": {}, "yearAgoEps": {}, "numberOfAnalysts": {}, "growth": {}}, "revenueEstimate": {"avg": {}, "low": {}, "high": {}, "numberOfAnalysts": {}, "yearAgoRevenue": {}, "growth": {}}, "epsTrend": {"current": {}, "7daysAgo": {}, "30daysAgo": {}, "60daysAgo": {}, "90daysAgo": {}}, "epsRevisions": {"upLast7days": {}, "upLast30days": {}, "downLast30days": {}, "downLast90days": {}}}, {"maxAge": 1, "period": "-5y", "endDate": null, "growth": {}, "earningsEstimate": {"avg": {}, "low": {}, "high": {}, "yearAgoEps": {}, "numberOfAnalysts": {}, "growth": {}}, "revenueEstimate": {"avg": {}, "low": {}, "high": {}, "numberOfAnalysts": {}, "yearAgoRevenue": {}, "growth": {}}, "epsTrend": {"current": {}, "7daysAgo": {}, "30daysAgo": {}, "60daysAgo": {}, "90daysAgo": {}}, "epsRevisions": {"upLast7days": {}, "upLast30days": {}, "downLast30days": {}, "downLast90days": {}}}], "maxAge": 1}, "financialData": {"maxAge": 86400, "currentPrice": 630.95, "targetHighPrice": 777.0, "targetLowPrice": 350.0, "targetMeanPrice": 522.27, "targetMedianPrice": 515.0, "recommendationKey": "none", "numberOfAnalystOpinions": 40, "grossProfits": 64621000000, "financialCurrency": "INR"}}}