{"TVTODAY.BO": {"recommendationTrend": {"trend": [{"period": "0m", "strongBuy": 0, "buy": 0, "hold": 0, "sell": 0, "strongSell": 0}, {"period": "-1m", "strongBuy": 0, "buy": 0, "hold": 0, "sell": 0, "strongSell": 0}, {"period": "-2m", "strongBuy": 0, "buy": 0, "hold": 0, "sell": 0, "strongSell": 0}, {"period": "-3m", "strongBuy": 0, "buy": 0, "hold": 0, "sell": 0, "strongSell": 0}], "maxAge": 86400}, "cashflowStatementHistory": {"cashflowStatements": [{"maxAge": 1, "endDate": "2020-03-31", "netIncome": 1393602000, "depreciation": 374661000, "changeToNetincome": 421394000, "changeToAccountReceivables": -454773000, "changeToLiabilities": 90056000, "changeToInventory": 14170000, "changeToOperatingActivities": 185934000, "totalCashFromOperatingActivities": 2035356000, "capitalExpenditures": -129621000, "investments": -371514000, "otherCashflowsFromInvestingActivities": 339610000, "totalCashflowsFromInvestingActivities": -155173000, "dividendsPaid": -1327460000, "netBorrowings": -107815000, "otherCashflowsFromFinancingActivities": -277103000, "totalCashFromFinancingActivities": -1711607000, "changeInCash": 168576000, "issuanceOfStock": 771000}, {"maxAge": 1, "endDate": "2019-03-31", "netIncome": 1311016000, "depreciation": 303108000, "changeToNetincome": -178250000, "changeToAccountReceivables": -71548000, "changeToLiabilities": -62904000, "changeToInventory": -8173000, "changeToOperatingActivities": -56265000, "totalCashFromOperatingActivities": 1248934000, "capitalExpenditures": -240193000, "investments": -1027188000, "otherCashflowsFromInvestingActivities": 223215000, "totalCashflowsFromInvestingActivities": -1037585000, "dividendsPaid": -134237000, "netBorrowings": 31470000, "otherCashflowsFromFinancingActivities": -35823000, "totalCashFromFinancingActivities": -138003000, "changeInCash": 73346000, "issuanceOfStock": 587000}, {"maxAge": 1, "endDate": "2018-03-31", "netIncome": 1189358000, "depreciation": 301727000, "changeToNetincome": 81383000, "changeToAccountReceivables": -128172000, "changeToLiabilities": -28081000, "changeToInventory": -1040000, "changeToOperatingActivities": 92317000, "totalCashFromOperatingActivities": 1520043000, "capitalExpenditures": -838619000, "investments": -1027188000, "otherCashflowsFromInvestingActivities": 98976000, "totalCashflowsFromInvestingActivities": -937641000, "dividendsPaid": -119541000, "netBorrowings": -269963000, "otherCashflowsFromFinancingActivities": -197286000, "totalCashFromFinancingActivities": -586790000, "effectOfExchangeRate": 88000, "changeInCash": -4300000, "issuanceOfStock": 587000}, {"maxAge": 1, "endDate": "2017-03-31", "netIncome": 1022152000, "depreciation": 280261000, "changeToNetincome": -181799000, "changeToAccountReceivables": -130587000, "changeToLiabilities": 188391000, "changeToInventory": -1538000, "changeToOperatingActivities": 10848000, "totalCashFromOperatingActivities": 1201049000, "capitalExpenditures": -147064000, "investments": -1023543000, "otherCashflowsFromInvestingActivities": 139923000, "totalCashflowsFromInvestingActivities": -1030579000, "dividendsPaid": -104160000, "netBorrowings": 60540000, "otherCashflowsFromFinancingActivities": -117339000, "totalCashFromFinancingActivities": -160959000, "effectOfExchangeRate": -13000, "changeInCash": 9498000, "issuanceOfStock": 587000}], "maxAge": 86400}, "institutionOwnership": {"ownershipList": [], "maxAge": 1}, "balanceSheetHistoryQuarterly": {"balanceSheetStatements": [{"maxAge": 1, "endDate": "2020-06-30", "totalStockholderEquity": 8720299000, "netTangibleAssets": 7982061000}, {"maxAge": 1, "endDate": "2020-03-31", "cash": 438035000, "shortTermInvestments": 3665949000, "netReceivables": 2353721000, "inventory": 10842000, "otherCurrentAssets": 1056100000, "totalCurrentAssets": 7612953000, "longTermInvestments": 533309000, "propertyPlantEquipment": 1660148000, "intangibleAssets": 738238000, "otherAssets": 377033000, "deferredLongTermAssetCharges": 230242000, "totalAssets": 10921681000, "accountsPayable": 971456000, "otherCurrentLiab": 258361000, "otherLiab": 124588000, "totalCurrentLiabilities": 1922138000, "totalLiab": 2201382000, "commonStock": 298343000, "retainedEarnings": 8225583000, "treasuryStock": -344063000, "capitalSurplus": 540436000, "otherStockholderEquity": -344063000, "totalStockholderEquity": 8720299000, "netTangibleAssets": 7982061000}, {"maxAge": 1, "endDate": "2019-12-31", "totalStockholderEquity": 9508863000, "netTangibleAssets": 8723974000}, {"maxAge": 1, "endDate": "2019-09-30", "cash": 1256846000, "shortTermInvestments": 2796930000, "netReceivables": 1725591000, "inventory": 11437000, "otherCurrentAssets": 1356220000, "totalCurrentAssets": 7147024000, "longTermInvestments": 1270858000, "propertyPlantEquipment": 1761383000, "intangibleAssets": 784889000, "otherAssets": 475674000, "deferredLongTermAssetCharges": 403075000, "totalAssets": 11439828000, "accountsPayable": 844718000, "otherCurrentLiab": 604953000, "otherLiab": 108278000, "totalCurrentLiabilities": 1650316000, "totalLiab": 1930965000, "commonStock": 298306000, "treasuryStock": 9210557000, "otherStockholderEquity": 9210557000, "totalStockholderEquity": 9508863000, "netTangibleAssets": 8723974000}], "maxAge": 86400}, "earningsHistory": {"history": [{"maxAge": 1, "epsActual": 5.99, "epsEstimate": 5.45, "epsDifference": 0.54, "surprisePercent": 0.099, "quarter": "2017-12-31", "period": "-4q"}, {"maxAge": 1, "epsActual": 5.47, "epsEstimate": 6.78, "epsDifference": -1.31, "surprisePercent": -0.19299999, "quarter": "2018-03-31", "period": "-3q"}, {"maxAge": 1, "epsActual": 6.87, "epsEstimate": 5.41, "epsDifference": 1.46, "surprisePercent": 0.27, "quarter": "2018-06-30", "period": "-2q"}, {"maxAge": 1, "epsActual": 4.95, "epsEstimate": 7.13, "epsDifference": -2.18, "surprisePercent": -0.306, "quarter": "2018-09-30", "period": "-1q"}], "maxAge": 86400}, "indexTrend": {"maxAge": 1, "symbol": "SP5", "peRatio": 19.7411, "pegRatio": 1.34172, "estimates": [{"period": "0q", "growth": 0.549}, {"period": "+1q", "growth": 0.431}, {"period": "0y", "growth": 0.305}, {"period": "+1y", "growth": 0.109}, {"period": "+5y", "growth": 0.120865}, {"period": "-5y"}]}, "industryTrend": {"maxAge": 1, "symbol": null, "estimates": []}, "insiderTransactions": {"transactions": [{"maxAge": 1, "shares": 10000, "filerUrl": "", "transactionText": "", "filerName": "Shaw (Rahul Kumar)", "filerRelation": "UNREPORTED", "moneyText": "", "startDate": "2020-06-11", "ownership": "D"}, {"maxAge": 1, "shares": 184000, "filerUrl": "", "transactionText": "", "filerName": "Purie (Aroon)", "filerRelation": "Chairman of the Board", "moneyText": "", "startDate": "2020-05-20", "ownership": "D"}, {"maxAge": 1, "shares": 115227, "filerUrl": "", "transactionText": "", "filerName": "Purie (Aroon)", "filerRelation": "Chairman of the Board", "moneyText": "", "startDate": "2020-05-19", "ownership": "D"}, {"maxAge": 1, "shares": 399, "filerUrl": "", "transactionText": "", "filerName": "Shaw (Rahul Kumar)", "filerRelation": "UNREPORTED", "moneyText": "", "startDate": "2019-09-30", "ownership": "D"}, {"maxAge": 1, "shares": 1953, "filerUrl": "", "transactionText": "", "filerName": "Shaw (Rahul Kumar)", "filerRelation": "UNREPORTED", "moneyText": "", "startDate": "2019-09-27", "ownership": "D"}, {"maxAge": 1, "shares": 8000, "filerUrl": "", "transactionText": "", "filerName": "Shaw (Rahul Kumar)", "filerRelation": "UNREPORTED", "moneyText": "", "startDate": "2019-05-29", "ownership": "D"}, {"maxAge": 1, "shares": 3000, "filerUrl": "", "transactionText": "", "filerName": "Shaw (Rahul Kumar)", "filerRelation": "UNREPORTED", "moneyText": "", "startDate": "2019-05-28", "ownership": "D"}, {"maxAge": 1, "shares": 3000, "filerUrl": "", "transactionText": "", "filerName": "Shaw (Rahul Kumar)", "filerRelation": "UNREPORTED", "moneyText": "", "startDate": "2019-05-28", "ownership": "D"}, {"maxAge": 1, "shares": 3000, "filerUrl": "", "transactionText": "", "filerName": "Shaw (Rahul Kumar)", "filerRelation": "UNREPORTED", "moneyText": "", "startDate": "2019-05-28", "ownership": "D"}, {"maxAge": 1, "shares": 8000, "filerUrl": "", "transactionText": "", "filerName": "Shaw (Rahul Kumar)", "filerRelation": "UNREPORTED", "moneyText": "", "startDate": "2019-05-28", "ownership": "D"}, {"maxAge": 1, "shares": 264883, "filerUrl": "", "transactionText": "", "filerName": "Purie (Aroon)", "filerRelation": "Chairman of the Board", "moneyText": "", "startDate": "2019-05-27", "ownership": "D"}, {"maxAge": 1, "shares": 2522, "filerUrl": "", "transactionText": "", "filerName": "Purie (Aroon)", "filerRelation": "Chairman of the Board", "moneyText": "", "startDate": "2019-02-20", "ownership": "D"}, {"maxAge": 1, "shares": 34338, "filerUrl": "", "transactionText": "", "filerName": "Purie (Aroon)", "filerRelation": "Chairman of the Board", "moneyText": "", "startDate": "2019-02-19", "ownership": "D"}, {"maxAge": 1, "shares": 5680, "filerUrl": "", "transactionText": "", "filerName": "Purie (Aroon)", "filerRelation": "Chairman of the Board", "moneyText": "", "startDate": "2019-02-18", "ownership": "D"}, {"maxAge": 1, "shares": 3276, "filerUrl": "", "transactionText": "", "filerName": "Purie (Aroon)", "filerRelation": "Chairman of the Board", "moneyText": "", "startDate": "2019-02-15", "ownership": "D"}, {"maxAge": 1, "shares": 92, "filerUrl": "", "transactionText": "", "filerName": "Purie (Aroon)", "filerRelation": "Chairman of the Board", "moneyText": "", "startDate": "2019-02-15", "ownership": "D"}, {"maxAge": 1, "shares": 0, "filerUrl": "", "transactionText": "", "filerName": "Purie (Aroon)", "filerRelation": "Chairman of the Board", "moneyText": "", "startDate": "2019-02-15", "ownership": "I"}, {"maxAge": 1, "shares": 5326, "filerUrl": "", "transactionText": "", "filerName": "Purie (Aroon)", "filerRelation": "Chairman of the Board", "moneyText": "", "startDate": "2019-02-14", "ownership": "D"}, {"maxAge": 1, "shares": 12450, "filerUrl": "", "transactionText": "", "filerName": "Purie (Aroon)", "filerRelation": "Chairman of the Board", "moneyText": "", "startDate": "2019-02-13", "ownership": "D"}, {"maxAge": 1, "shares": 2000, "filerUrl": "", "transactionText": "", "filerName": "Shaw (Rahul Kumar)", "filerRelation": "UNREPORTED", "moneyText": "", "startDate": "2018-04-16", "ownership": "D"}, {"maxAge": 1, "shares": 2000, "filerUrl": "", "transactionText": "", "filerName": "Shaw (Rahul Kumar)", "filerRelation": "UNREPORTED", "moneyText": "", "startDate": "2018-04-09", "ownership": "D"}, {"maxAge": 1, "shares": 2001, "filerUrl": "", "transactionText": "", "filerName": "Shaw (Rahul Kumar)", "filerRelation": "UNREPORTED", "moneyText": "", "startDate": "2018-04-05", "ownership": "D"}, {"maxAge": 1, "shares": 2000, "filerUrl": "", "transactionText": "", "filerName": "Shaw (Rahul Kumar)", "filerRelation": "UNREPORTED", "moneyText": "", "startDate": "2018-04-02", "ownership": "D"}, {"maxAge": 1, "shares": 1300, "filerUrl": "", "transactionText": "", "filerName": "Chowdhury (Satyaky)", "filerRelation": "UNREPORTED", "moneyText": "", "startDate": "2018-01-04", "ownership": "D"}, {"maxAge": 1, "shares": 27321, "filerUrl": "", "transactionText": "", "filerName": "Anka International Pvt. Ltd.", "filerRelation": "Institution- Corporation", "moneyText": "", "startDate": "2017-12-27", "ownership": "D"}, {"maxAge": 1, "shares": 27370, "filerUrl": "", "transactionText": "", "filerName": "Anka International Pvt. Ltd.", "filerRelation": "Institution- Corporation", "moneyText": "", "startDate": "2017-12-22", "ownership": "D"}, {"maxAge": 1, "shares": 2200, "filerUrl": "", "transactionText": "", "filerName": "Chowdhury (Satyaky)", "filerRelation": "UNREPORTED", "moneyText": "", "startDate": "2017-09-25", "ownership": "D"}, {"maxAge": 1, "shares": 4900, "filerUrl": "", "transactionText": "", "filerName": "Chowdhury (Satyaky)", "filerRelation": "UNREPORTED", "moneyText": "", "startDate": "2017-09-18", "ownership": "D"}, {"maxAge": 1, "shares": 15000, "filerUrl": "", "transactionText": "", "filerName": "Anka International Pvt. Ltd.", "filerRelation": "UNREPORTED", "moneyText": "", "startDate": "2015-12-18", "ownership": "D"}, {"maxAge": 1, "shares": 20000, "filerUrl": "", "transactionText": "", "filerName": "Mehra (Anil Kumar)", "filerRelation": "Director (Non-Executive)", "moneyText": "", "startDate": "2015-12-15", "ownership": "D"}, {"maxAge": 1, "shares": 30000, "filerUrl": "", "transactionText": "", "filerName": "Mehra (Anil Kumar)", "filerRelation": "Director (Non-Executive)", "moneyText": "", "startDate": "2015-09-30", "ownership": "D"}, {"maxAge": 1, "shares": 1300000, "filerUrl": "", "transactionText": "", "filerName": "Derive Investments", "filerRelation": "Institution- Corporation", "moneyText": "", "startDate": "2014-11-24", "ownership": "D"}, {"maxAge": 1, "shares": 1032830, "filerUrl": "", "transactionText": "", "filerName": "Reliance Capital Ltd", "filerRelation": "Institution- Corporation", "moneyText": "", "startDate": "2014-11-18", "ownership": "D"}, {"maxAge": 1, "shares": 397868, "filerUrl": "", "transactionText": "", "filerName": "Reliance Capital Ltd", "filerRelation": "Institution- Corporation", "moneyText": "", "startDate": "2014-08-06", "ownership": "D"}, {"maxAge": 1, "shares": 1852153, "filerUrl": "", "transactionText": "", "filerName": "Reliance Capital Ltd", "filerRelation": "Institution- Corporation", "moneyText": "", "startDate": "2014-08-05", "ownership": "D"}, {"maxAge": 1, "shares": 1210807, "filerUrl": "", "transactionText": "", "filerName": "Reliance Capital Ltd", "filerRelation": "Institution- Corporation", "moneyText": "", "startDate": "2014-05-16", "ownership": "D"}], "maxAge": 1}, "quoteType": {"exchange": "BSE", "quoteType": "EQUITY", "symbol": "TVTODAY.BO", "underlyingSymbol": "TVTODAY.BO", "shortName": "TV TODAY NETWORK LTD.", "longName": "T.V. Today Network Limited", "firstTradeDateEpochUtc": "2004-01-16 09:15:00", "timeZoneFullName": "Asia/Kolkata", "timeZoneShortName": "IST", "uuid": "f2e2d856-a413-3c15-9831-7573ac2cae5f", "gmtOffSetMilliseconds": 19800000, "maxAge": 1}, "incomeStatementHistory": {"incomeStatementHistory": [{"maxAge": 1, "endDate": "2020-03-31", "totalRevenue": 8572232000, "costOfRevenue": 3389114000, "grossProfit": 5183118000, "researchDevelopment": {}, "sellingGeneralAdministrative": 283345000, "nonRecurring": {}, "otherOperatingExpenses": 2727690000, "totalOperatingExpenses": 6783470000, "operatingIncome": 1788762000, "totalOtherIncomeExpenseNet": 390528000, "ebit": 1788762000, "interestExpense": -25445000, "incomeBeforeTax": 2179290000, "incomeTaxExpense": 785688000, "minorityInterest": {}, "netIncomeFromContinuingOps": 1393602000, "discontinuedOperations": {}, "extraordinaryItems": {}, "effectOfAccountingCharges": {}, "otherItems": {}, "netIncome": 1393602000, "netIncomeApplicableToCommonShares": 1393602000}, {"maxAge": 1, "endDate": "2019-03-31", "totalRevenue": 7422417000, "costOfRevenue": 3002415000, "grossProfit": 4420002000, "researchDevelopment": {}, "sellingGeneralAdministrative": 340960000, "nonRecurring": {}, "otherOperatingExpenses": 2061382000, "totalOperatingExpenses": 5718163000, "operatingIncome": 1704254000, "totalOtherIncomeExpenseNet": 335018000, "ebit": 1704254000, "interestExpense": -3581000, "incomeBeforeTax": 2039272000, "incomeTaxExpense": 728256000, "minorityInterest": {}, "netIncomeFromContinuingOps": 1311016000, "discontinuedOperations": {}, "extraordinaryItems": {}, "effectOfAccountingCharges": {}, "otherItems": {}, "netIncome": 1311016000, "netIncomeApplicableToCommonShares": 1311016000}, {"maxAge": 1, "endDate": "2018-03-31", "totalRevenue": 7209232000, "costOfRevenue": 2684979000, "grossProfit": 4524253000, "researchDevelopment": {}, "sellingGeneralAdministrative": 300540000, "nonRecurring": {}, "otherOperatingExpenses": 2119293000, "totalOperatingExpenses": 5417477000, "operatingIncome": 1791755000, "totalOtherIncomeExpenseNet": 42166000, "ebit": 1791755000, "interestExpense": -29080000, "incomeBeforeTax": 1833921000, "incomeTaxExpense": 644563000, "minorityInterest": {}, "netIncomeFromContinuingOps": 1189358000, "discontinuedOperations": {}, "extraordinaryItems": {}, "effectOfAccountingCharges": {}, "otherItems": {}, "netIncome": 1189358000, "netIncomeApplicableToCommonShares": 1189358000}, {"maxAge": 1, "endDate": "2017-03-31", "totalRevenue": 6522810000, "costOfRevenue": 2524904000, "grossProfit": 3997906000, "researchDevelopment": {}, "sellingGeneralAdministrative": 294885000, "nonRecurring": {}, "otherOperatingExpenses": 2048830000, "totalOperatingExpenses": 5162201000, "operatingIncome": 1360609000, "totalOtherIncomeExpenseNet": 185444000, "ebit": 1360609000, "interestExpense": -80006000, "incomeBeforeTax": 1546053000, "incomeTaxExpense": 541427000, "minorityInterest": {}, "netIncomeFromContinuingOps": 1004626000, "discontinuedOperations": {}, "extraordinaryItems": {}, "effectOfAccountingCharges": {}, "otherItems": {}, "netIncome": 1022152000, "netIncomeApplicableToCommonShares": 1022152000}], "maxAge": 86400}, "fundOwnership": {"ownershipList": [{"maxAge": 1, "reportDate": "2020-07-31", "organization": "DFA Emerging Markets Core Equity Portfolio", "pctHeld": 0.0041, "position": 243895, "value": 49559464}, {"maxAge": 1, "reportDate": "2020-07-31", "organization": "DFA Emerging Markets Small Cap Series", "pctHeld": 0.0023, "position": 137361, "value": 27911755}, {"maxAge": 1, "reportDate": "2020-07-31", "organization": "DFA Investment Dimensions-DFA Emerging Mkts Value", "pctHeld": 0.0005, "position": 29230, "value": 5939536}, {"maxAge": 1, "reportDate": "2020-07-31", "organization": "DFA Investment Dimensions-World Ex U.S. Core Equity Port", "pctHeld": 0.0002, "position": 13324, "value": 2707436}, {"maxAge": 1, "reportDate": "2020-07-31", "organization": "DFA Investment Dimensions-Emerging Markets Social Core Equity", "pctHeld": 0.0002, "position": 13322, "value": 2707030}, {"maxAge": 1, "reportDate": "2020-07-31", "organization": "DFA T.A. World Ex U.S. Core Equity Portfolio", "pctHeld": 0.0002, "position": 9445, "value": 1919224}, {"maxAge": 1, "reportDate": "2020-07-31", "organization": "Voya International Small Cap Fund", "pctHeld": 0.0001, "position": 6586, "value": 1338275}, {"maxAge": 1, "reportDate": "2020-07-31", "organization": "John Hancock Fds II-Emerging Markets Fund", "pctHeld": 0.0001, "position": 5027, "value": 1021486}, {"maxAge": 1, "reportDate": "2020-07-31", "organization": "DFA Emerging Markets Sustainability Core 1 Portfolio", "pctHeld": 0.0001, "position": 4144, "value": 842060}], "maxAge": 1}, "summaryDetail": {"maxAge": 1, "priceHint": 2, "previousClose": 280.3, "open": 273.5, "dayLow": 273.5, "dayHigh": 294.95, "regularMarketPreviousClose": 280.3, "regularMarketOpen": 273.5, "regularMarketDayLow": 273.5, "regularMarketDayHigh": 294.95, "trailingPE": 16.807293, "forwardPE": 12.188704, "volume": 2199, "regularMarketVolume": 2199, "averageVolume": 8741, "averageVolume10days": 5091, "averageDailyVolume10Day": 5091, "bid": 283.55, "ask": 290.0, "bidSize": 0, "askSize": 0, "marketCap": 16994464768, "fiftyTwoWeekLow": 128.35, "fiftyTwoWeekHigh": 294.95, "fiftyDayAverage": 233.07727, "twoHundredDayAverage": 215.86911, "trailingAnnualDividendRate": 22.25, "trailingAnnualDividendYield": 0.07937924, "currency": "INR", "fromCurrency": null, "lastMarket": null, "algorithm": null, "tradeable": false}, "sectorTrend": {"maxAge": 1, "symbol": null, "estimates": []}, "incomeStatementHistoryQuarterly": {"incomeStatementHistory": [{"maxAge": 1, "endDate": "2020-06-30", "totalRevenue": 1676800000, "costOfRevenue": 771300000, "grossProfit": 905500000, "researchDevelopment": {}, "sellingGeneralAdministrative": {}, "nonRecurring": {}, "otherOperatingExpenses": 605400000, "totalOperatingExpenses": 1470100000, "operatingIncome": 206700000, "totalOtherIncomeExpenseNet": 71400000, "ebit": 206700000, "interestExpense": -6300000, "incomeBeforeTax": 278100000, "incomeTaxExpense": 150500000, "minorityInterest": {}, "netIncomeFromContinuingOps": 127600000, "discontinuedOperations": {}, "extraordinaryItems": {}, "effectOfAccountingCharges": {}, "otherItems": {}, "netIncome": 127600000, "netIncomeApplicableToCommonShares": 127600000}, {"maxAge": 1, "endDate": "2020-03-31", "totalRevenue": 2083083000, "costOfRevenue": 770816000, "grossProfit": 1312267000, "researchDevelopment": {}, "sellingGeneralAdministrative": 283345000, "nonRecurring": {}, "otherOperatingExpenses": 548607000, "totalOperatingExpenses": 1697743000, "operatingIncome": 385340000, "totalOtherIncomeExpenseNet": 62276000, "ebit": 385340000, "interestExpense": -3392000, "incomeBeforeTax": 447616000, "incomeTaxExpense": 169652000, "minorityInterest": {}, "netIncomeFromContinuingOps": 277964000, "discontinuedOperations": {}, "extraordinaryItems": {}, "effectOfAccountingCharges": {}, "otherItems": {}, "netIncome": 277964000, "netIncomeApplicableToCommonShares": 277964000}, {"maxAge": 1, "endDate": "2019-12-31", "totalRevenue": 2224471000, "costOfRevenue": 869824000, "grossProfit": 1354647000, "researchDevelopment": {}, "sellingGeneralAdministrative": 283345000, "nonRecurring": {}, "otherOperatingExpenses": 747054000, "totalOperatingExpenses": 1713313000, "operatingIncome": 511158000, "totalOtherIncomeExpenseNet": 74114000, "ebit": 511158000, "interestExpense": -6591000, "incomeBeforeTax": 585272000, "incomeTaxExpense": 209991000, "minorityInterest": {}, "netIncomeFromContinuingOps": 375281000, "discontinuedOperations": {}, "extraordinaryItems": {}, "effectOfAccountingCharges": {}, "otherItems": {}, "netIncome": 375281000, "netIncomeApplicableToCommonShares": 375281000}, {"maxAge": 1, "endDate": "2019-09-30", "totalRevenue": 1803330000, "costOfRevenue": 790858000, "grossProfit": 1012472000, "researchDevelopment": {}, "sellingGeneralAdministrative": 283345000, "nonRecurring": {}, "otherOperatingExpenses": 672752000, "totalOperatingExpenses": 1559502000, "operatingIncome": 243828000, "totalOtherIncomeExpenseNet": 118673000, "ebit": 243828000, "interestExpense": -7290000, "incomeBeforeTax": 362501000, "incomeTaxExpense": 132445000, "minorityInterest": {}, "netIncomeFromContinuingOps": 230056000, "discontinuedOperations": {}, "extraordinaryItems": {}, "effectOfAccountingCharges": {}, "otherItems": {}, "netIncome": 230056000, "netIncomeApplicableToCommonShares": 230056000}], "maxAge": 86400}, "cashflowStatementHistoryQuarterly": {"cashflowStatements": [{"maxAge": 1, "endDate": "2020-06-30", "netIncome": 127600000, "changeToLiabilities": 0}, {"maxAge": 1, "endDate": "2020-03-31", "netIncome": 277964000, "changeToLiabilities": 0}, {"maxAge": 1, "endDate": "2019-12-31", "netIncome": 375281000, "changeToLiabilities": 0}, {"maxAge": 1, "endDate": "2019-09-30", "netIncome": 230056000, "changeToLiabilities": 0}], "maxAge": 86400}, "insiderHolders": {"holders": [{"maxAge": 1, "name": "Anka International Pvt. Ltd.", "relation": "Institution- Corporation", "url": "", "transactionDescription": "Sale", "latestTransDate": "2017-12-27", "positionDirect": 200000, "positionDirectDate": "2017-12-27"}, {"maxAge": 1, "name": "Chowdhury (Satyaky)", "relation": "UNREPORTED", "url": "", "transactionDescription": "Sale", "latestTransDate": "2018-01-04", "positionDirect": 2100, "positionDirectDate": "2018-01-04"}, {"maxAge": 1, "name": "Derive Investments", "relation": "Institution- Corporation", "url": "", "transactionDescription": "Acquisition", "latestTransDate": "2014-11-24", "positionDirect": 3817540, "positionDirectDate": "2014-11-24"}, {"maxAge": 1, "name": "Mehra (Anil Kumar)", "relation": "Director (Non-Executive)", "url": "", "transactionDescription": "Sale", "latestTransDate": "2015-12-15", "positionDirect": 50100, "positionDirectDate": "2015-12-15"}, {"maxAge": 1, "name": "Purie (Aroon)", "relation": "Chairman of the Board", "url": "", "transactionDescription": "Acquisition", "latestTransDate": "2020-05-20", "positionDirect": 921782, "positionDirectDate": "2020-05-20"}, {"maxAge": 1, "name": "Reliance Capital Ltd", "relation": "Institution- Corporation", "url": "", "transactionDescription": "Sale", "latestTransDate": "2014-11-18", "positionDirect": 2059302, "positionDirectDate": "2014-11-18"}, {"maxAge": 1, "name": "Shaw (Rahul Kumar)", "relation": "UNREPORTED", "url": "", "transactionDescription": "Acquisition", "latestTransDate": "2020-06-11", "positionDirect": 33353, "positionDirectDate": "2020-06-11"}], "maxAge": 1}, "earnings": {"maxAge": 86400, "earningsChart": {"quarterly": [{"date": "4Q2017", "actual": 5.99, "estimate": 5.45}, {"date": "1Q2018", "actual": 5.47, "estimate": 6.78}, {"date": "2Q2018", "actual": 6.87, "estimate": 5.41}, {"date": "3Q2018", "actual": 4.95, "estimate": 7.13}], "currentQuarterEstimateDate": "4Q", "currentQuarterEstimateYear": 2018, "earningsDate": ["2020-08-07 05:30:S"]}, "financialsChart": {"yearly": [{"date": 2017, "revenue": 6522810000, "earnings": 1022152000}, {"date": 2018, "revenue": 7209232000, "earnings": 1189358000}, {"date": 2019, "revenue": 7422417000, "earnings": 1311016000}, {"date": 2020, "revenue": 8572232000, "earnings": 1393602000}], "quarterly": [{"date": "3Q2019", "revenue": 1803330000, "earnings": 230056000}, {"date": "4Q2019", "revenue": 2224471000, "earnings": 375281000}, {"date": "1Q2020", "revenue": 2083083000, "earnings": 277964000}, {"date": "2Q2020", "revenue": 1676800000, "earnings": 127600000}]}, "financialCurrency": "INR"}, "calendarEvents": {"maxAge": 1, "earnings": {"earningsDate": ["2020-08-07 05:30:S"]}}, "upgradeDowngradeHistory": {"history": [], "maxAge": 86400}, "price": {"maxAge": 1, "regularMarketChangePercent": 0.016232673, "regularMarketChange": 4.5500183, "regularMarketTime": "2021-04-30 15:29:30", "priceHint": 2, "regularMarketPrice": 284.85, "regularMarketDayHigh": 294.95, "regularMarketDayLow": 273.5, "regularMarketVolume": 2199, "averageDailyVolume10Day": 5091, "averageDailyVolume3Month": 8741, "regularMarketPreviousClose": 280.3, "regularMarketSource": "FREE_REALTIME", "regularMarketOpen": 273.5, "exchange": "BSE", "exchangeName": "BSE", "exchangeDataDelayedBy": 0, "marketState": "CLOSED", "quoteType": "EQUITY", "symbol": "TVTODAY.BO", "underlyingSymbol": null, "shortName": "TV TODAY NETWORK LTD.", "longName": "T.V. Today Network Limited", "currency": "INR", "quoteSourceName": "Delayed Quote", "currencySymbol": "\u20b9", "fromCurrency": null, "lastMarket": null, "marketCap": 16994464768}, "balanceSheetHistory": {"balanceSheetStatements": [{"maxAge": 1, "endDate": "2020-03-31", "cash": 438035000, "shortTermInvestments": 3665949000, "netReceivables": 2353721000, "inventory": 10842000, "otherCurrentAssets": 1056100000, "totalCurrentAssets": 7612953000, "longTermInvestments": 533309000, "propertyPlantEquipment": 1660148000, "intangibleAssets": 738238000, "otherAssets": 377033000, "deferredLongTermAssetCharges": 230242000, "totalAssets": 10921681000, "accountsPayable": 971456000, "otherCurrentLiab": 258361000, "otherLiab": 124588000, "totalCurrentLiabilities": 1922138000, "totalLiab": 2201382000, "commonStock": 298343000, "retainedEarnings": 8225583000, "treasuryStock": -344063000, "capitalSurplus": 540436000, "otherStockholderEquity": -344063000, "totalStockholderEquity": 8720299000, "netTangibleAssets": 7982061000}, {"maxAge": 1, "endDate": "2019-03-31", "cash": 269459000, "shortTermInvestments": 3595269000, "netReceivables": 1976647000, "inventory": 25012000, "otherCurrentAssets": 1341177000, "totalCurrentAssets": 7288024000, "longTermInvestments": 232475000, "propertyPlantEquipment": 1624595000, "intangibleAssets": 839043000, "otherAssets": 730607000, "deferredLongTermAssetCharges": 592796000, "totalAssets": 10714744000, "accountsPayable": 828452000, "otherCurrentLiab": 251161000, "otherLiab": 94015000, "totalCurrentLiabilities": 1661328000, "totalLiab": 1755343000, "commonStock": 298306000, "retainedEarnings": 8465456000, "treasuryStock": -343950000, "capitalSurplus": 539589000, "otherStockholderEquity": -343950000, "totalStockholderEquity": 8959401000, "netTangibleAssets": 8120358000}, {"maxAge": 1, "endDate": "2018-03-31", "cash": 196113000, "shortTermInvestments": 1827781000, "netReceivables": 1931752000, "inventory": 16839000, "otherCurrentAssets": 553388000, "totalCurrentAssets": 4564307000, "longTermInvestments": 972775000, "propertyPlantEquipment": 1619847000, "intangibleAssets": 929941000, "otherAssets": 255262000, "deferredLongTermAssetCharges": 137662000, "totalAssets": 8342132000, "accountsPayable": 870823000, "otherCurrentLiab": 167513000, "otherLiab": 126200000, "totalCurrentLiabilities": 1599092000, "totalLiab": 1725292000, "commonStock": 298268000, "retainedEarnings": 3474604000, "treasuryStock": 2309009000, "capitalSurplus": 534959000, "otherStockholderEquity": 2309009000, "totalStockholderEquity": 6616840000, "netTangibleAssets": 5686899000}, {"maxAge": 1, "endDate": "2017-03-31", "cash": 204923000, "shortTermInvestments": 2405076000, "netReceivables": 1859690000, "inventory": 15799000, "otherCurrentAssets": 498427000, "totalCurrentAssets": 5076760000, "longTermInvestments": 262368000, "propertyPlantEquipment": 1732677000, "intangibleAssets": 303161000, "otherAssets": 304597000, "deferredLongTermAssetCharges": 144905000, "totalAssets": 7679563000, "accountsPayable": 914843000, "shortLongTermDebt": 217883000, "otherCurrentLiab": 148419000, "longTermDebt": 52080000, "otherLiab": 113066000, "totalCurrentLiabilities": 1704162000, "totalLiab": 1869308000, "commonStock": 298268000, "retainedEarnings": 2432365000, "treasuryStock": 2540694000, "capitalSurplus": 538928000, "otherStockholderEquity": 2540694000, "totalStockholderEquity": 5810255000, "netTangibleAssets": 5507094000}], "maxAge": 86400}, "earningsTrend": {"trend": [{"maxAge": 1, "period": "0q", "endDate": "2018-12-31", "growth": {}, "earningsEstimate": {"avg": 0.0, "low": 0.0, "high": 0.0, "yearAgoEps": 5.99, "numberOfAnalysts": 0, "growth": {}}, "revenueEstimate": {"avg": 0, "low": 0, "high": 0, "numberOfAnalysts": 0, "yearAgoRevenue": {}, "growth": {}}, "epsTrend": {"current": 0.0, "7daysAgo": 0.0, "30daysAgo": 0.0, "60daysAgo": 0.0, "90daysAgo": 0.0}, "epsRevisions": {"upLast7days": 0, "upLast30days": 0, "downLast30days": 0, "downLast90days": {}}}, {"maxAge": 1, "period": "+1q", "endDate": "2019-03-31", "growth": {}, "earningsEstimate": {"avg": 0.0, "low": 0.0, "high": 0.0, "yearAgoEps": 5.47, "numberOfAnalysts": 0, "growth": {}}, "revenueEstimate": {"avg": 0, "low": 0, "high": 0, "numberOfAnalysts": 0, "yearAgoRevenue": {}, "growth": {}}, "epsTrend": {"current": 0.0, "7daysAgo": 0.0, "30daysAgo": 0.0, "60daysAgo": 0.0, "90daysAgo": 0.0}, "epsRevisions": {"upLast7days": 0, "upLast30days": 0, "downLast30days": 0, "downLast90days": {}}}, {"maxAge": 1, "period": "0y", "endDate": "2019-03-31", "growth": {}, "earningsEstimate": {"avg": 0.0, "low": 0.0, "high": 0.0, "yearAgoEps": {}, "numberOfAnalysts": 0, "growth": {}}, "revenueEstimate": {"avg": 7326340000, "low": 7326340000, "high": 7326340000, "numberOfAnalysts": 1, "yearAgoRevenue": 6911850000, "growth": 0.06}, "epsTrend": {"current": 0.0, "7daysAgo": 23.56, "30daysAgo": 23.56, "60daysAgo": 23.56, "90daysAgo": 23.56}, "epsRevisions": {"upLast7days": 0, "upLast30days": 0, "downLast30days": 0, "downLast90days": {}}}, {"maxAge": 1, "period": "+1y", "endDate": "2020-03-31", "growth": {}, "earningsEstimate": {"avg": 0.0, "low": 0.0, "high": 0.0, "yearAgoEps": {}, "numberOfAnalysts": 0, "growth": {}}, "revenueEstimate": {"avg": 7912450000, "low": 7912450000, "high": 7912450000, "numberOfAnalysts": 1, "yearAgoRevenue": 7326340000, "growth": 0.08}, "epsTrend": {"current": 0.0, "7daysAgo": 25.92, "30daysAgo": 25.92, "60daysAgo": 25.92, "90daysAgo": 25.92}, "epsRevisions": {"upLast7days": 0, "upLast30days": 0, "downLast30days": 0, "downLast90days": {}}}, {"maxAge": 1, "period": "+5y", "endDate": null, "growth": {}, "earningsEstimate": {"avg": {}, "low": {}, "high": {}, "yearAgoEps": {}, "numberOfAnalysts": {}, "growth": {}}, "revenueEstimate": {"avg": {}, "low": {}, "high": {}, "numberOfAnalysts": {}, "yearAgoRevenue": {}, "growth": {}}, "epsTrend": {"current": {}, "7daysAgo": {}, "30daysAgo": {}, "60daysAgo": {}, "90daysAgo": {}}, "epsRevisions": {"upLast7days": {}, "upLast30days": {}, "downLast30days": {}, "downLast90days": {}}}, {"maxAge": 1, "period": "-5y", "endDate": null, "growth": {}, "earningsEstimate": {"avg": {}, "low": {}, "high": {}, "yearAgoEps": {}, "numberOfAnalysts": {}, "growth": {}}, "revenueEstimate": {"avg": {}, "low": {}, "high": {}, "numberOfAnalysts": {}, "yearAgoRevenue": {}, "growth": {}}, "epsTrend": {"current": {}, "7daysAgo": {}, "30daysAgo": {}, "60daysAgo": {}, "90daysAgo": {}}, "epsRevisions": {"upLast7days": {}, "upLast30days": {}, "downLast30days": {}, "downLast90days": {}}}], "maxAge": 1}, "financialData": {"maxAge": 86400, "currentPrice": 284.85, "targetHighPrice": 565.0, "targetLowPrice": 435.0, "targetMeanPrice": 483.33, "targetMedianPrice": 450.0, "recommendationKey": "none", "numberOfAnalystOpinions": 3, "grossProfits": 5183118000, "financialCurrency": "INR"}}}