{"TVVISION.BO": {"cashflowStatementHistory": {"cashflowStatements": [{"maxAge": 1, "endDate": "2020-03-31", "netIncome": -300716572, "depreciation": 256364724, "changeToNetincome": 9204791, "changeToAccountReceivables": 26758511, "changeToLiabilities": 35783712, "changeToOperatingActivities": -30754686, "totalCashFromOperatingActivities": 21956427, "capitalExpenditures": -166103, "totalCashflowsFromInvestingActivities": -166103, "netBorrowings": -50001, "otherCashflowsFromFinancingActivities": -17057477, "totalCashFromFinancingActivities": -17107478, "changeInCash": 4682846}, {"maxAge": 1, "endDate": "2019-03-31", "netIncome": -504980691, "depreciation": 281817658, "changeToNetincome": 151258535, "changeToAccountReceivables": -45861330, "changeToLiabilities": 125375632, "changeToOperatingActivities": -2076539, "totalCashFromOperatingActivities": 5533265, "capitalExpenditures": -863898, "totalCashflowsFromInvestingActivities": -863898, "netBorrowings": -187712, "otherCashflowsFromFinancingActivities": -3613164, "totalCashFromFinancingActivities": -3800876, "changeInCash": 868491}, {"maxAge": 1, "endDate": "2018-03-31", "netIncome": -320488686, "depreciation": 277399510, "changeToNetincome": 269123018, "changeToAccountReceivables": 73724175, "changeToLiabilities": 58808572, "changeToOperatingActivities": 303086705, "totalCashFromOperatingActivities": 661653294, "capitalExpenditures": -505181577, "totalCashflowsFromInvestingActivities": -505011577, "netBorrowings": -66853047, "otherCashflowsFromFinancingActivities": -100285744, "totalCashFromFinancingActivities": -167138791, "changeInCash": -10497075}, {"maxAge": 1, "endDate": "2017-03-31", "netIncome": 87959401, "depreciation": 186477618, "changeToNetincome": 191011235, "changeToAccountReceivables": -56547139, "changeToLiabilities": -54858540, "changeToOperatingActivities": 125136378, "totalCashFromOperatingActivities": 504141352, "capitalExpenditures": -967937673, "totalCashflowsFromInvestingActivities": -967937673, "netBorrowings": 634186805, "otherCashflowsFromFinancingActivities": -165933695, "totalCashFromFinancingActivities": 468253110, "changeInCash": 4456789}], "maxAge": 86400}, "institutionOwnership": {"ownershipList": [], "maxAge": 1}, "balanceSheetHistoryQuarterly": {"balanceSheetStatements": [{"maxAge": 1, "endDate": "2020-06-30", "totalStockholderEquity": 77115000, "netTangibleAssets": -1202080000}, {"maxAge": 1, "endDate": "2020-03-31", "cash": 18353964, "netReceivables": 279022493, "otherCurrentAssets": 59584001, "totalCurrentAssets": 420863095, "propertyPlantEquipment": 5037322, "intangibleAssets": 1251657166, "otherAssets": 76303071, "totalAssets": 1753860654, "accountsPayable": 428981701, "shortLongTermDebt": 1070198901, "otherCurrentLiab": 7666394, "otherLiab": 9850136, "deferredLongTermLiab": 27537937, "totalCurrentLiabilities": 1666895348, "totalLiab": 1676745484, "commonStock": 349445000, "retainedEarnings": -1311009059, "treasuryStock": 850249106, "capitalSurplus": 188430123, "otherStockholderEquity": 850249106, "totalStockholderEquity": 77115170, "netTangibleAssets": -1174541996}, {"maxAge": 1, "endDate": "2019-12-31", "totalStockholderEquity": 241562000, "netTangibleAssets": -1174223000}, {"maxAge": 1, "endDate": "2019-09-30", "cash": 7394000, "netReceivables": 296571000, "otherCurrentAssets": 126786000, "totalCurrentAssets": 430751000, "propertyPlantEquipment": 6209000, "intangibleAssets": 1415785000, "otherAssets": 49418000, "totalAssets": 1902163000, "accountsPayable": 360360000, "shortLongTermDebt": 1087499000, "otherCurrentLiab": 17755000, "longTermDebt": 100000, "otherLiab": 14374000, "totalCurrentLiabilities": 1646127000, "totalLiab": 1660601000, "commonStock": 349445000, "treasuryStock": -107883000, "otherStockholderEquity": -107883000, "totalStockholderEquity": 241562000, "netTangibleAssets": -1174223000}], "maxAge": 86400}, "indexTrend": {"maxAge": 1, "symbol": "SP5", "peRatio": 19.7411, "pegRatio": 1.34172, "estimates": [{"period": "0q", "growth": 0.549}, {"period": "+1q", "growth": 0.431}, {"period": "0y", "growth": 0.305}, {"period": "+1y", "growth": 0.109}, {"period": "+5y", "growth": 0.120865}, {"period": "-5y"}]}, "quoteType": {"exchange": "BSE", "quoteType": "EQUITY", "symbol": "TVVISION.BO", "underlyingSymbol": "TVVISION.BO", "shortName": "TV VISION LIMITED", "longName": "TV Vision Limited", "firstTradeDateEpochUtc": "2016-09-15 09:15:00", "timeZoneFullName": "Asia/Kolkata", "timeZoneShortName": "IST", "uuid": "f5ab4e35-1814-36f8-adfb-b2e66e94a122", "gmtOffSetMilliseconds": 19800000, "maxAge": 1}, "incomeStatementHistory": {"incomeStatementHistory": [{"maxAge": 1, "endDate": "2020-03-31", "totalRevenue": 1097171758, "costOfRevenue": 886020675, "grossProfit": 211151083, "researchDevelopment": {}, "sellingGeneralAdministrative": 18810970, "nonRecurring": {}, "otherOperatingExpenses": 182603538, "totalOperatingExpenses": 1369115854, "operatingIncome": -271944096, "totalOtherIncomeExpenseNet": -28772476, "ebit": -271944096, "interestExpense": -17057477, "incomeBeforeTax": -300716572, "incomeTaxExpense": 0, "minorityInterest": {}, "netIncomeFromContinuingOps": -300716572, "discontinuedOperations": {}, "extraordinaryItems": {}, "effectOfAccountingCharges": {}, "otherItems": {}, "netIncome": -300716572, "netIncomeApplicableToCommonShares": -300716572}, {"maxAge": 1, "endDate": "2019-03-31", "totalRevenue": 1172746393, "costOfRevenue": 1100510168, "grossProfit": 72236225, "researchDevelopment": {}, "sellingGeneralAdministrative": 24423102, "nonRecurring": {}, "otherOperatingExpenses": 105452115, "totalOperatingExpenses": 1512203043, "operatingIncome": -339456650, "totalOtherIncomeExpenseNet": -165524041, "ebit": -339456650, "interestExpense": -3613164, "incomeBeforeTax": -504980691, "incomeTaxExpense": 0, "minorityInterest": {}, "netIncomeFromContinuingOps": -504980691, "discontinuedOperations": {}, "extraordinaryItems": {}, "effectOfAccountingCharges": {}, "otherItems": {}, "netIncome": -504980691, "netIncomeApplicableToCommonShares": -504980691}, {"maxAge": 1, "endDate": "2018-03-31", "totalRevenue": 1234626329, "costOfRevenue": 894646709, "grossProfit": 339979620, "researchDevelopment": {}, "sellingGeneralAdministrative": 4057123, "nonRecurring": {}, "otherOperatingExpenses": 83486256, "totalOperatingExpenses": 1259589598, "operatingIncome": -24963269, "totalOtherIncomeExpenseNet": -239916423, "ebit": -24963269, "interestExpense": -95732322, "incomeBeforeTax": -264879692, "incomeTaxExpense": 55608994, "minorityInterest": {}, "netIncomeFromContinuingOps": -320488686, "discontinuedOperations": {}, "extraordinaryItems": {}, "effectOfAccountingCharges": {}, "otherItems": {}, "netIncome": -320488686, "netIncomeApplicableToCommonShares": -320488686}, {"maxAge": 1, "endDate": "2017-03-31", "totalRevenue": 1763869898, "costOfRevenue": 1154958051, "grossProfit": 608911847, "researchDevelopment": {}, "sellingGeneralAdministrative": 10954257, "nonRecurring": {}, "otherOperatingExpenses": 89557328, "totalOperatingExpenses": 1466909653, "operatingIncome": 296960245, "totalOtherIncomeExpenseNet": -167381587, "ebit": 296960245, "interestExpense": -163222055, "incomeBeforeTax": 129578658, "incomeTaxExpense": 41619257, "minorityInterest": {}, "netIncomeFromContinuingOps": 87959401, "discontinuedOperations": {}, "extraordinaryItems": {}, "effectOfAccountingCharges": {}, "otherItems": {}, "netIncome": 87959401, "netIncomeApplicableToCommonShares": 87959401}], "maxAge": 86400}, "fundOwnership": {"ownershipList": [], "maxAge": 1}, "summaryDetail": {"maxAge": 1, "priceHint": 4, "previousClose": 2.1, "open": 2.2, "dayLow": 2.0, "dayHigh": 2.2, "regularMarketPreviousClose": 2.1, "regularMarketOpen": 2.2, "regularMarketDayLow": 2.0, "regularMarketDayHigh": 2.2, "volume": 1640, "regularMarketVolume": 1640, "averageVolume": 5705, "averageVolume10days": 4982, "averageDailyVolume10Day": 4982, "bid": 2.12, "ask": 0.0, "bidSize": 0, "askSize": 0, "marketCap": 74082336, "fiftyTwoWeekLow": 1.12, "fiftyTwoWeekHigh": 2.49, "fiftyDayAverage": 2.1315153, "twoHundredDayAverage": 1.9037501, "currency": "INR", "fromCurrency": null, "lastMarket": null, "algorithm": null, "tradeable": false}, "incomeStatementHistoryQuarterly": {"incomeStatementHistory": [{"maxAge": 1, "endDate": "2020-06-30", "totalRevenue": 64036000, "costOfRevenue": 187887000, "grossProfit": -123851000, "researchDevelopment": {}, "sellingGeneralAdministrative": {}, "nonRecurring": {}, "otherOperatingExpenses": 27570000, "totalOperatingExpenses": 280776000, "operatingIncome": -216740000, "totalOtherIncomeExpenseNet": -2000, "ebit": -216740000, "interestExpense": -2000, "incomeBeforeTax": -216742000, "incomeTaxExpense": 0, "minorityInterest": {}, "netIncomeFromContinuingOps": -216742000, "discontinuedOperations": {}, "extraordinaryItems": {}, "effectOfAccountingCharges": {}, "otherItems": {}, "netIncome": -216742000, "netIncomeApplicableToCommonShares": -216742000}, {"maxAge": 1, "endDate": "2020-03-31", "totalRevenue": 245281758, "costOfRevenue": 203532675, "grossProfit": 41749083, "researchDevelopment": {}, "sellingGeneralAdministrative": 18810970, "nonRecurring": {}, "otherOperatingExpenses": 40792538, "totalOperatingExpenses": 331714854, "operatingIncome": -86433096, "totalOtherIncomeExpenseNet": -14453476, "ebit": -86433096, "interestExpense": -2738477, "incomeBeforeTax": -100886572, "incomeTaxExpense": 0, "minorityInterest": {}, "netIncomeFromContinuingOps": -100886572, "discontinuedOperations": {}, "extraordinaryItems": {}, "effectOfAccountingCharges": {}, "otherItems": {}, "netIncome": -100886572, "netIncomeApplicableToCommonShares": -100886572}, {"maxAge": 1, "endDate": "2019-12-31", "totalRevenue": 247818000, "costOfRevenue": 165064000, "grossProfit": 82754000, "researchDevelopment": {}, "sellingGeneralAdministrative": 18810970, "nonRecurring": {}, "otherOperatingExpenses": 71070000, "totalOperatingExpenses": 305483000, "operatingIncome": -57665000, "totalOtherIncomeExpenseNet": -3490000, "ebit": -57665000, "interestExpense": -3490000, "incomeBeforeTax": -61155000, "incomeTaxExpense": 0, "minorityInterest": {}, "netIncomeFromContinuingOps": -61155000, "discontinuedOperations": {}, "extraordinaryItems": {}, "effectOfAccountingCharges": {}, "otherItems": {}, "netIncome": -61155000, "netIncomeApplicableToCommonShares": -61155000}, {"maxAge": 1, "endDate": "2019-09-30", "totalRevenue": 260854000, "costOfRevenue": 257617000, "grossProfit": 3237000, "researchDevelopment": {}, "sellingGeneralAdministrative": 18810970, "nonRecurring": {}, "otherOperatingExpenses": 37341000, "totalOperatingExpenses": 368639000, "operatingIncome": -107785000, "totalOtherIncomeExpenseNet": -5780000, "ebit": -107785000, "interestExpense": -5780000, "incomeBeforeTax": -113565000, "incomeTaxExpense": 0, "minorityInterest": {}, "netIncomeFromContinuingOps": -113565000, "discontinuedOperations": {}, "extraordinaryItems": {}, "effectOfAccountingCharges": {}, "otherItems": {}, "netIncome": -113565000, "netIncomeApplicableToCommonShares": -113565000}], "maxAge": 86400}, "cashflowStatementHistoryQuarterly": {"cashflowStatements": [{"maxAge": 1, "endDate": "2020-06-30", "netIncome": -216742000, "changeToLiabilities": 0}, {"maxAge": 1, "endDate": "2020-03-31", "netIncome": -100886572, "changeToLiabilities": 0}, {"maxAge": 1, "endDate": "2019-12-31", "netIncome": -61155000, "changeToLiabilities": 0}, {"maxAge": 1, "endDate": "2019-09-30", "netIncome": -113565000, "changeToLiabilities": 0}], "maxAge": 86400}, "insiderHolders": {"holders": [], "maxAge": 1}, "calendarEvents": {"maxAge": 1, "earnings": {"earningsDate": []}}, "upgradeDowngradeHistory": {"history": [], "maxAge": 86400}, "price": {"maxAge": 1, "regularMarketChangePercent": 0.009523801, "regularMarketChange": 0.01999998, "regularMarketTime": "2021-04-30 12:44:13", "priceHint": 4, "regularMarketPrice": 2.12, "regularMarketDayHigh": 2.2, "regularMarketDayLow": 2.0, "regularMarketVolume": 1640, "averageDailyVolume10Day": 4982, "averageDailyVolume3Month": 5705, "regularMarketPreviousClose": 2.1, "regularMarketSource": "FREE_REALTIME", "regularMarketOpen": 2.2, "exchange": "BSE", "exchangeName": "BSE", "exchangeDataDelayedBy": 0, "marketState": "CLOSED", "quoteType": "EQUITY", "symbol": "TVVISION.BO", "underlyingSymbol": null, "shortName": "TV VISION LIMITED", "longName": "TV Vision Limited", "currency": "INR", "quoteSourceName": "Delayed Quote", "currencySymbol": "\u20b9", "fromCurrency": null, "lastMarket": null, "marketCap": 74082336}, "balanceSheetHistory": {"balanceSheetStatements": [{"maxAge": 1, "endDate": "2020-03-31", "cash": 18353964, "netReceivables": 279022493, "otherCurrentAssets": 59584001, "totalCurrentAssets": 420863095, "propertyPlantEquipment": 5037322, "intangibleAssets": 1251657166, "otherAssets": 76303071, "totalAssets": 1753860654, "accountsPayable": 428981701, "shortLongTermDebt": 1070198901, "otherCurrentLiab": 7666394, "otherLiab": 9850136, "deferredLongTermLiab": 27537937, "totalCurrentLiabilities": 1666895348, "totalLiab": 1676745484, "commonStock": 349445000, "retainedEarnings": -1311009059, "treasuryStock": 850249106, "capitalSurplus": 188430123, "otherStockholderEquity": 850249106, "totalStockholderEquity": 77115170, "netTangibleAssets": -1174541996}, {"maxAge": 1, "endDate": "2019-03-31", "cash": 13671119, "netReceivables": 305781004, "otherCurrentAssets": 33971823, "totalCurrentAssets": 419467269, "propertyPlantEquipment": 7638660, "intangibleAssets": 1505607998, "otherAssets": 101680119, "totalAssets": 2034394046, "accountsPayable": 393197989, "shortLongTermDebt": 1117022949, "otherCurrentLiab": 5789845, "longTermDebt": 50001, "otherLiab": 10896634, "deferredLongTermLiab": 52500335, "totalCurrentLiabilities": 1642729012, "totalLiab": 1653675647, "commonStock": 349445000, "retainedEarnings": -1006978824, "treasuryStock": 849822100, "capitalSurplus": 188430123, "otherStockholderEquity": 849822100, "totalStockholderEquity": 380718399, "netTangibleAssets": -1124889599}, {"maxAge": 1, "endDate": "2018-03-31", "cash": 12802628, "netReceivables": 267497667, "otherCurrentAssets": 14728945, "totalCurrentAssets": 352485223, "longTermInvestments": 154067042, "propertyPlantEquipment": 9671503, "intangibleAssets": 1759566515, "otherAssets": 126684928, "totalAssets": 2402475211, "accountsPayable": 267822356, "shortLongTermDebt": 1152335540, "otherCurrentLiab": 18456934, "longTermDebt": 337713, "otherLiab": 10355024, "deferredLongTermLiab": 77462734, "totalCurrentLiabilities": 1505119732, "totalLiab": 1515812469, "commonStock": 349445000, "retainedEarnings": -501998133, "treasuryStock": 850785752, "capitalSurplus": 188430123, "otherStockholderEquity": 850785752, "totalStockholderEquity": 886662742, "netTangibleAssets": -872903773}, {"maxAge": 1, "endDate": "2017-03-31", "cash": 23299703, "netReceivables": 333770438, "otherCurrentAssets": 245957929, "totalCurrentAssets": 716985370, "longTermInvestments": 298251143, "propertyPlantEquipment": 12489058, "intangibleAssets": 1504167974, "otherAssets": 209956321, "deferredLongTermAssetCharges": 55608994, "totalAssets": 2741849866, "accountsPayable": 209013784, "shortLongTermDebt": 163806619, "otherCurrentLiab": 36091079, "longTermDebt": 1044012233, "otherLiab": 5563440, "deferredLongTermLiab": 102425133, "totalCurrentLiabilities": 481135514, "totalLiab": 1530711187, "commonStock": 349445000, "retainedEarnings": -181509447, "treasuryStock": 854773003, "capitalSurplus": 188430123, "otherStockholderEquity": 854773003, "totalStockholderEquity": 1211138679, "netTangibleAssets": -293029295}], "maxAge": 86400}, "financialData": {"maxAge": 86400, "currentPrice": 2.12, "recommendationKey": "none", "grossProfits": 211151083, "financialCurrency": "INR"}}}