{"TVVISION.NS": {"assetProfile": {"address1": "Adhikari Chambers", "address2": "4th Floor, Oberoi Complex New Link Road Andheri (West)", "city": "Mumbai", "zip": "400053", "country": "India", "phone": "91 22 4023 0000", "fax": "91 22 2639 5459", "website": "http://www.tvvision.in", "industry": "Broadcasting", "sector": "Communication Services", "longBusinessSummary": "TV Vision Limited engages in the television programming and broadcasting activities in India. The company operates Mastiii, a Hindi music television channel that provides youth and music genre content; Maiboli, a regional Marathi channel, which offers songs and movies; and Dabangg, a Hindi general entertainment channel in Bihar, Uttar Pradesh, and Jharkhand. It also provides Dhamaal, a youth focused channel for Gujarat with programs, including music and gujjubhai gags, as well as shows; Dillagi, a family entertainment channel, which provides movies that cover love, family, fun, and memories; and Happii-Fi, a digital platform agnostic and content aggregator, which offers comedy content. TV Vision Limited was incorporated in 2007 and is based in Mumbai, India.", "fullTimeEmployees": 90, "companyOfficers": [{"maxAge": 1, "name": "Mr. Markand Navnitlal Adhikari", "age": 63, "title": "Chairman & MD", "yearBorn": 1957, "fiscalYear": 2020, "totalPay": 0, "exercisedValue": 0, "unexercisedValue": 0}, {"maxAge": 1, "name": "Mr. Manav  Dhanda", "age": 46, "title": "Group Chief Exec. Officer", "yearBorn": 1974, "fiscalYear": 2020, "totalPay": 14356000, "exercisedValue": 0, "unexercisedValue": 0}, {"maxAge": 1, "name": "Mr. Santosh  Thotam", "age": 47, "title": "Chief Financial Officer", "yearBorn": 1973, "fiscalYear": 2020, "totalPay": 959700, "exercisedValue": 0, "unexercisedValue": 0}, {"maxAge": 1, "name": "Ms. Shilpa Chhabra Jain", "age": 33, "title": "Company Sec. & Compliance Officer", "yearBorn": 1987, "fiscalYear": 2020, "totalPay": 892000, "exercisedValue": 0, "unexercisedValue": 0}, {"maxAge": 1, "name": "Ms. Pavitra  Adhikari", "age": 30, "title": "Assistant VP of Research & Operation", "yearBorn": 1990, "exercisedValue": 0, "unexercisedValue": 0}, {"maxAge": 1, "name": "Ms. Riddhi  Mehta", "age": 37, "title": "Assistant VP of Fin. & Accounts", "yearBorn": 1983, "exercisedValue": 0, "unexercisedValue": 0}, {"maxAge": 1, "name": "Ms. Rubaina  Adhikari", "age": 34, "title": "Assistant VP of Corp. Communication & Public Relation", "yearBorn": 1986, "exercisedValue": 0, "unexercisedValue": 0}, {"maxAge": 1, "name": "Ms. Ragini  Srivastava", "age": 40, "title": "Sales Head", "yearBorn": 1980, "exercisedValue": 0, "unexercisedValue": 0}, {"maxAge": 1, "name": "Mr. Kailasnath  Adhikari", "age": 30, "title": "Bus. Head", "yearBorn": 1990, "exercisedValue": 0, "unexercisedValue": 0}], "compensationAsOfEpochDate": "2020-12-31 05:30:00", "maxAge": 86400}, "cashflowStatementHistory": {"cashflowStatements": [{"maxAge": 1, "endDate": "2020-03-31", "netIncome": -300716572, "depreciation": 256364724, "changeToNetincome": 9204791, "changeToAccountReceivables": 26758511, "changeToLiabilities": 35783712, "changeToOperatingActivities": -30754686, "totalCashFromOperatingActivities": 21956427, "capitalExpenditures": -166103, "totalCashflowsFromInvestingActivities": -166103, "netBorrowings": -50001, "otherCashflowsFromFinancingActivities": -17057477, "totalCashFromFinancingActivities": -17107478, "changeInCash": 4682846}, {"maxAge": 1, "endDate": "2019-03-31", "netIncome": -504980691, "depreciation": 281817658, "changeToNetincome": 151258535, "changeToAccountReceivables": -45861330, "changeToLiabilities": 125375632, "changeToOperatingActivities": -2076539, "totalCashFromOperatingActivities": 5533265, "capitalExpenditures": -863898, "totalCashflowsFromInvestingActivities": -863898, "netBorrowings": -187712, "otherCashflowsFromFinancingActivities": -3613164, "totalCashFromFinancingActivities": -3800876, "changeInCash": 868491}, {"maxAge": 1, "endDate": "2018-03-31", "netIncome": -320488686, "depreciation": 277399510, "changeToNetincome": 269123018, "changeToAccountReceivables": 73724175, "changeToLiabilities": 58808572, "changeToOperatingActivities": 303086705, "totalCashFromOperatingActivities": 661653294, "capitalExpenditures": -505181577, "totalCashflowsFromInvestingActivities": -505011577, "netBorrowings": -66853047, "otherCashflowsFromFinancingActivities": -100285744, "totalCashFromFinancingActivities": -167138791, "changeInCash": -10497075}, {"maxAge": 1, "endDate": "2017-03-31", "netIncome": 87959401, "depreciation": 186477618, "changeToNetincome": 191011235, "changeToAccountReceivables": -56547139, "changeToLiabilities": -54858540, "changeToOperatingActivities": 125136378, "totalCashFromOperatingActivities": 504141352, "capitalExpenditures": -967937673, "totalCashflowsFromInvestingActivities": -967937673, "netBorrowings": 634186805, "otherCashflowsFromFinancingActivities": -165933695, "totalCashFromFinancingActivities": 468253110, "changeInCash": 4456789}], "maxAge": 86400}, "institutionOwnership": {"ownershipList": [], "maxAge": 1}, "majorHoldersBreakdown": {"maxAge": 1, "insidersPercentHeld": 0.67542, "institutionsPercentHeld": 0.0, "institutionsFloatPercentHeld": 0.0, "institutionsCount": 0}, "balanceSheetHistoryQuarterly": {"balanceSheetStatements": [{"maxAge": 1, "endDate": "2020-12-31", "totalStockholderEquity": -264520000, "netTangibleAssets": -1413679000}, {"maxAge": 1, "endDate": "2020-09-30", "cash": 19487000, "netReceivables": 186760000, "otherCurrentAssets": 133645000, "totalCurrentAssets": 339892000, "propertyPlantEquipment": 3812000, "intangibleAssets": 1149159000, "otherAssets": 48877000, "totalAssets": 1541740000, "accountsPayable": 487853000, "shortLongTermDebt": 1070149000, "otherCurrentLiab": 11242000, "otherLiab": 11938000, "totalCurrentLiabilities": 1794322000, "totalLiab": 1806260000, "commonStock": 349445000, "treasuryStock": -613965000, "otherStockholderEquity": -613965000, "totalStockholderEquity": -264520000, "netTangibleAssets": -1413679000}, {"maxAge": 1, "endDate": "2020-06-30", "totalStockholderEquity": 77115000, "netTangibleAssets": -1202080000}, {"maxAge": 1, "endDate": "2020-03-31", "cash": 18353964, "netReceivables": 279022493, "otherCurrentAssets": 59584001, "totalCurrentAssets": 420863095, "propertyPlantEquipment": 5037322, "intangibleAssets": 1251657166, "otherAssets": 76303071, "totalAssets": 1753860654, "accountsPayable": 428981701, "shortLongTermDebt": 1070198901, "otherCurrentLiab": 7666394, "otherLiab": 9850136, "deferredLongTermLiab": 27537937, "totalCurrentLiabilities": 1666895348, "totalLiab": 1676745484, "commonStock": 349445000, "retainedEarnings": -1311009059, "treasuryStock": 850249106, "capitalSurplus": 188430123, "otherStockholderEquity": 850249106, "totalStockholderEquity": 77115170, "netTangibleAssets": -1174541996}], "maxAge": 86400}, "indexTrend": {"maxAge": 1, "symbol": "SP5", "peRatio": 19.7411, "pegRatio": 1.34172, "estimates": [{"period": "0q", "growth": 0.549}, {"period": "+1q", "growth": 0.431}, {"period": "0y", "growth": 0.305}, {"period": "+1y", "growth": 0.109}, {"period": "+5y", "growth": 0.120865}, {"period": "-5y"}]}, "defaultKeyStatistics": {"maxAge": 1, "priceHint": 4, "enterpriseValue": 1127639808, "profitMargins": -0.76914, "floatShares": 16729733, "sharesOutstanding": 34944500, "heldPercentInsiders": 0.67542, "heldPercentInstitutions": 0.0, "beta": 0.716354, "category": null, "bookValue": -7.574, "fundFamily": null, "legalType": null, "lastFiscalYearEnd": "2020-03-31 05:30:00", "nextFiscalYearEnd": "2022-03-31 05:30:00", "mostRecentQuarter": "2020-12-31 05:30:00", "netIncomeToCommon": -536081568, "trailingEps": -15.334, "lastSplitFactor": null, "enterpriseToRevenue": 1.618, "enterpriseToEbitda": -4.041}, "summaryProfile": {"address1": "Adhikari Chambers", "address2": "4th Floor, Oberoi Complex New Link Road Andheri (West)", "city": "Mumbai", "zip": "400053", "country": "India", "phone": "91 22 4023 0000", "fax": "91 22 2639 5459", "website": "http://www.tvvision.in", "industry": "Broadcasting", "sector": "Communication Services", "longBusinessSummary": "TV Vision Limited engages in the television programming and broadcasting activities in India. The company operates Mastiii, a Hindi music television channel that provides youth and music genre content; Maiboli, a regional Marathi channel, which offers songs and movies; and Dabangg, a Hindi general entertainment channel in Bihar, Uttar Pradesh, and Jharkhand. It also provides Dhamaal, a youth focused channel for Gujarat with programs, including music and gujjubhai gags, as well as shows; Dillagi, a family entertainment channel, which provides movies that cover love, family, fun, and memories; and Happii-Fi, a digital platform agnostic and content aggregator, which offers comedy content. TV Vision Limited was incorporated in 2007 and is based in Mumbai, India.", "fullTimeEmployees": 90, "companyOfficers": [], "maxAge": 86400}, "netSharePurchaseActivity": {"maxAge": 1, "period": "6m", "buyInfoCount": 0, "buyInfoShares": 0, "sellInfoCount": 0, "netInfoCount": 0, "netInfoShares": 0, "netPercentInsiderShares": 0.0, "totalInsiderShares": 23632894}, "quoteType": {"exchange": "NSI", "quoteType": "EQUITY", "symbol": "TVVISION.NS", "underlyingSymbol": "TVVISION.NS", "shortName": "TV VISION LTD", "longName": "TV Vision Limited", "firstTradeDateEpochUtc": "2016-09-15 09:15:00", "timeZoneFullName": "Asia/Kolkata", "timeZoneShortName": "IST", "uuid": "f03db577-35da-3566-b980-1ef87567d9b5", "gmtOffSetMilliseconds": 19800000, "maxAge": 1}, "incomeStatementHistory": {"incomeStatementHistory": [{"maxAge": 1, "endDate": "2020-03-31", "totalRevenue": 1097171758, "costOfRevenue": 886020675, "grossProfit": 211151083, "researchDevelopment": {}, "sellingGeneralAdministrative": 18810970, "nonRecurring": {}, "otherOperatingExpenses": 182603538, "totalOperatingExpenses": 1369115854, "operatingIncome": -271944096, "totalOtherIncomeExpenseNet": -28772476, "ebit": -271944096, "interestExpense": -17057477, "incomeBeforeTax": -300716572, "incomeTaxExpense": 0, "minorityInterest": {}, "netIncomeFromContinuingOps": -300716572, "discontinuedOperations": {}, "extraordinaryItems": {}, "effectOfAccountingCharges": {}, "otherItems": {}, "netIncome": -300716572, "netIncomeApplicableToCommonShares": -300716572}, {"maxAge": 1, "endDate": "2019-03-31", "totalRevenue": 1172746393, "costOfRevenue": 1100510168, "grossProfit": 72236225, "researchDevelopment": {}, "sellingGeneralAdministrative": 24423102, "nonRecurring": {}, "otherOperatingExpenses": 105452115, "totalOperatingExpenses": 1512203043, "operatingIncome": -339456650, "totalOtherIncomeExpenseNet": -165524041, "ebit": -339456650, "interestExpense": -3613164, "incomeBeforeTax": -504980691, "incomeTaxExpense": 0, "minorityInterest": {}, "netIncomeFromContinuingOps": -504980691, "discontinuedOperations": {}, "extraordinaryItems": {}, "effectOfAccountingCharges": {}, "otherItems": {}, "netIncome": -504980691, "netIncomeApplicableToCommonShares": -504980691}, {"maxAge": 1, "endDate": "2018-03-31", "totalRevenue": 1234626329, "costOfRevenue": 894646709, "grossProfit": 339979620, "researchDevelopment": {}, "sellingGeneralAdministrative": 4057123, "nonRecurring": {}, "otherOperatingExpenses": 83486256, "totalOperatingExpenses": 1259589598, "operatingIncome": -24963269, "totalOtherIncomeExpenseNet": -239916423, "ebit": -24963269, "interestExpense": -95732322, "incomeBeforeTax": -264879692, "incomeTaxExpense": 55608994, "minorityInterest": {}, "netIncomeFromContinuingOps": -320488686, "discontinuedOperations": {}, "extraordinaryItems": {}, "effectOfAccountingCharges": {}, "otherItems": {}, "netIncome": -320488686, "netIncomeApplicableToCommonShares": -320488686}, {"maxAge": 1, "endDate": "2017-03-31", "totalRevenue": 1763869898, "costOfRevenue": 1154958051, "grossProfit": 608911847, "researchDevelopment": {}, "sellingGeneralAdministrative": 10954257, "nonRecurring": {}, "otherOperatingExpenses": 89557328, "totalOperatingExpenses": 1466909653, "operatingIncome": 296960245, "totalOtherIncomeExpenseNet": -167381587, "ebit": 296960245, "interestExpense": -163222055, "incomeBeforeTax": 129578658, "incomeTaxExpense": 41619257, "minorityInterest": {}, "netIncomeFromContinuingOps": 87959401, "discontinuedOperations": {}, "extraordinaryItems": {}, "effectOfAccountingCharges": {}, "otherItems": {}, "netIncome": 87959401, "netIncomeApplicableToCommonShares": 87959401}], "maxAge": 86400}, "fundOwnership": {"ownershipList": [], "maxAge": 1}, "summaryDetail": {"maxAge": 1, "priceHint": 4, "previousClose": 2.1, "open": 2.2, "dayLow": 2.0, "dayHigh": 2.2, "regularMarketPreviousClose": 2.1, "regularMarketOpen": 2.2, "regularMarketDayLow": 2.0, "regularMarketDayHigh": 2.2, "payoutRatio": 0.0, "beta": 0.716354, "volume": 118592, "regularMarketVolume": 118592, "averageVolume": 16848, "averageVolume10days": 4998, "averageDailyVolume10Day": 4998, "bid": 0.0, "ask": 0.0, "bidSize": 0, "askSize": 0, "marketCap": 76877904, "fiftyTwoWeekLow": 1.05, "fiftyTwoWeekHigh": 180.0, "priceToSalesTrailing12Months": 0.110300854, "fiftyDayAverage": 12.687879, "twoHundredDayAverage": 4.2582145, "currency": "INR", "fromCurrency": null, "lastMarket": null, "algorithm": null, "tradeable": false}, "incomeStatementHistoryQuarterly": {"incomeStatementHistory": [{"maxAge": 1, "endDate": "2020-12-31", "totalRevenue": 213092000, "costOfRevenue": 184239000, "grossProfit": 28853000, "researchDevelopment": {}, "sellingGeneralAdministrative": {}, "nonRecurring": {}, "otherOperatingExpenses": 52946000, "totalOperatingExpenses": 303214000, "operatingIncome": -90122000, "totalOtherIncomeExpenseNet": -3651000, "ebit": -90122000, "interestExpense": -3652000, "incomeBeforeTax": -93773000, "incomeTaxExpense": 0, "minorityInterest": {}, "netIncomeFromContinuingOps": -93773000, "discontinuedOperations": {}, "extraordinaryItems": {}, "effectOfAccountingCharges": {}, "otherItems": {}, "netIncome": -93773000, "netIncomeApplicableToCommonShares": -93773000}, {"maxAge": 1, "endDate": "2020-09-30", "totalRevenue": 174574000, "costOfRevenue": 182313000, "grossProfit": -7739000, "researchDevelopment": {}, "sellingGeneralAdministrative": {}, "nonRecurring": {}, "otherOperatingExpenses": 49296000, "totalOperatingExpenses": 297615000, "operatingIncome": -123041000, "totalOtherIncomeExpenseNet": -1639000, "ebit": -123041000, "interestExpense": -1639000, "incomeBeforeTax": -124680000, "incomeTaxExpense": 0, "minorityInterest": {}, "netIncomeFromContinuingOps": -124680000, "discontinuedOperations": {}, "extraordinaryItems": {}, "effectOfAccountingCharges": {}, "otherItems": {}, "netIncome": -124680000, "netIncomeApplicableToCommonShares": -124680000}, {"maxAge": 1, "endDate": "2020-06-30", "totalRevenue": 64036000, "costOfRevenue": 187887000, "grossProfit": -123851000, "researchDevelopment": {}, "sellingGeneralAdministrative": {}, "nonRecurring": {}, "otherOperatingExpenses": 27570000, "totalOperatingExpenses": 280776000, "operatingIncome": -216740000, "totalOtherIncomeExpenseNet": -2000, "ebit": -216740000, "interestExpense": -2000, "incomeBeforeTax": -216742000, "incomeTaxExpense": 0, "minorityInterest": {}, "netIncomeFromContinuingOps": -216742000, "discontinuedOperations": {}, "extraordinaryItems": {}, "effectOfAccountingCharges": {}, "otherItems": {}, "netIncome": -216742000, "netIncomeApplicableToCommonShares": -216742000}, {"maxAge": 1, "endDate": "2020-03-31", "totalRevenue": 245281758, "costOfRevenue": 203532675, "grossProfit": 41749083, "researchDevelopment": {}, "sellingGeneralAdministrative": 18810970, "nonRecurring": {}, "otherOperatingExpenses": 40792538, "totalOperatingExpenses": 331714854, "operatingIncome": -86433096, "totalOtherIncomeExpenseNet": -14453476, "ebit": -86433096, "interestExpense": -2738477, "incomeBeforeTax": -100886572, "incomeTaxExpense": 0, "minorityInterest": {}, "netIncomeFromContinuingOps": -100886572, "discontinuedOperations": {}, "extraordinaryItems": {}, "effectOfAccountingCharges": {}, "otherItems": {}, "netIncome": -100886572, "netIncomeApplicableToCommonShares": -100886572}], "maxAge": 86400}, "cashflowStatementHistoryQuarterly": {"cashflowStatements": [{"maxAge": 1, "endDate": "2020-12-31", "netIncome": -93773000, "changeToLiabilities": 0}, {"maxAge": 1, "endDate": "2020-09-30", "netIncome": -124680000, "changeToLiabilities": 0}, {"maxAge": 1, "endDate": "2020-06-30", "netIncome": -216742000, "changeToLiabilities": 0}, {"maxAge": 1, "endDate": "2020-03-31", "netIncome": -100886572, "changeToLiabilities": 0}], "maxAge": 86400}, "insiderHolders": {"holders": [], "maxAge": 1}, "calendarEvents": {"maxAge": 1, "earnings": {"earningsDate": []}}, "upgradeDowngradeHistory": {"history": [], "maxAge": 86400}, "price": {"maxAge": 1, "regularMarketChangePercent": 0.04761912, "regularMarketChange": 0.10000014, "regularMarketTime": "2021-04-30 14:58:56", "priceHint": 4, "regularMarketPrice": 2.2, "regularMarketDayHigh": 2.2, "regularMarketDayLow": 2.0, "regularMarketVolume": 118592, "averageDailyVolume10Day": 4998, "averageDailyVolume3Month": 16848, "regularMarketPreviousClose": 2.1, "regularMarketSource": "FREE_REALTIME", "regularMarketOpen": 2.2, "exchange": "NSI", "exchangeName": "NSE", "exchangeDataDelayedBy": 15, "marketState": "CLOSED", "quoteType": "EQUITY", "symbol": "TVVISION.NS", "underlyingSymbol": null, "shortName": "TV VISION LTD", "longName": "TV Vision Limited", "currency": "INR", "quoteSourceName": "Delayed Quote", "currencySymbol": "\u20b9", "fromCurrency": null, "lastMarket": null, "marketCap": 76877904}, "balanceSheetHistory": {"balanceSheetStatements": [{"maxAge": 1, "endDate": "2020-03-31", "cash": 18353964, "netReceivables": 279022493, "otherCurrentAssets": 59584001, "totalCurrentAssets": 420863095, "propertyPlantEquipment": 5037322, "intangibleAssets": 1251657166, "otherAssets": 76303071, "totalAssets": 1753860654, "accountsPayable": 428981701, "shortLongTermDebt": 1070198901, "otherCurrentLiab": 7666394, "otherLiab": 9850136, "deferredLongTermLiab": 27537937, "totalCurrentLiabilities": 1666895348, "totalLiab": 1676745484, "commonStock": 349445000, "retainedEarnings": -1311009059, "treasuryStock": 850249106, "capitalSurplus": 188430123, "otherStockholderEquity": 850249106, "totalStockholderEquity": 77115170, "netTangibleAssets": -1174541996}, {"maxAge": 1, "endDate": "2019-03-31", "cash": 13671119, "netReceivables": 305781004, "otherCurrentAssets": 33971823, "totalCurrentAssets": 419467269, "propertyPlantEquipment": 7638660, "intangibleAssets": 1505607998, "otherAssets": 101680119, "totalAssets": 2034394046, "accountsPayable": 393197989, "shortLongTermDebt": 1117022949, "otherCurrentLiab": 5789845, "longTermDebt": 50001, "otherLiab": 10896634, "deferredLongTermLiab": 52500335, "totalCurrentLiabilities": 1642729012, "totalLiab": 1653675647, "commonStock": 349445000, "retainedEarnings": -1006978824, "treasuryStock": 849822100, "capitalSurplus": 188430123, "otherStockholderEquity": 849822100, "totalStockholderEquity": 380718399, "netTangibleAssets": -1124889599}, {"maxAge": 1, "endDate": "2018-03-31", "cash": 12802628, "netReceivables": 267497667, "otherCurrentAssets": 14728945, "totalCurrentAssets": 352485223, "longTermInvestments": 154067042, "propertyPlantEquipment": 9671503, "intangibleAssets": 1759566515, "otherAssets": 126684928, "totalAssets": 2402475211, "accountsPayable": 267822356, "shortLongTermDebt": 1152335540, "otherCurrentLiab": 18456934, "longTermDebt": 337713, "otherLiab": 10355024, "deferredLongTermLiab": 77462734, "totalCurrentLiabilities": 1505119732, "totalLiab": 1515812469, "commonStock": 349445000, "retainedEarnings": -501998133, "treasuryStock": 850785752, "capitalSurplus": 188430123, "otherStockholderEquity": 850785752, "totalStockholderEquity": 886662742, "netTangibleAssets": -872903773}, {"maxAge": 1, "endDate": "2017-03-31", "cash": 23299703, "netReceivables": 333770438, "otherCurrentAssets": 245957929, "totalCurrentAssets": 716985370, "longTermInvestments": 298251143, "propertyPlantEquipment": 12489058, "intangibleAssets": 1504167974, "otherAssets": 209956321, "deferredLongTermAssetCharges": 55608994, "totalAssets": 2741849866, "accountsPayable": 209013784, "shortLongTermDebt": 163806619, "otherCurrentLiab": 36091079, "longTermDebt": 1044012233, "otherLiab": 5563440, "deferredLongTermLiab": 102425133, "totalCurrentLiabilities": 481135514, "totalLiab": 1530711187, "commonStock": 349445000, "retainedEarnings": -181509447, "treasuryStock": 854773003, "capitalSurplus": 188430123, "otherStockholderEquity": 854773003, "totalStockholderEquity": 1211138679, "netTangibleAssets": -293029295}], "maxAge": 86400}, "financialData": {"maxAge": 86400, "currentPrice": 2.2, "recommendationKey": "none", "totalCash": 19487000, "totalCashPerShare": 0.557, "ebitda": -279059072, "totalDebt": 1070148992, "totalRevenue": 696983744, "revenuePerShare": 19.937, "grossProfits": 211151083, "revenueGrowth": -0.14, "grossMargins": -0.0875, "ebitdaMargins": -0.40038, "operatingMargins": -0.74081004, "profitMargins": -0.76914, "financialCurrency": "INR"}}}