{"TWL.BO": {"cashflowStatementHistory": {"cashflowStatements": [{"maxAge": 1, "endDate": "2020-03-31", "netIncome": -341882000, "depreciation": 291268000, "changeToNetincome": 1469633000, "changeToAccountReceivables": 439314000, "changeToLiabilities": 0, "changeToInventory": 736308000, "changeToOperatingActivities": -1057297000, "totalCashFromOperatingActivities": 1537344000, "capitalExpenditures": -355091000, "investments": 106210000, "otherCashflowsFromInvestingActivities": 43359000, "totalCashflowsFromInvestingActivities": -95510000, "dividendsPaid": -41744000, "netBorrowings": -1419345000, "otherCashflowsFromFinancingActivities": -811649000, "totalCashFromFinancingActivities": -2270827000, "effectOfExchangeRate": 132186000, "changeInCash": -696807000, "issuanceOfStock": 1911000}, {"maxAge": 1, "endDate": "2019-03-31", "netIncome": -285231000, "depreciation": 268754000, "changeToNetincome": 307554000, "changeToAccountReceivables": -812072000, "changeToLiabilities": 0, "changeToInventory": -788144000, "changeToOperatingActivities": -27530000, "totalCashFromOperatingActivities": -1243944000, "capitalExpenditures": -632693000, "investments": -54872000, "otherCashflowsFromInvestingActivities": 203216000, "totalCashflowsFromInvestingActivities": -483884000, "dividendsPaid": -34658000, "netBorrowings": 2787575000, "otherCashflowsFromFinancingActivities": -619174000, "totalCashFromFinancingActivities": 2136507000, "effectOfExchangeRate": -6177000, "changeInCash": 402502000, "issuanceOfStock": 2764000}, {"maxAge": 1, "endDate": "2018-03-31", "netIncome": -1436226000, "depreciation": 430319000, "changeToNetincome": 165798000, "changeToAccountReceivables": -466946000, "changeToLiabilities": 0, "changeToInventory": 957447000, "changeToOperatingActivities": -939094000, "totalCashFromOperatingActivities": -1210663000, "capitalExpenditures": -373135000, "investments": -39047000, "otherCashflowsFromInvestingActivities": 68169000, "totalCashflowsFromInvestingActivities": -255692000, "dividendsPaid": -92358000, "netBorrowings": 2520591000, "otherCashflowsFromFinancingActivities": -526896000, "totalCashFromFinancingActivities": 1905249000, "effectOfExchangeRate": -193096000, "changeInCash": 245798000, "issuanceOfStock": 3912000}, {"maxAge": 1, "endDate": "2017-03-31", "netIncome": 269027000, "depreciation": 456519000, "changeToNetincome": 248589000, "changeToAccountReceivables": -72286000, "changeToLiabilities": 0, "changeToInventory": 1789557000, "changeToOperatingActivities": -4521265000, "totalCashFromOperatingActivities": -1771134000, "capitalExpenditures": -218327000, "investments": 795705000, "otherCashflowsFromInvestingActivities": 105267000, "totalCashflowsFromInvestingActivities": 683393000, "dividendsPaid": -92358000, "netBorrowings": 1538086000, "otherCashflowsFromFinancingActivities": -425450000, "totalCashFromFinancingActivities": 1113850000, "effectOfExchangeRate": -245330000, "changeInCash": -219221000, "issuanceOfStock": 1214000}], "maxAge": 86400}, "institutionOwnership": {"ownershipList": [], "maxAge": 1}, "balanceSheetHistoryQuarterly": {"balanceSheetStatements": [{"maxAge": 1, "endDate": "2020-06-30", "totalStockholderEquity": 7666130000, "netTangibleAssets": 7285578000}, {"maxAge": 1, "endDate": "2020-03-31", "cash": 560619000, "shortTermInvestments": 3158839000, "netReceivables": 2523223000, "inventory": 3762930000, "otherCurrentAssets": 2439810000, "totalCurrentAssets": 12445421000, "longTermInvestments": 716630000, "propertyPlantEquipment": 8253506000, "intangibleAssets": 380552000, "otherAssets": 920987000, "deferredLongTermAssetCharges": 398352000, "totalAssets": 22717096000, "accountsPayable": 3511548000, "otherCurrentLiab": 1987854000, "longTermDebt": 5534644000, "otherLiab": 1475558000, "minorityInterest": 788673000, "totalCurrentLiabilities": 7252091000, "totalLiab": 14262293000, "commonStock": 231212000, "treasuryStock": 7434918000, "otherStockholderEquity": 7434918000, "totalStockholderEquity": 7666130000, "netTangibleAssets": 7285578000}, {"maxAge": 1, "endDate": "2019-12-31", "totalStockholderEquity": 7630657000, "netTangibleAssets": 7275090000}, {"maxAge": 1, "endDate": "2019-09-30", "cash": 401012000, "shortTermInvestments": 3707852000, "netReceivables": 2416702000, "inventory": 3781179000, "otherCurrentAssets": 2951105000, "totalCurrentAssets": 13257850000, "longTermInvestments": 403136000, "propertyPlantEquipment": 8089422000, "goodWill": 2485000, "intangibleAssets": 353082000, "otherAssets": 896853000, "deferredLongTermAssetCharges": 344271000, "totalAssets": 23002828000, "accountsPayable": 3648801000, "otherCurrentLiab": 2480283000, "longTermDebt": 5437320000, "otherLiab": 288222000, "minorityInterest": 799644000, "totalCurrentLiabilities": 8846985000, "totalLiab": 14572527000, "commonStock": 231212000, "treasuryStock": 7399445000, "otherStockholderEquity": 7399445000, "totalStockholderEquity": 7630657000, "netTangibleAssets": 7275090000}], "maxAge": 86400}, "indexTrend": {"maxAge": 1, "symbol": "SP5", "peRatio": 19.7411, "pegRatio": 1.34172, "estimates": [{"period": "0q", "growth": 0.549}, {"period": "+1q", "growth": 0.431}, {"period": "0y", "growth": 0.305}, {"period": "+1y", "growth": 0.109}, {"period": "+5y", "growth": 0.120865}, {"period": "-5y"}]}, "insiderTransactions": {"transactions": [{"maxAge": 1, "shares": 12466034, "filerUrl": "", "transactionText": "Gift at price 0.00 per share.", "filerName": "Chowdhary (Savitri Devi)", "filerRelation": "Promoter", "moneyText": "", "startDate": "2020-08-28", "ownership": "D"}, {"maxAge": 1, "shares": 5579301, "filerUrl": "", "transactionText": "Gift at price 0.00 per share.", "filerName": "Chowdhary (J P)", "filerRelation": "Promoter", "moneyText": "", "startDate": "2020-08-28", "ownership": "D"}, {"maxAge": 1, "shares": 18131175, "filerUrl": "", "transactionText": "Gift at price 0.00 per share.", "filerName": "Chowdhary (J P)", "filerRelation": "Promoter", "moneyText": "", "startDate": "2020-08-28", "ownership": "D"}, {"maxAge": 1, "shares": 5650001, "filerUrl": "", "transactionText": "", "filerName": "Chowdhary (Savitri Devi)", "filerRelation": "Promoter", "moneyText": "", "startDate": "2019-11-22", "ownership": "D"}, {"maxAge": 1, "shares": 5647626, "filerUrl": "", "transactionText": "", "filerName": "Chowdhary (J P)", "filerRelation": "Promoter", "moneyText": "", "startDate": "2019-11-22", "ownership": "D"}, {"maxAge": 1, "shares": 25000, "filerUrl": "", "transactionText": "", "filerName": "Agarwal (Anil Kumar)", "filerRelation": "Chief Financial Officer", "moneyText": "", "startDate": "2019-04-03", "ownership": "D"}, {"maxAge": 1, "shares": 23455, "filerUrl": "", "transactionText": "", "filerName": "Singhal Contractors & Builders Pvt Ltd", "filerRelation": "Promoter", "moneyText": "", "startDate": "2016-12-30", "ownership": "D"}, {"maxAge": 1, "shares": 18035, "filerUrl": "", "transactionText": "", "filerName": "Simplex Development Pvt Ltd", "filerRelation": "Promoter", "moneyText": "", "startDate": "2016-12-30", "ownership": "D"}, {"maxAge": 1, "shares": 11875, "filerUrl": "", "transactionText": "", "filerName": "Navyug Business Pvt Ltd", "filerRelation": "Promoter", "moneyText": "", "startDate": "2016-12-30", "ownership": "D"}, {"maxAge": 1, "shares": 151760, "filerUrl": "", "transactionText": "", "filerName": "Traco International Investment Pvt Ltd", "filerRelation": "Institution- Corporation", "moneyText": "", "startDate": "2016-12-29", "ownership": "D"}, {"maxAge": 1, "shares": 409146, "filerUrl": "", "transactionText": "", "filerName": "GE Capital International (Mauritius)", "filerRelation": "Institution- Corporation", "moneyText": "", "startDate": "2015-04-17", "ownership": "D"}, {"maxAge": 1, "shares": 0, "filerUrl": "", "transactionText": "", "filerName": "Kandoi (Saket)", "filerRelation": "Promoter", "moneyText": "", "startDate": "2015-03-13", "ownership": "I"}, {"maxAge": 1, "shares": 200, "filerUrl": "", "transactionText": "", "filerName": "Kandoi (Sumita)", "filerRelation": "Promoter", "moneyText": "", "startDate": "2015-03-13", "ownership": "D"}, {"maxAge": 1, "shares": 1000, "filerUrl": "", "transactionText": "", "filerName": "Bajoria (Vinita)", "filerRelation": "Promoter", "moneyText": "", "startDate": "2015-02-27", "ownership": "D"}, {"maxAge": 1, "shares": 4000, "filerUrl": "", "transactionText": "", "filerName": "Bajoria (Vinita)", "filerRelation": "Promoter", "moneyText": "", "startDate": "2015-02-26", "ownership": "D"}, {"maxAge": 1, "shares": 5899, "filerUrl": "", "transactionText": "", "filerName": "Bajoria (Sanjay Kumar)", "filerRelation": "Promoter", "moneyText": "", "startDate": "2015-02-23", "ownership": "D"}, {"maxAge": 1, "shares": 193, "filerUrl": "", "transactionText": "", "filerName": "Kandoi (Saket)", "filerRelation": "Promoter", "moneyText": "", "startDate": "2010-01-18", "ownership": "D"}, {"maxAge": 1, "shares": 69, "filerUrl": "", "transactionText": "", "filerName": "Kandoi (Subhas)", "filerRelation": "UNREPORTED", "moneyText": "", "startDate": "2010-01-18", "ownership": "D"}, {"maxAge": 1, "shares": 15485, "filerUrl": "", "transactionText": "", "filerName": "Chowdhary (Umesh)", "filerRelation": "Vice Chairman", "moneyText": "", "startDate": "2010-01-18", "ownership": "D"}, {"maxAge": 1, "shares": 217, "filerUrl": "", "transactionText": "", "filerName": "Kandoi (Sumita)", "filerRelation": "Promoter", "moneyText": "", "startDate": "2010-01-18", "ownership": "D"}, {"maxAge": 1, "shares": 2375, "filerUrl": "", "transactionText": "", "filerName": "Navyug Business Pvt Ltd", "filerRelation": "Institution- Corporation", "moneyText": "", "startDate": "2010-01-18", "ownership": "D"}, {"maxAge": 1, "shares": 4899, "filerUrl": "", "transactionText": "", "filerName": "Bajoria (Sanjay Kumar)", "filerRelation": "UNREPORTED", "moneyText": "", "startDate": "2010-01-18", "ownership": "D"}, {"maxAge": 1, "shares": 30352, "filerUrl": "", "transactionText": "", "filerName": "Traco International Investment Pvt Ltd", "filerRelation": "Institution- Corporation", "moneyText": "", "startDate": "2010-01-18", "ownership": "D"}, {"maxAge": 1, "shares": 19, "filerUrl": "", "transactionText": "", "filerName": "Saraogi (Aditya Kumar)", "filerRelation": "UNREPORTED", "moneyText": "", "startDate": "2010-01-18", "ownership": "D"}, {"maxAge": 1, "shares": 105, "filerUrl": "", "transactionText": "", "filerName": "Saraogi (Sushil Kumar)", "filerRelation": "UNREPORTED", "moneyText": "", "startDate": "2010-01-18", "ownership": "D"}, {"maxAge": 1, "shares": 2375, "filerUrl": "", "transactionText": "", "filerName": "Chowdhary (J P)", "filerRelation": "UNREPORTED", "moneyText": "", "startDate": "2010-01-18", "ownership": "D"}, {"maxAge": 1, "shares": 567, "filerUrl": "", "transactionText": "", "filerName": "Simplex Development Pvt Ltd", "filerRelation": "Institution- Corporation", "moneyText": "", "startDate": "2010-01-18", "ownership": "D"}, {"maxAge": 1, "shares": 4691, "filerUrl": "", "transactionText": "", "filerName": "Singhal Contractors & Builders Pvt Ltd", "filerRelation": "Institution- Corporation", "moneyText": "", "startDate": "2010-01-18", "ownership": "D"}, {"maxAge": 1, "shares": 5016, "filerUrl": "", "transactionText": "", "filerName": "Bajoria (Vinita)", "filerRelation": "UNREPORTED", "moneyText": "", "startDate": "2010-01-18", "ownership": "D"}, {"maxAge": 1, "shares": 1944, "filerUrl": "", "transactionText": "", "filerName": "Vivek Vinidhan Pvt Ltd", "filerRelation": "Institution- Corporation", "moneyText": "", "startDate": "2010-01-11", "ownership": "D"}], "maxAge": 1}, "quoteType": {"exchange": "BSE", "quoteType": "EQUITY", "symbol": "TWL.BO", "underlyingSymbol": "TWL.BO", "shortName": "TITAGARH WAGONS LTD.", "longName": "Titagarh Wagons Limited", "firstTradeDateEpochUtc": "2008-04-21 09:15:00", "timeZoneFullName": "Asia/Kolkata", "timeZoneShortName": "IST", "uuid": "4d580f40-6717-3003-9745-d74744208582", "gmtOffSetMilliseconds": 19800000, "maxAge": 1}, "incomeStatementHistory": {"incomeStatementHistory": [{"maxAge": 1, "endDate": "2020-03-31", "totalRevenue": 17663243000, "costOfRevenue": 11514924000, "grossProfit": 6148319000, "researchDevelopment": {}, "sellingGeneralAdministrative": 1517744000, "nonRecurring": {}, "otherOperatingExpenses": 3421201000, "totalOperatingExpenses": 16745137000, "operatingIncome": 918106000, "totalOtherIncomeExpenseNet": -543527000, "ebit": 918106000, "interestExpense": -854054000, "incomeBeforeTax": 374579000, "incomeTaxExpense": -205055000, "minorityInterest": 788673000, "netIncomeFromContinuingOps": 579634000, "discontinuedOperations": -941055000, "extraordinaryItems": {}, "effectOfAccountingCharges": {}, "otherItems": {}, "netIncome": -341882000, "netIncomeApplicableToCommonShares": -341882000}, {"maxAge": 1, "endDate": "2019-03-31", "totalRevenue": 17107750000, "costOfRevenue": 10740671000, "grossProfit": 6367079000, "researchDevelopment": {}, "sellingGeneralAdministrative": 2341590000, "nonRecurring": {}, "otherOperatingExpenses": 3574253000, "totalOperatingExpenses": 17001372000, "operatingIncome": 106378000, "totalOtherIncomeExpenseNet": -661319000, "ebit": 106378000, "interestExpense": -542605000, "incomeBeforeTax": -554941000, "incomeTaxExpense": -329680000, "minorityInterest": 726214000, "netIncomeFromContinuingOps": -225261000, "discontinuedOperations": -941055000, "extraordinaryItems": {}, "effectOfAccountingCharges": {}, "otherItems": {}, "netIncome": -285231000, "netIncomeApplicableToCommonShares": -285231000}, {"maxAge": 1, "endDate": "2018-03-31", "totalRevenue": 12681864000, "costOfRevenue": 7811969000, "grossProfit": 4869895000, "researchDevelopment": {}, "sellingGeneralAdministrative": 2493055000, "nonRecurring": {}, "otherOperatingExpenses": 3306044000, "totalOperatingExpenses": 14102757000, "operatingIncome": -1420893000, "totalOtherIncomeExpenseNet": -250866000, "ebit": -1420893000, "interestExpense": -285744000, "incomeBeforeTax": -1671759000, "incomeTaxExpense": -199416000, "minorityInterest": 635616000, "netIncomeFromContinuingOps": -1472343000, "discontinuedOperations": -941055000, "extraordinaryItems": {}, "effectOfAccountingCharges": {}, "otherItems": {}, "netIncome": -1436226000, "netIncomeApplicableToCommonShares": -1436226000}, {"maxAge": 1, "endDate": "2017-03-31", "totalRevenue": 17135988000, "costOfRevenue": 11019377000, "grossProfit": 6116611000, "researchDevelopment": {}, "sellingGeneralAdministrative": 2220537000, "nonRecurring": {}, "otherOperatingExpenses": 2787135000, "totalOperatingExpenses": 16525625000, "operatingIncome": 610363000, "totalOtherIncomeExpenseNet": -113397000, "ebit": 610363000, "interestExpense": -186021000, "incomeBeforeTax": 496966000, "incomeTaxExpense": 222659000, "minorityInterest": 788107000, "netIncomeFromContinuingOps": 274307000, "discontinuedOperations": -941055000, "extraordinaryItems": {}, "effectOfAccountingCharges": {}, "otherItems": {}, "netIncome": 269027000, "netIncomeApplicableToCommonShares": 269027000}], "maxAge": 86400}, "fundOwnership": {"ownershipList": [], "maxAge": 1}, "summaryDetail": {"maxAge": 1, "priceHint": 2, "previousClose": 46.85, "open": 47.0, "dayLow": 46.4, "dayHigh": 48.15, "regularMarketPreviousClose": 46.85, "regularMarketOpen": 47.0, "regularMarketDayLow": 46.4, "regularMarketDayHigh": 48.15, "volume": 41635, "regularMarketVolume": 41635, "averageVolume": 96164, "averageVolume10days": 74558, "averageDailyVolume10Day": 74558, "bid": 47.05, "ask": 0.0, "bidSize": 0, "askSize": 0, "marketCap": 5472667648, "fiftyTwoWeekLow": 20.5, "fiftyTwoWeekHigh": 62.25, "fiftyDayAverage": 55.8, "twoHundredDayAverage": 46.86765, "trailingAnnualDividendRate": 0.3, "trailingAnnualDividendYield": 0.0064034155, "currency": "INR", "fromCurrency": null, "lastMarket": null, "algorithm": null, "tradeable": false}, "incomeStatementHistoryQuarterly": {"incomeStatementHistory": [{"maxAge": 1, "endDate": "2020-06-30", "totalRevenue": 2183797000, "costOfRevenue": 1369656000, "grossProfit": 814141000, "researchDevelopment": {}, "sellingGeneralAdministrative": 371225000, "nonRecurring": {}, "otherOperatingExpenses": 417070000, "totalOperatingExpenses": 2246923000, "operatingIncome": -63126000, "totalOtherIncomeExpenseNet": -177340000, "ebit": -63126000, "interestExpense": -188281000, "incomeBeforeTax": -240466000, "incomeTaxExpense": -23000000, "minorityInterest": {}, "netIncomeFromContinuingOps": -217466000, "discontinuedOperations": {}, "extraordinaryItems": {}, "effectOfAccountingCharges": {}, "otherItems": {}, "netIncome": -203084000, "netIncomeApplicableToCommonShares": -203084000}, {"maxAge": 1, "endDate": "2020-03-31", "totalRevenue": 4122804000, "costOfRevenue": 2524787000, "grossProfit": 1598017000, "researchDevelopment": {}, "sellingGeneralAdministrative": 378129000, "nonRecurring": {}, "otherOperatingExpenses": 910195000, "totalOperatingExpenses": 3911981000, "operatingIncome": 210823000, "totalOtherIncomeExpenseNet": -214868000, "ebit": 210823000, "interestExpense": -271058000, "incomeBeforeTax": -4045000, "incomeTaxExpense": -330969000, "minorityInterest": 788673000, "netIncomeFromContinuingOps": 326924000, "discontinuedOperations": -428812000, "extraordinaryItems": {}, "effectOfAccountingCharges": {}, "otherItems": {}, "netIncome": -89322000, "netIncomeApplicableToCommonShares": -89322000}, {"maxAge": 1, "endDate": "2019-12-31", "totalRevenue": 4541552000, "costOfRevenue": 2870760000, "grossProfit": 1670792000, "researchDevelopment": {}, "sellingGeneralAdministrative": 407250000, "nonRecurring": {}, "otherOperatingExpenses": 925001000, "totalOperatingExpenses": 4266428000, "operatingIncome": 275124000, "totalOtherIncomeExpenseNet": -152538000, "ebit": 275124000, "interestExpense": -219211000, "incomeBeforeTax": 122586000, "incomeTaxExpense": 42757000, "minorityInterest": 788673000, "netIncomeFromContinuingOps": 79829000, "discontinuedOperations": -428812000, "extraordinaryItems": {}, "effectOfAccountingCharges": {}, "otherItems": {}, "netIncome": 78217000, "netIncomeApplicableToCommonShares": 78217000}, {"maxAge": 1, "endDate": "2019-09-30", "totalRevenue": 4161328000, "costOfRevenue": 2642166000, "grossProfit": 1519162000, "researchDevelopment": {}, "sellingGeneralAdministrative": 362108000, "nonRecurring": {}, "otherOperatingExpenses": 859941000, "totalOperatingExpenses": 3932235000, "operatingIncome": 229093000, "totalOtherIncomeExpenseNet": -105971000, "ebit": 229093000, "interestExpense": -191935000, "incomeBeforeTax": 123122000, "incomeTaxExpense": 45766000, "minorityInterest": 799644000, "netIncomeFromContinuingOps": 77356000, "discontinuedOperations": -428812000, "extraordinaryItems": {}, "effectOfAccountingCharges": {}, "otherItems": {}, "netIncome": 78859000, "netIncomeApplicableToCommonShares": 78859000}], "maxAge": 86400}, "cashflowStatementHistoryQuarterly": {"cashflowStatements": [{"maxAge": 1, "endDate": "2020-06-30", "netIncome": -203084000, "changeToLiabilities": 0}, {"maxAge": 1, "endDate": "2020-03-31", "netIncome": -89322000, "changeToLiabilities": 0}, {"maxAge": 1, "endDate": "2019-12-31", "netIncome": 78217000, "changeToLiabilities": 0}, {"maxAge": 1, "endDate": "2019-09-30", "netIncome": 78859000, "changeToLiabilities": 0}], "maxAge": 86400}, "insiderHolders": {"holders": [{"maxAge": 1, "name": "Agarwal (Anil Kumar)", "relation": "Chief Financial Officer", "url": "", "transactionDescription": "Other", "latestTransDate": "2019-04-03", "positionDirect": 51000, "positionDirectDate": "2019-04-03"}, {"maxAge": 1, "name": "Chowdhary (J P)", "relation": "Promoter", "url": "", "transactionDescription": "Gift", "latestTransDate": "2020-08-28", "positionDirect": 70700, "positionDirectDate": "2020-08-28"}, {"maxAge": 1, "name": "Chowdhary (Savitri Devi)", "relation": "Promoter", "url": "", "transactionDescription": "Gift", "latestTransDate": "2020-08-28", "positionDirect": 0, "positionDirectDate": "2020-08-28"}, {"maxAge": 1, "name": "GE Capital International (Mauritius)", "relation": "Institution- Corporation", "url": "", "transactionDescription": "Sale", "latestTransDate": "2015-04-17", "positionDirect": 2134684, "positionDirectDate": "2015-04-17"}, {"maxAge": 1, "name": "Kandoi (Saket)", "relation": "Promoter", "url": "", "transactionDescription": "Sale", "latestTransDate": "2015-03-13", "positionIndirect": 193, "positionIndirectDate": 1426204800}, {"maxAge": 1, "name": "Kandoi (Sumita)", "relation": "Promoter", "url": "", "transactionDescription": "Sale", "latestTransDate": "2015-03-13", "positionDirect": 17, "positionDirectDate": "2015-03-13"}, {"maxAge": 1, "name": "Navyug Business Pvt Ltd", "relation": "Promoter", "url": "", "transactionDescription": "Sale", "latestTransDate": "2016-12-30", "positionDirect": 0, "positionDirectDate": "2016-12-30"}, {"maxAge": 1, "name": "Simplex Development Pvt Ltd", "relation": "Promoter", "url": "", "transactionDescription": "Sale", "latestTransDate": "2016-12-30", "positionDirect": 0, "positionDirectDate": "2016-12-30"}, {"maxAge": 1, "name": "Singhal Contractors & Builders Pvt Ltd", "relation": "Promoter", "url": "", "transactionDescription": "Sale", "latestTransDate": "2016-12-30", "positionDirect": 0, "positionDirectDate": "2016-12-30"}, {"maxAge": 1, "name": "Traco International Investment Pvt Ltd", "relation": "Institution- Corporation", "url": "", "transactionDescription": "Sale", "latestTransDate": "2016-12-29", "positionDirect": 0, "positionDirectDate": "2016-12-29"}], "maxAge": 1}, "calendarEvents": {"maxAge": 1, "earnings": {"earningsDate": ["2019-08-08 05:30:S", "2019-08-13 05:30:S"]}}, "upgradeDowngradeHistory": {"history": [], "maxAge": 86400}, "price": {"maxAge": 1, "regularMarketChangePercent": 0.0042689596, "regularMarketChange": 0.20000076, "regularMarketTime": "2021-04-30 15:50:34", "priceHint": 2, "regularMarketPrice": 47.05, "regularMarketDayHigh": 48.15, "regularMarketDayLow": 46.4, "regularMarketVolume": 41635, "averageDailyVolume10Day": 74558, "averageDailyVolume3Month": 96164, "regularMarketPreviousClose": 46.85, "regularMarketSource": "FREE_REALTIME", "regularMarketOpen": 47.0, "exchange": "BSE", "exchangeName": "BSE", "exchangeDataDelayedBy": 0, "marketState": "CLOSED", "quoteType": "EQUITY", "symbol": "TWL.BO", "underlyingSymbol": null, "shortName": "TITAGARH WAGONS LTD.", "longName": "Titagarh Wagons Limited", "currency": "INR", "quoteSourceName": "Delayed Quote", "currencySymbol": "\u20b9", "fromCurrency": null, "lastMarket": null, "marketCap": 5472667648}, "balanceSheetHistory": {"balanceSheetStatements": [{"maxAge": 1, "endDate": "2020-03-31", "cash": 560619000, "shortTermInvestments": 3158839000, "netReceivables": 2523223000, "inventory": 3762930000, "otherCurrentAssets": 2439810000, "totalCurrentAssets": 12445421000, "longTermInvestments": 716630000, "propertyPlantEquipment": 8253506000, "intangibleAssets": 380552000, "otherAssets": 920987000, "deferredLongTermAssetCharges": 398352000, "totalAssets": 22717096000, "accountsPayable": 3511548000, "otherCurrentLiab": 1987854000, "longTermDebt": 5534644000, "otherLiab": 1475558000, "minorityInterest": 788673000, "totalCurrentLiabilities": 7252091000, "totalLiab": 14262293000, "commonStock": 231212000, "treasuryStock": 7434918000, "otherStockholderEquity": 7434918000, "totalStockholderEquity": 7666130000, "netTangibleAssets": 7285578000}, {"maxAge": 1, "endDate": "2019-03-31", "cash": 986525000, "shortTermInvestments": 160112000, "netReceivables": 6132852000, "inventory": 5212601000, "otherCurrentAssets": 3253039000, "totalCurrentAssets": 15848852000, "longTermInvestments": 289807000, "propertyPlantEquipment": 9179844000, "goodWill": 2485000, "intangibleAssets": 420406000, "otherAssets": 1421179000, "deferredLongTermAssetCharges": 346976000, "totalAssets": 27162573000, "accountsPayable": 5351572000, "shortLongTermDebt": 265118000, "otherCurrentLiab": 2792786000, "longTermDebt": 5755877000, "otherLiab": 499343000, "deferredLongTermLiab": 21024000, "minorityInterest": 726214000, "totalCurrentLiabilities": 12019382000, "totalLiab": 18274602000, "commonStock": 231056000, "retainedEarnings": 3628641000, "treasuryStock": 238782000, "capitalSurplus": 4063278000, "otherStockholderEquity": 238782000, "totalStockholderEquity": 8161757000, "netTangibleAssets": 7738866000}, {"maxAge": 1, "endDate": "2018-03-31", "cash": 584023000, "shortTermInvestments": 142475000, "netReceivables": 7404003000, "inventory": 4415396000, "otherCurrentAssets": 3181656000, "totalCurrentAssets": 15849652000, "longTermInvestments": 265740000, "propertyPlantEquipment": 9375396000, "goodWill": 40225000, "intangibleAssets": 271182000, "otherAssets": 1393767000, "deferredLongTermAssetCharges": 307672000, "totalAssets": 27195962000, "accountsPayable": 3063055000, "shortLongTermDebt": 475242000, "otherCurrentLiab": 6956263000, "longTermDebt": 1872505000, "otherLiab": 1123761000, "deferredLongTermLiab": 77090000, "minorityInterest": 635616000, "totalCurrentLiabilities": 15017410000, "totalLiab": 18013676000, "commonStock": 231001000, "retainedEarnings": 3954125000, "treasuryStock": 301884000, "capitalSurplus": 4059660000, "otherStockholderEquity": 301884000, "totalStockholderEquity": 8546670000, "netTangibleAssets": 8235263000}, {"maxAge": 1, "endDate": "2017-03-31", "cash": 338225000, "shortTermInvestments": 92646000, "netReceivables": 7915700000, "inventory": 5372843000, "otherCurrentAssets": 2331943000, "totalCurrentAssets": 16124513000, "longTermInvestments": 263138000, "propertyPlantEquipment": 8932723000, "goodWill": 40225000, "intangibleAssets": 336204000, "otherAssets": 1322307000, "deferredLongTermAssetCharges": 69412000, "totalAssets": 27019110000, "accountsPayable": 4424917000, "shortLongTermDebt": 297984000, "otherCurrentLiab": 6790895000, "longTermDebt": 1597801000, "otherLiab": 1092099000, "deferredLongTermLiab": 93925000, "minorityInterest": 788107000, "totalCurrentLiabilities": 13865373000, "totalLiab": 16555273000, "commonStock": 230824000, "retainedEarnings": 5465255000, "treasuryStock": -66593000, "capitalSurplus": 4046244000, "otherStockholderEquity": -66593000, "totalStockholderEquity": 9675730000, "netTangibleAssets": 9299301000}], "maxAge": 86400}, "financialData": {"maxAge": 86400, "currentPrice": 47.05, "recommendationKey": "none", "grossProfits": 6148319000, "financialCurrency": "INR"}}}