{"TYCHE.BO": {"recommendationTrend": {"trend": [{"period": "0m", "strongBuy": 0, "buy": 0, "hold": 0, "sell": 0, "strongSell": 0}, {"period": "-1m", "strongBuy": 0, "buy": 0, "hold": 0, "sell": 0, "strongSell": 0}, {"period": "-2m", "strongBuy": 0, "buy": 0, "hold": 0, "sell": 0, "strongSell": 0}, {"period": "-3m", "strongBuy": 0, "buy": 0, "hold": 0, "sell": 0, "strongSell": 0}], "maxAge": 86400}, "cashflowStatementHistory": {"cashflowStatements": [{"maxAge": 1, "endDate": "2020-03-31", "netIncome": 175591543, "depreciation": 17392790, "changeToNetincome": -26403304, "changeToAccountReceivables": -27566777, "changeToLiabilities": 9547771, "changeToInventory": -15668557, "changeToOperatingActivities": 6073874, "totalCashFromOperatingActivities": 138967340, "capitalExpenditures": -2768262, "otherCashflowsFromInvestingActivities": 23360081, "totalCashflowsFromInvestingActivities": 20821194, "dividendsPaid": -5122670, "otherCashflowsFromFinancingActivities": -1052980, "totalCashFromFinancingActivities": -6175650, "changeInCash": 153612883}, {"maxAge": 1, "endDate": "2019-03-31", "netIncome": 71459326, "depreciation": 18408761, "changeToNetincome": -20574771, "changeToAccountReceivables": -5474699, "changeToLiabilities": 7917703, "changeToInventory": -26532290, "changeToOperatingActivities": -7673460, "totalCashFromOperatingActivities": 37530570, "capitalExpenditures": -11848780, "otherCashflowsFromInvestingActivities": 17705058, "totalCashflowsFromInvestingActivities": 6267278, "dividendsPaid": -5122670, "netBorrowings": -695387, "otherCashflowsFromFinancingActivities": -1052980, "totalCashFromFinancingActivities": -695387, "changeInCash": 43102461}, {"maxAge": 1, "endDate": "2018-03-31", "netIncome": 58626780, "depreciation": 18454706, "changeToNetincome": -12226579, "changeToAccountReceivables": 726900, "changeToLiabilities": -15030855, "changeToInventory": -8944943, "changeToOperatingActivities": 8750305, "totalCashFromOperatingActivities": 50356314, "capitalExpenditures": -14214599, "otherCashflowsFromInvestingActivities": 10737960, "totalCashflowsFromInvestingActivities": 62871874, "dividendsPaid": -5122670, "netBorrowings": -695387, "otherCashflowsFromFinancingActivities": -1042873, "totalCashFromFinancingActivities": -6020143, "changeInCash": 107208045, "issuanceOfStock": 145400}, {"maxAge": 1, "endDate": "2017-03-31", "netIncome": 30789565, "depreciation": 18701359, "changeToNetincome": 705650, "changeToAccountReceivables": 63403101, "changeToLiabilities": -4725732, "changeToInventory": 9679857, "changeToOperatingActivities": -4810778, "totalCashFromOperatingActivities": 113743022, "capitalExpenditures": -703373, "otherCashflowsFromInvestingActivities": 2265669, "totalCashflowsFromInvestingActivities": 5955123, "dividendsPaid": -5105800, "netBorrowings": -99768191, "otherCashflowsFromFinancingActivities": -1039417, "totalCashFromFinancingActivities": -105913408, "changeInCash": 13784737, "issuanceOfStock": 145400}], "maxAge": 86400}, "institutionOwnership": {"maxAge": 1, "ownershipList": []}, "balanceSheetHistoryQuarterly": {"balanceSheetStatements": [{"maxAge": 1, "endDate": "2020-06-30", "totalStockholderEquity": 771726000, "netTangibleAssets": 771726000}, {"maxAge": 1, "endDate": "2020-03-31", "cash": 23693548, "shortTermInvestments": 422961963, "netReceivables": 148717565, "inventory": 95596986, "otherCurrentAssets": 57743211, "totalCurrentAssets": 748713273, "longTermInvestments": 26982, "propertyPlantEquipment": 176737286, "otherAssets": 21470033, "totalAssets": 946947574, "accountsPayable": 69226220, "otherCurrentLiab": 69364684, "otherLiab": 28923851, "totalCurrentLiabilities": 146297308, "totalLiab": 175221159, "commonStock": 102453400, "retainedEarnings": 669273015, "totalStockholderEquity": 771726415, "netTangibleAssets": 771726415}, {"maxAge": 1, "endDate": "2019-12-31", "totalStockholderEquity": 686423000, "netTangibleAssets": 500904000}, {"maxAge": 1, "endDate": "2019-09-30", "cash": 308180000, "netReceivables": 200056000, "inventory": 94463000, "otherCurrentAssets": 32111000, "totalCurrentAssets": 634810000, "longTermInvestments": 26000, "intangibleAssets": 185519000, "otherAssets": 21164000, "totalAssets": 841519000, "accountsPayable": 83344000, "otherCurrentLiab": 42688000, "otherLiab": 29064000, "totalCurrentLiabilities": 126032000, "totalLiab": 155096000, "commonStock": 102453000, "treasuryStock": 583970000, "otherStockholderEquity": 583970000, "totalStockholderEquity": 686423000, "netTangibleAssets": 500904000}], "maxAge": 86400}, "earningsHistory": {"history": [{"maxAge": 1, "epsActual": {}, "epsEstimate": {}, "epsDifference": {}, "surprisePercent": {}, "quarter": {}, "period": "-4q"}, {"maxAge": 1, "epsActual": {}, "epsEstimate": {}, "epsDifference": {}, "surprisePercent": {}, "quarter": {}, "period": "-3q"}, {"maxAge": 1, "epsActual": {}, "epsEstimate": {}, "epsDifference": {}, "surprisePercent": {}, "quarter": {}, "period": "-2q"}, {"maxAge": 1, "epsActual": {}, "epsEstimate": {}, "epsDifference": {}, "surprisePercent": {}, "quarter": {}, "period": "-1q"}], "maxAge": 86400}, "indexTrend": {"maxAge": 1, "symbol": "SP5", "peRatio": 19.7411, "pegRatio": 1.34172, "estimates": [{"period": "0q", "growth": 0.549}, {"period": "+1q", "growth": 0.431}, {"period": "0y", "growth": 0.305}, {"period": "+1y", "growth": 0.109}, {"period": "+5y", "growth": 0.120859005}, {"period": "-5y"}]}, "industryTrend": {"maxAge": 1, "symbol": null, "estimates": []}, "insiderTransactions": {"transactions": [{"maxAge": 1, "shares": 24761, "filerUrl": "", "transactionText": "", "filerName": "Sri Indra Distillery Ltd", "filerRelation": "Promoter", "moneyText": "", "startDate": "2016-03-04", "ownership": "D"}, {"maxAge": 1, "shares": 48231, "filerUrl": "", "transactionText": "", "filerName": "Silveroak Technologies Pvt Ltd", "filerRelation": "Promoter", "moneyText": "", "startDate": "2016-03-03", "ownership": "D"}, {"maxAge": 1, "shares": 96056, "filerUrl": "", "transactionText": "", "filerName": "Silveroak Technologies Pvt Ltd", "filerRelation": "Promoter", "moneyText": "", "startDate": "2016-03-01", "ownership": "D"}, {"maxAge": 1, "shares": 98100, "filerUrl": "", "transactionText": "", "filerName": "Sri Indra Distillery Ltd", "filerRelation": "Promoter", "moneyText": "", "startDate": "2015-06-09", "ownership": "D"}, {"maxAge": 1, "shares": 98000, "filerUrl": "", "transactionText": "", "filerName": "Sri Indra Distillery Ltd", "filerRelation": "Promoter", "moneyText": "", "startDate": "2015-06-04", "ownership": "D"}, {"maxAge": 1, "shares": 78879, "filerUrl": "", "transactionText": "", "filerName": "Plutus Techlabs Ltd", "filerRelation": "Institution- Corporation", "moneyText": "", "startDate": "2015-02-25", "ownership": "D"}, {"maxAge": 1, "shares": 79200, "filerUrl": "", "transactionText": "", "filerName": "Sri Indra Distillery Ltd", "filerRelation": "Promoter", "moneyText": "", "startDate": "2015-02-25", "ownership": "D"}, {"maxAge": 1, "shares": 48000, "filerUrl": "", "transactionText": "", "filerName": "Plutus Techlabs Ltd", "filerRelation": "Institution- Corporation", "moneyText": "", "startDate": "2015-02-18", "ownership": "D"}, {"maxAge": 1, "shares": 46500, "filerUrl": "", "transactionText": "", "filerName": "Sri Indra Distillery Ltd", "filerRelation": "Promoter", "moneyText": "", "startDate": "2015-02-18", "ownership": "D"}, {"maxAge": 1, "shares": 46860, "filerUrl": "", "transactionText": "", "filerName": "Plutus Techlabs Ltd", "filerRelation": "Institution- Corporation", "moneyText": "", "startDate": "2015-02-16", "ownership": "D"}, {"maxAge": 1, "shares": 45794, "filerUrl": "", "transactionText": "", "filerName": "Sri Indra Distillery Ltd", "filerRelation": "Promoter", "moneyText": "", "startDate": "2015-02-16", "ownership": "D"}, {"maxAge": 1, "shares": 49682, "filerUrl": "", "transactionText": "", "filerName": "Silveroak Technologies Pvt Ltd", "filerRelation": "Promoter", "moneyText": "", "startDate": "2015-02-11", "ownership": "D"}, {"maxAge": 1, "shares": 49800, "filerUrl": "", "transactionText": "", "filerName": "Plutus Techlabs Ltd", "filerRelation": "Institution- Corporation", "moneyText": "", "startDate": "2015-02-11", "ownership": "D"}, {"maxAge": 1, "shares": 287993, "filerUrl": "", "transactionText": "", "filerName": "Silveroak Technologies Pvt Ltd", "filerRelation": "Promoter", "moneyText": "", "startDate": "2015-02-10", "ownership": "D"}, {"maxAge": 1, "shares": 285894, "filerUrl": "", "transactionText": "", "filerName": "Plutus Techlabs Ltd", "filerRelation": "Institution- Corporation", "moneyText": "", "startDate": "2015-02-10", "ownership": "D"}, {"maxAge": 1, "shares": 176995, "filerUrl": "", "transactionText": "", "filerName": "Gokaraju (Ganesh Kumar)", "filerRelation": "Chairman of the Board", "moneyText": "", "startDate": "2013-04-10", "ownership": "D"}, {"maxAge": 1, "shares": 75855, "filerUrl": "", "transactionText": "", "filerName": "Gokaraju (Sandeep Raju)", "filerRelation": "Promoter", "moneyText": "", "startDate": "2013-04-10", "ownership": "D"}], "maxAge": 1}, "quoteType": {"exchange": "BSE", "quoteType": "EQUITY", "symbol": "TYCHE.BO", "underlyingSymbol": "TYCHE.BO", "shortName": "TYCHE INDUSTRIES LTD.", "longName": "Tyche Industries Limited", "firstTradeDateEpochUtc": "2000-11-29 09:15:00", "timeZoneFullName": "Asia/Kolkata", "timeZoneShortName": "IST", "uuid": "e7856bdb-6340-36da-91b7-b43ce451bab4", "messageBoardId": null, "gmtOffSetMilliseconds": 19800000, "maxAge": 1}, "incomeStatementHistory": {"incomeStatementHistory": [{"maxAge": 1, "endDate": "2020-03-31", "totalRevenue": 742728846, "costOfRevenue": 304726438, "grossProfit": 438002408, "researchDevelopment": {}, "sellingGeneralAdministrative": 77728767, "nonRecurring": {}, "otherOperatingExpenses": 140670721, "totalOperatingExpenses": 540518716, "operatingIncome": 202210130, "totalOtherIncomeExpenseNet": 31051303, "ebit": 202210130, "interestExpense": -6007, "incomeBeforeTax": 233261433, "incomeTaxExpense": 57669890, "minorityInterest": {}, "netIncomeFromContinuingOps": 175591543, "discontinuedOperations": {}, "extraordinaryItems": {}, "effectOfAccountingCharges": {}, "otherItems": {}, "netIncome": 175591543, "netIncomeApplicableToCommonShares": 175591543}, {"maxAge": 1, "endDate": "2019-03-31", "totalRevenue": 539474803, "costOfRevenue": 239268236, "grossProfit": 300206567, "researchDevelopment": {}, "sellingGeneralAdministrative": 71688974, "nonRecurring": {}, "otherOperatingExpenses": 136797059, "totalOperatingExpenses": 466163030, "operatingIncome": 73311773, "totalOtherIncomeExpenseNet": 25145833, "ebit": 73311773, "interestExpense": -39335, "incomeBeforeTax": 98457606, "incomeTaxExpense": 26998280, "minorityInterest": {}, "netIncomeFromContinuingOps": 71459326, "discontinuedOperations": {}, "extraordinaryItems": {}, "effectOfAccountingCharges": {}, "otherItems": {}, "netIncome": 71459326, "netIncomeApplicableToCommonShares": 71459326}, {"maxAge": 1, "endDate": "2018-03-31", "totalRevenue": 515954025, "costOfRevenue": 228409404, "grossProfit": 287544621, "researchDevelopment": {}, "sellingGeneralAdministrative": 74667253, "nonRecurring": {}, "otherOperatingExpenses": 121638111, "totalOperatingExpenses": 443169474, "operatingIncome": 72784551, "totalOtherIncomeExpenseNet": 15864829, "ebit": 72784551, "interestExpense": -41301, "incomeBeforeTax": 88649380, "incomeTaxExpense": 30022600, "minorityInterest": {}, "netIncomeFromContinuingOps": 58626780, "discontinuedOperations": {}, "extraordinaryItems": {}, "effectOfAccountingCharges": {}, "otherItems": {}, "netIncome": 58626780, "netIncomeApplicableToCommonShares": 58626780}, {"maxAge": 1, "endDate": "2017-03-31", "totalRevenue": 439043397, "costOfRevenue": 207165275, "grossProfit": 231878122, "researchDevelopment": {}, "sellingGeneralAdministrative": 67664004, "nonRecurring": {}, "otherOperatingExpenses": 91311187, "totalOperatingExpenses": 384841825, "operatingIncome": 54201572, "totalOtherIncomeExpenseNet": 5067893, "ebit": 54201572, "interestExpense": -847364, "incomeBeforeTax": 59269465, "incomeTaxExpense": 28479900, "minorityInterest": {}, "netIncomeFromContinuingOps": 30789565, "discontinuedOperations": {}, "extraordinaryItems": {}, "effectOfAccountingCharges": {}, "otherItems": {}, "netIncome": 30789565, "netIncomeApplicableToCommonShares": 30789565}], "maxAge": 86400}, "fundOwnership": {"maxAge": 1, "ownershipList": []}, "summaryDetail": {"maxAge": 1, "priceHint": 2, "previousClose": 220.2, "open": 219.9, "dayLow": 215.0, "dayHigh": 223.95, "regularMarketPreviousClose": 220.2, "regularMarketOpen": 219.9, "regularMarketDayLow": 215.0, "regularMarketDayHigh": 223.95, "trailingPE": 10.869999, "forwardPE": 37.65571, "volume": 27735, "regularMarketVolume": 27735, "averageVolume": 15707, "averageVolume10days": 18941, "averageDailyVolume10Day": 18941, "bid": 216.0, "ask": 216.75, "bidSize": 0, "askSize": 0, "marketCap": 2230912512, "fiftyTwoWeekLow": 63.15, "fiftyTwoWeekHigh": 349.9, "fiftyDayAverage": 226.37857, "twoHundredDayAverage": 244.52373, "trailingAnnualDividendRate": 1.0, "trailingAnnualDividendYield": 0.0045413263, "currency": "INR", "fromCurrency": null, "toCurrency": null, "lastMarket": null, "algorithm": null, "tradeable": false}, "sectorTrend": {"maxAge": 1, "symbol": null, "estimates": []}, "incomeStatementHistoryQuarterly": {"incomeStatementHistory": [{"maxAge": 1, "endDate": "2020-06-30", "totalRevenue": 181439000, "costOfRevenue": 65754000, "grossProfit": 115685000, "researchDevelopment": {}, "sellingGeneralAdministrative": 16298000, "nonRecurring": {}, "otherOperatingExpenses": 37060000, "totalOperatingExpenses": 123492000, "operatingIncome": 57947000, "totalOtherIncomeExpenseNet": 20323000, "ebit": 57947000, "interestExpense": -2000, "incomeBeforeTax": 78270000, "incomeTaxExpense": 19727000, "minorityInterest": {}, "netIncomeFromContinuingOps": 58543000, "discontinuedOperations": {}, "extraordinaryItems": {}, "effectOfAccountingCharges": {}, "otherItems": {}, "netIncome": 58543000, "netIncomeApplicableToCommonShares": 58543000}, {"maxAge": 1, "endDate": "2020-03-31", "totalRevenue": 153549846, "costOfRevenue": 79374438, "grossProfit": 74175408, "researchDevelopment": {}, "sellingGeneralAdministrative": 20043767, "nonRecurring": {}, "otherOperatingExpenses": 14296721, "totalOperatingExpenses": 118153716, "operatingIncome": 35396130, "totalOtherIncomeExpenseNet": 9530303, "ebit": 35396130, "interestExpense": -6007, "incomeBeforeTax": 44926433, "incomeTaxExpense": 10708890, "minorityInterest": {}, "netIncomeFromContinuingOps": 34217543, "discontinuedOperations": {}, "extraordinaryItems": {}, "effectOfAccountingCharges": {}, "otherItems": {}, "netIncome": 34217543, "netIncomeApplicableToCommonShares": 34217543}, {"maxAge": 1, "endDate": "2019-12-31", "totalRevenue": 196233000, "costOfRevenue": 67118000, "grossProfit": 129115000, "researchDevelopment": {}, "sellingGeneralAdministrative": 21227000, "nonRecurring": {}, "otherOperatingExpenses": 40102000, "totalOperatingExpenses": 132790000, "operatingIncome": 63443000, "totalOtherIncomeExpenseNet": 6526000, "ebit": 63443000, "interestExpense": -6007, "incomeBeforeTax": 69969000, "incomeTaxExpense": 19363000, "minorityInterest": {}, "netIncomeFromContinuingOps": 50606000, "discontinuedOperations": {}, "extraordinaryItems": {}, "effectOfAccountingCharges": {}, "otherItems": {}, "netIncome": 50606000, "netIncomeApplicableToCommonShares": 50606000}, {"maxAge": 1, "endDate": "2019-09-30", "totalRevenue": 207464000, "costOfRevenue": 94317000, "grossProfit": 113147000, "researchDevelopment": {}, "sellingGeneralAdministrative": 19736000, "nonRecurring": {}, "otherOperatingExpenses": 48376000, "totalOperatingExpenses": 166839000, "operatingIncome": 40625000, "totalOtherIncomeExpenseNet": 36761000, "ebit": 40625000, "interestExpense": -5000, "incomeBeforeTax": 77386000, "incomeTaxExpense": 15656000, "minorityInterest": {}, "netIncomeFromContinuingOps": 61730000, "discontinuedOperations": {}, "extraordinaryItems": {}, "effectOfAccountingCharges": {}, "otherItems": {}, "netIncome": 61730000, "netIncomeApplicableToCommonShares": 61730000}], "maxAge": 86400}, "cashflowStatementHistoryQuarterly": {"cashflowStatements": [{"maxAge": 1, "endDate": "2020-06-30", "netIncome": 58543000, "changeToLiabilities": 0}, {"maxAge": 1, "endDate": "2020-03-31", "netIncome": 34217543, "changeToLiabilities": 0}, {"maxAge": 1, "endDate": "2019-12-31", "netIncome": 50606000, "changeToLiabilities": 0}, {"maxAge": 1, "endDate": "2019-09-30", "netIncome": 61730000, "changeToLiabilities": 0}], "maxAge": 86400}, "insiderHolders": {"holders": [{"maxAge": 1, "name": "Gokaraju (Ganesh Kumar)", "relation": "Chairman of the Board", "url": "", "transactionDescription": "Acquisition", "latestTransDate": "2013-04-10", "positionDirect": 1408095, "positionDirectDate": "2013-04-10"}, {"maxAge": 1, "name": "Gokaraju (Sandeep Raju)", "relation": "Promoter", "url": "", "transactionDescription": "Acquisition", "latestTransDate": "2013-04-10", "positionDirect": 842775, "positionDirectDate": "2013-04-10"}, {"maxAge": 1, "name": "Plutus Techlabs Ltd", "relation": "Institution- Corporation", "url": "", "transactionDescription": "Sale", "latestTransDate": "2015-02-25", "positionDirect": 1024099, "positionDirectDate": "2015-02-25"}, {"maxAge": 1, "name": "Silveroak Technologies Pvt Ltd", "relation": "Promoter", "url": "", "transactionDescription": "Acquisition", "latestTransDate": "2016-03-03", "positionDirect": 1978879, "positionDirectDate": "2016-03-03"}, {"maxAge": 1, "name": "Sri Indra Distillery Ltd", "relation": "Promoter", "url": "", "transactionDescription": "Acquisition", "latestTransDate": "2016-03-04", "positionDirect": 1888705, "positionDirectDate": "2016-03-04"}], "maxAge": 1}, "earnings": {"maxAge": 86400, "earningsChart": {"quarterly": [], "earningsDate": ["2020-11-14 05:30:S", "2020-11-15 05:30:S"]}, "financialsChart": {"yearly": [{"date": 2017, "revenue": 439043397, "earnings": 30789565}, {"date": 2018, "revenue": 515954025, "earnings": 58626780}, {"date": 2019, "revenue": 539474803, "earnings": 71459326}, {"date": 2020, "revenue": 742728846, "earnings": 175591543}], "quarterly": [{"date": "3Q2019", "revenue": 207464000, "earnings": 61730000}, {"date": "4Q2019", "revenue": 196233000, "earnings": 50606000}, {"date": "1Q2020", "revenue": 153549846, "earnings": 34217543}, {"date": "2Q2020", "revenue": 181439000, "earnings": 58543000}]}, "financialCurrency": "INR"}, "calendarEvents": {"maxAge": 1, "earnings": {"earningsDate": ["2020-11-14 05:30:S", "2020-11-15 05:30:S"]}}, "price": {"maxAge": 1, "regularMarketChangePercent": -0.0115803955, "regularMarketChange": -2.550003, "regularMarketTime": "2021-04-30 15:28:49", "priceHint": 2, "regularMarketPrice": 217.65, "regularMarketDayHigh": 223.95, "regularMarketDayLow": 215.0, "regularMarketVolume": 27735, "averageDailyVolume10Day": 18941, "averageDailyVolume3Month": 15707, "regularMarketPreviousClose": 220.2, "regularMarketSource": "FREE_REALTIME", "regularMarketOpen": 219.9, "exchange": "BSE", "exchangeName": "BSE", "exchangeDataDelayedBy": 0, "marketState": "CLOSED", "quoteType": "EQUITY", "symbol": "TYCHE.BO", "underlyingSymbol": null, "shortName": "TYCHE INDUSTRIES LTD.", "longName": "Tyche Industries Limited", "currency": "INR", "quoteSourceName": "Delayed Quote", "currencySymbol": "\u20b9", "fromCurrency": null, "toCurrency": null, "lastMarket": null, "marketCap": 2230912512}, "balanceSheetHistory": {"balanceSheetStatements": [{"maxAge": 1, "endDate": "2020-03-31", "cash": 23693548, "shortTermInvestments": 422961963, "netReceivables": 148717565, "inventory": 95596986, "otherCurrentAssets": 57743211, "totalCurrentAssets": 748713273, "longTermInvestments": 26982, "propertyPlantEquipment": 176737286, "otherAssets": 21470033, "totalAssets": 946947574, "accountsPayable": 69226220, "otherCurrentLiab": 69364684, "otherLiab": 28923851, "totalCurrentLiabilities": 146297308, "totalLiab": 175221159, "commonStock": 102453400, "retainedEarnings": 669273015, "totalStockholderEquity": 771726415, "netTangibleAssets": 771726415}, {"maxAge": 1, "endDate": "2019-03-31", "cash": 38516687, "shortTermInvestments": 254525924, "netReceivables": 123912108, "inventory": 79928429, "otherCurrentAssets": 30058918, "totalCurrentAssets": 526942066, "longTermInvestments": 26982, "propertyPlantEquipment": 191483768, "otherAssets": 21665950, "totalAssets": 740118766, "accountsPayable": 57699694, "otherCurrentLiab": 38088247, "otherLiab": 31489816, "totalCurrentLiabilities": 106012621, "totalLiab": 137502437, "commonStock": 102453400, "retainedEarnings": 500162929, "totalStockholderEquity": 602616329, "netTangibleAssets": 602616329}, {"maxAge": 1, "endDate": "2018-03-31", "cash": 249940168, "netReceivables": 113101318, "inventory": 53396139, "otherCurrentAssets": 29758760, "totalCurrentAssets": 446196385, "longTermInvestments": 26982, "propertyPlantEquipment": 198429015, "otherAssets": 22577491, "totalAssets": 667229873, "accountsPayable": 49120821, "otherCurrentLiab": 38458116, "otherLiab": 33175779, "totalCurrentLiabilities": 102112426, "totalLiab": 135983592, "commonStock": 102453400, "retainedEarnings": 428792881, "totalStockholderEquity": 531246281, "netTangibleAssets": 531246281}, {"maxAge": 1, "endDate": "2017-03-31", "cash": 149627816, "netReceivables": 109101601, "inventory": 44451196, "otherCurrentAssets": 17162957, "totalCurrentAssets": 320343570, "longTermInvestments": 26982, "propertyPlantEquipment": 269049872, "otherAssets": 20504202, "totalAssets": 609924626, "accountsPayable": 52566222, "otherCurrentLiab": 34699538, "otherLiab": 30971102, "totalCurrentLiabilities": 100086055, "totalLiab": 131057157, "commonStock": 102308000, "retainedEarnings": 376559469, "totalStockholderEquity": 478867469, "netTangibleAssets": 478867469}], "maxAge": 86400}, "earningsTrend": {"trend": [{"maxAge": 1, "period": "0q", "endDate": null, "growth": {}, "earningsEstimate": {"avg": 0.0, "low": 0.0, "high": 0.0, "yearAgoEps": {}, "numberOfAnalysts": 0, "growth": {}}, "revenueEstimate": {"avg": 0, "low": 0, "high": 0, "numberOfAnalysts": 0, "yearAgoRevenue": {}, "growth": {}}, "epsTrend": {"current": 0.0, "7daysAgo": 0.0, "30daysAgo": 0.0, "60daysAgo": 0.0, "90daysAgo": 0.0}, "epsRevisions": {"upLast7days": 0, "upLast30days": 0, "downLast30days": 0, "downLast90days": {}}}, {"maxAge": 1, "period": "+1q", "endDate": null, "growth": {}, "earningsEstimate": {"avg": 0.0, "low": 0.0, "high": 0.0, "yearAgoEps": {}, "numberOfAnalysts": 0, "growth": {}}, "revenueEstimate": {"avg": 0, "low": 0, "high": 0, "numberOfAnalysts": 0, "yearAgoRevenue": {}, "growth": {}}, "epsTrend": {"current": 0.0, "7daysAgo": 0.0, "30daysAgo": 0.0, "60daysAgo": 0.0, "90daysAgo": 0.0}, "epsRevisions": {"upLast7days": 0, "upLast30days": 0, "downLast30days": 0, "downLast90days": {}}}, {"maxAge": 1, "period": "0y", "endDate": null, "growth": {}, "earningsEstimate": {"avg": 0.0, "low": 0.0, "high": 0.0, "yearAgoEps": {}, "numberOfAnalysts": 0, "growth": {}}, "revenueEstimate": {"avg": 0, "low": 0, "high": 0, "numberOfAnalysts": 0, "yearAgoRevenue": {}, "growth": {}}, "epsTrend": {"current": 0.0, "7daysAgo": 0.0, "30daysAgo": 0.0, "60daysAgo": 0.0, "90daysAgo": 0.0}, "epsRevisions": {"upLast7days": 0, "upLast30days": 0, "downLast30days": 0, "downLast90days": {}}}, {"maxAge": 1, "period": "+1y", "endDate": null, "growth": {}, "earningsEstimate": {"avg": 0.0, "low": 0.0, "high": 0.0, "yearAgoEps": {}, "numberOfAnalysts": 0, "growth": {}}, "revenueEstimate": {"avg": 0, "low": 0, "high": 0, "numberOfAnalysts": 0, "yearAgoRevenue": {}, "growth": {}}, "epsTrend": {"current": 0.0, "7daysAgo": 0.0, "30daysAgo": 0.0, "60daysAgo": 0.0, "90daysAgo": 0.0}, "epsRevisions": {"upLast7days": 0, "upLast30days": 0, "downLast30days": 0, "downLast90days": {}}}, {"maxAge": 1, "period": "+5y", "endDate": null, "growth": {}, "earningsEstimate": {"avg": {}, "low": {}, "high": {}, "yearAgoEps": {}, "numberOfAnalysts": {}, "growth": {}}, "revenueEstimate": {"avg": {}, "low": {}, "high": {}, "numberOfAnalysts": {}, "yearAgoRevenue": {}, "growth": {}}, "epsTrend": {"current": {}, "7daysAgo": {}, "30daysAgo": {}, "60daysAgo": {}, "90daysAgo": {}}, "epsRevisions": {"upLast7days": {}, "upLast30days": {}, "downLast30days": {}, "downLast90days": {}}}, {"maxAge": 1, "period": "-5y", "endDate": null, "growth": {}, "earningsEstimate": {"avg": {}, "low": {}, "high": {}, "yearAgoEps": {}, "numberOfAnalysts": {}, "growth": {}}, "revenueEstimate": {"avg": {}, "low": {}, "high": {}, "numberOfAnalysts": {}, "yearAgoRevenue": {}, "growth": {}}, "epsTrend": {"current": {}, "7daysAgo": {}, "30daysAgo": {}, "60daysAgo": {}, "90daysAgo": {}}, "epsRevisions": {"upLast7days": {}, "upLast30days": {}, "downLast30days": {}, "downLast90days": {}}}], "maxAge": 1}, "financialData": {"maxAge": 86400, "currentPrice": 217.65, "targetHighPrice": 56.0, "targetLowPrice": 56.0, "targetMeanPrice": 56.0, "targetMedianPrice": 56.0, "recommendationKey": "none", "numberOfAnalystOpinions": 1, "grossProfits": 438002408, "financialCurrency": "INR"}}}