{"TYROON.BO": {"cashflowStatementHistory": {"cashflowStatements": [{"maxAge": 1, "endDate": "2020-03-31", "netIncome": -13795000, "depreciation": 6570000, "changeToNetincome": -13692000, "changeToAccountReceivables": -4916000, "changeToLiabilities": 3310000, "changeToInventory": 11907000, "totalCashFromOperatingActivities": -10616000, "capitalExpenditures": -9116000, "investments": 18812000, "otherCashflowsFromInvestingActivities": 1175000, "totalCashflowsFromInvestingActivities": 10921000, "dividendsPaid": -410000, "netBorrowings": 2829000, "otherCashflowsFromFinancingActivities": -2190000, "totalCashFromFinancingActivities": 229000, "changeInCash": 534000}, {"maxAge": 1, "endDate": "2019-03-31", "netIncome": -12241000, "depreciation": 5745000, "changeToNetincome": -6661000, "changeToAccountReceivables": 206000, "changeToLiabilities": 15298000, "changeToInventory": -2651000, "totalCashFromOperatingActivities": -304000, "capitalExpenditures": -12076000, "investments": -708000, "otherCashflowsFromInvestingActivities": 4176000, "totalCashflowsFromInvestingActivities": -8604000, "dividendsPaid": -227000, "netBorrowings": 9859000, "otherCashflowsFromFinancingActivities": -1068000, "totalCashFromFinancingActivities": 8564000, "changeInCash": -344000}, {"maxAge": 1, "endDate": "2018-03-31", "netIncome": -2352939, "depreciation": 5662065, "changeToNetincome": 709470, "changeToAccountReceivables": -1870203, "changeToLiabilities": 8524527, "changeToInventory": -3686841, "totalCashFromOperatingActivities": 6986079, "capitalExpenditures": -29065681, "investments": 28736429, "otherCashflowsFromInvestingActivities": 1743528, "totalCashflowsFromInvestingActivities": 1486314, "dividendsPaid": -380, "netBorrowings": -5541096, "otherCashflowsFromFinancingActivities": -3106004, "totalCashFromFinancingActivities": -8647480, "changeInCash": -175087}, {"maxAge": 1, "endDate": "2017-03-31", "netIncome": -542430, "depreciation": 5732241, "changeToNetincome": -3304841, "changeToAccountReceivables": 6123782, "changeToLiabilities": 1702335, "changeToInventory": 2684563, "totalCashFromOperatingActivities": 12395650, "capitalExpenditures": -27523816, "investments": 11989524, "otherCashflowsFromInvestingActivities": 471952, "totalCashflowsFromInvestingActivities": -15062340, "dividendsPaid": -39785, "netBorrowings": -383764, "otherCashflowsFromFinancingActivities": -188712, "totalCashFromFinancingActivities": -612261, "changeInCash": -3278951}], "maxAge": 86400}, "institutionOwnership": {"ownershipList": [], "maxAge": 1}, "balanceSheetHistoryQuarterly": {"balanceSheetStatements": [{"maxAge": 1, "endDate": "2020-06-30", "totalStockholderEquity": 189918000, "netTangibleAssets": 189918000}, {"maxAge": 1, "endDate": "2020-03-31", "cash": 3178000, "shortTermInvestments": 514000, "netReceivables": 40627000, "inventory": 16201000, "otherCurrentAssets": 6730000, "totalCurrentAssets": 144906000, "longTermInvestments": 8114000, "propertyPlantEquipment": 139633000, "otherAssets": 23794000, "deferredLongTermAssetCharges": 5803000, "totalAssets": 316447000, "accountsPayable": 42862000, "shortLongTermDebt": 890000, "otherCurrentLiab": 432000, "longTermDebt": 2942000, "otherLiab": 58399000, "totalCurrentLiabilities": 62576000, "totalLiab": 126529000, "commonStock": 34021000, "retainedEarnings": 116314000, "treasuryStock": 926000, "capitalSurplus": 38657000, "otherStockholderEquity": 926000, "totalStockholderEquity": 189918000, "netTangibleAssets": 189918000}, {"maxAge": 1, "endDate": "2019-12-31", "totalStockholderEquity": 242680000, "netTangibleAssets": 242680000}, {"maxAge": 1, "endDate": "2019-09-30", "cash": 4782000, "shortTermInvestments": 86303000, "netReceivables": 48954000, "inventory": 40093000, "otherCurrentAssets": 14078000, "totalCurrentAssets": 194210000, "longTermInvestments": 19122000, "propertyPlantEquipment": 96126000, "otherAssets": 59326000, "deferredLongTermAssetCharges": 3303000, "totalAssets": 368784000, "accountsPayable": 41310000, "shortLongTermDebt": 13434000, "otherCurrentLiab": 842000, "longTermDebt": 3397000, "otherLiab": 58091000, "totalCurrentLiabilities": 64616000, "totalLiab": 126104000, "commonStock": 35120000, "treasuryStock": 207560000, "otherStockholderEquity": 207560000, "totalStockholderEquity": 242680000, "netTangibleAssets": 242680000}], "maxAge": 86400}, "indexTrend": {"maxAge": 1, "symbol": "SP5", "peRatio": 19.7411, "pegRatio": 1.34172, "estimates": [{"period": "0q", "growth": 0.549}, {"period": "+1q", "growth": 0.431}, {"period": "0y", "growth": 0.305}, {"period": "+1y", "growth": 0.109}, {"period": "+5y", "growth": 0.120859005}, {"period": "-5y"}]}, "quoteType": {"exchange": "BSE", "quoteType": "EQUITY", "symbol": "TYROON.BO", "underlyingSymbol": "TYROON.BO", "shortName": "TYROON TEA CO.LTD.", "longName": "Tyroon Tea Company Limited", "firstTradeDateEpochUtc": "2000-10-18 09:15:00", "timeZoneFullName": "Asia/Kolkata", "timeZoneShortName": "IST", "uuid": "b01cb9ba-3493-3d15-b40c-fa63fd9410ae", "gmtOffSetMilliseconds": 19800000, "maxAge": 1}, "incomeStatementHistory": {"incomeStatementHistory": [{"maxAge": 1, "endDate": "2020-03-31", "totalRevenue": 284523000, "costOfRevenue": 62722000, "grossProfit": 221801000, "researchDevelopment": {}, "sellingGeneralAdministrative": 137033000, "nonRecurring": {}, "otherOperatingExpenses": 111611000, "totalOperatingExpenses": 317936000, "operatingIncome": -33413000, "totalOtherIncomeExpenseNet": 15863000, "ebit": -33413000, "interestExpense": -2190000, "incomeBeforeTax": -17550000, "incomeTaxExpense": -3755000, "minorityInterest": {}, "netIncomeFromContinuingOps": -13795000, "discontinuedOperations": {}, "extraordinaryItems": {}, "effectOfAccountingCharges": {}, "otherItems": {}, "netIncome": -13795000, "netIncomeApplicableToCommonShares": -13795000}, {"maxAge": 1, "endDate": "2019-03-31", "totalRevenue": 279365000, "costOfRevenue": 49322000, "grossProfit": 230043000, "researchDevelopment": {}, "sellingGeneralAdministrative": 136787000, "nonRecurring": {}, "otherOperatingExpenses": 107313000, "totalOperatingExpenses": 299168000, "operatingIncome": -19803000, "totalOtherIncomeExpenseNet": 11296000, "ebit": -19803000, "interestExpense": -1068000, "incomeBeforeTax": -8507000, "incomeTaxExpense": 3734000, "minorityInterest": {}, "netIncomeFromContinuingOps": -12241000, "discontinuedOperations": {}, "extraordinaryItems": {}, "effectOfAccountingCharges": {}, "otherItems": {}, "netIncome": -12241000, "netIncomeApplicableToCommonShares": -12241000}, {"maxAge": 1, "endDate": "2018-03-31", "totalRevenue": 251523632, "costOfRevenue": 42690833, "grossProfit": 208832799, "researchDevelopment": {}, "sellingGeneralAdministrative": 116186007, "nonRecurring": {}, "otherOperatingExpenses": 96260899, "totalOperatingExpenses": 260799804, "operatingIncome": -9276172, "totalOtherIncomeExpenseNet": 9392496, "ebit": -9276172, "interestExpense": -3106004, "incomeBeforeTax": 116324, "incomeTaxExpense": 2469263, "minorityInterest": {}, "netIncomeFromContinuingOps": -2352939, "discontinuedOperations": {}, "extraordinaryItems": {}, "effectOfAccountingCharges": {}, "otherItems": {}, "netIncome": -2352939, "netIncomeApplicableToCommonShares": -2352939}, {"maxAge": 1, "endDate": "2017-03-31", "totalRevenue": 243897799, "costOfRevenue": 38402263, "grossProfit": 205495536, "researchDevelopment": {}, "sellingGeneralAdministrative": 112651344, "nonRecurring": {}, "otherOperatingExpenses": 99407056, "totalOperatingExpenses": 256192904, "operatingIncome": -12295105, "totalOtherIncomeExpenseNet": 14963386, "ebit": -12295105, "interestExpense": -167571, "incomeBeforeTax": 2668281, "incomeTaxExpense": 3210711, "minorityInterest": {}, "netIncomeFromContinuingOps": -542430, "discontinuedOperations": {}, "extraordinaryItems": {}, "effectOfAccountingCharges": {}, "otherItems": {}, "netIncome": -542430, "netIncomeApplicableToCommonShares": -542430}], "maxAge": 86400}, "fundOwnership": {"ownershipList": [], "maxAge": 1}, "summaryDetail": {"maxAge": 1, "priceHint": 2, "previousClose": 45.25, "open": 45.25, "dayLow": 45.25, "dayHigh": 46.1, "regularMarketPreviousClose": 45.25, "regularMarketOpen": 45.25, "regularMarketDayLow": 45.25, "regularMarketDayHigh": 46.1, "volume": 903, "regularMarketVolume": 903, "averageVolume": 540, "averageVolume10days": 502, "averageDailyVolume10Day": 502, "bid": 45.5, "ask": 47.95, "bidSize": 0, "askSize": 0, "marketCap": 156326496, "fiftyTwoWeekLow": 22.0, "fiftyTwoWeekHigh": 46.1, "fiftyDayAverage": 37.669697, "twoHundredDayAverage": 29.056986, "currency": "INR", "fromCurrency": null, "lastMarket": null, "algorithm": null, "tradeable": false}, "incomeStatementHistoryQuarterly": {"incomeStatementHistory": [{"maxAge": 1, "endDate": "2020-06-30", "totalRevenue": 41535000, "costOfRevenue": -14908000, "grossProfit": 56443000, "researchDevelopment": {}, "sellingGeneralAdministrative": 24164000, "nonRecurring": {}, "otherOperatingExpenses": 26369000, "totalOperatingExpenses": 37282000, "operatingIncome": 4253000, "totalOtherIncomeExpenseNet": 7005000, "ebit": 4253000, "interestExpense": -682000, "incomeBeforeTax": 11258000, "incomeTaxExpense": 0, "minorityInterest": {}, "netIncomeFromContinuingOps": 11258000, "discontinuedOperations": {}, "extraordinaryItems": {}, "effectOfAccountingCharges": {}, "otherItems": {}, "netIncome": 11258000, "netIncomeApplicableToCommonShares": 11258000}, {"maxAge": 1, "endDate": "2020-03-31", "totalRevenue": 26580000, "costOfRevenue": 43869000, "grossProfit": -17289000, "researchDevelopment": {}, "sellingGeneralAdministrative": 31132000, "nonRecurring": {}, "otherOperatingExpenses": 6693000, "totalOperatingExpenses": 83903000, "operatingIncome": -57323000, "totalOtherIncomeExpenseNet": -2772000, "ebit": -57323000, "interestExpense": -369000, "incomeBeforeTax": -60095000, "incomeTaxExpense": -3755000, "minorityInterest": {}, "netIncomeFromContinuingOps": -56340000, "discontinuedOperations": {}, "extraordinaryItems": {}, "effectOfAccountingCharges": {}, "otherItems": {}, "netIncome": -56340000, "netIncomeApplicableToCommonShares": -56340000}, {"maxAge": 1, "endDate": "2019-12-31", "totalRevenue": 75992000, "costOfRevenue": 10866000, "grossProfit": 65126000, "researchDevelopment": {}, "sellingGeneralAdministrative": 33404000, "nonRecurring": {}, "otherOperatingExpenses": 34121000, "totalOperatingExpenses": 80135000, "operatingIncome": -4143000, "totalOtherIncomeExpenseNet": 4041000, "ebit": -4143000, "interestExpense": -754000, "incomeBeforeTax": -102000, "incomeTaxExpense": 0, "minorityInterest": {}, "netIncomeFromContinuingOps": -102000, "discontinuedOperations": {}, "extraordinaryItems": {}, "effectOfAccountingCharges": {}, "otherItems": {}, "netIncome": -102000, "netIncomeApplicableToCommonShares": -102000}, {"maxAge": 1, "endDate": "2019-09-30", "totalRevenue": 122309000, "costOfRevenue": 11037000, "grossProfit": 111272000, "researchDevelopment": {}, "sellingGeneralAdministrative": 39429000, "nonRecurring": {}, "otherOperatingExpenses": 34307000, "totalOperatingExpenses": 86113000, "operatingIncome": 36196000, "totalOtherIncomeExpenseNet": 4857000, "ebit": 36196000, "interestExpense": -405000, "incomeBeforeTax": 41053000, "incomeTaxExpense": 0, "minorityInterest": {}, "netIncomeFromContinuingOps": 41053000, "discontinuedOperations": {}, "extraordinaryItems": {}, "effectOfAccountingCharges": {}, "otherItems": {}, "netIncome": 41053000, "netIncomeApplicableToCommonShares": 41053000}], "maxAge": 86400}, "cashflowStatementHistoryQuarterly": {"cashflowStatements": [{"maxAge": 1, "endDate": "2020-06-30", "netIncome": 11258000, "changeToLiabilities": 0}, {"maxAge": 1, "endDate": "2020-03-31", "netIncome": -56340000, "changeToLiabilities": 0}, {"maxAge": 1, "endDate": "2019-12-31", "netIncome": -102000, "changeToLiabilities": 0}, {"maxAge": 1, "endDate": "2019-09-30", "netIncome": 41053000, "changeToLiabilities": 0}], "maxAge": 86400}, "insiderHolders": {"holders": [], "maxAge": 1}, "calendarEvents": {"maxAge": 1, "earnings": {"earningsDate": ["2020-09-15 05:30:S"]}}, "upgradeDowngradeHistory": {"history": [], "maxAge": 86400}, "price": {"maxAge": 1, "regularMarketChangePercent": 0.015469629, "regularMarketChange": 0.70000076, "regularMarketTime": "2021-04-30 15:25:15", "priceHint": 2, "regularMarketPrice": 45.95, "regularMarketDayHigh": 46.1, "regularMarketDayLow": 45.25, "regularMarketVolume": 903, "averageDailyVolume10Day": 502, "averageDailyVolume3Month": 540, "regularMarketPreviousClose": 45.25, "regularMarketSource": "FREE_REALTIME", "regularMarketOpen": 45.25, "exchange": "BSE", "exchangeName": "BSE", "exchangeDataDelayedBy": 0, "marketState": "CLOSED", "quoteType": "EQUITY", "symbol": "TYROON.BO", "underlyingSymbol": null, "shortName": "TYROON TEA CO.LTD.", "longName": "Tyroon Tea Company Limited", "currency": "INR", "quoteSourceName": "Delayed Quote", "currencySymbol": "\u20b9", "fromCurrency": null, "lastMarket": null, "marketCap": 156326496}, "balanceSheetHistory": {"balanceSheetStatements": [{"maxAge": 1, "endDate": "2020-03-31", "cash": 3178000, "shortTermInvestments": 514000, "netReceivables": 40627000, "inventory": 16201000, "otherCurrentAssets": 6730000, "totalCurrentAssets": 144906000, "longTermInvestments": 8114000, "propertyPlantEquipment": 139633000, "otherAssets": 23794000, "deferredLongTermAssetCharges": 5803000, "totalAssets": 316447000, "accountsPayable": 42862000, "shortLongTermDebt": 890000, "otherCurrentLiab": 432000, "longTermDebt": 2942000, "otherLiab": 58399000, "totalCurrentLiabilities": 62576000, "totalLiab": 126529000, "commonStock": 34021000, "retainedEarnings": 116314000, "treasuryStock": 926000, "capitalSurplus": 38657000, "otherStockholderEquity": 926000, "totalStockholderEquity": 189918000, "netTangibleAssets": 189918000}, {"maxAge": 1, "endDate": "2019-03-31", "cash": 2644000, "shortTermInvestments": 14000, "netReceivables": 38245000, "inventory": 23262000, "otherCurrentAssets": 6540000, "totalCurrentAssets": 163861000, "longTermInvestments": 5812000, "propertyPlantEquipment": 92267000, "otherAssets": 64984000, "deferredLongTermAssetCharges": 3303000, "totalAssets": 326924000, "accountsPayable": 45688000, "shortLongTermDebt": 317000, "otherCurrentLiab": 842000, "longTermDebt": 1001000, "otherLiab": 55191000, "totalCurrentLiabilities": 70593000, "totalLiab": 126785000, "commonStock": 34021000, "retainedEarnings": 126362000, "treasuryStock": 1099000, "capitalSurplus": 38657000, "otherStockholderEquity": 1099000, "totalStockholderEquity": 200139000, "netTangibleAssets": 200139000}, {"maxAge": 1, "endDate": "2018-03-31", "cash": 2988098, "shortTermInvestments": 14000, "netReceivables": 31374236, "inventory": 19816125, "otherCurrentAssets": 11941335, "totalCurrentAssets": 149635893, "longTermInvestments": 9663816, "propertyPlantEquipment": 89112664, "otherAssets": 67089446, "deferredLongTermAssetCharges": 5928037, "totalAssets": 315501819, "accountsPayable": 37598239, "shortLongTermDebt": 289015, "otherCurrentLiab": 1069822, "longTermDebt": 1317360, "otherLiab": 52968609, "totalCurrentLiabilities": 52074411, "totalLiab": 106360380, "commonStock": 34021000, "retainedEarnings": 129259088, "treasuryStock": 7204351, "capitalSurplus": 38657000, "otherStockholderEquity": 7204351, "totalStockholderEquity": 209141439, "netTangibleAssets": 209141439}, {"maxAge": 1, "endDate": "2017-03-31", "cash": 2563185, "shortTermInvestments": 14000, "netReceivables": 29113739, "inventory": 18616240, "otherCurrentAssets": 5278062, "totalCurrentAssets": 146850143, "longTermInvestments": 22816737, "propertyPlantEquipment": 87424393, "otherAssets": 51101532, "deferredLongTermAssetCharges": 6608359, "totalAssets": 308192805, "accountsPayable": 33298058, "otherCurrentLiab": 1070202, "otherLiab": 43259584, "totalCurrentLiabilities": 55876355, "totalLiab": 99135939, "commonStock": 34021000, "retainedEarnings": 135006027, "treasuryStock": 1372839, "capitalSurplus": 38657000, "otherStockholderEquity": 1372839, "totalStockholderEquity": 209056866, "netTangibleAssets": 209056866}], "maxAge": 86400}, "financialData": {"maxAge": 86400, "currentPrice": 45.95, "recommendationKey": "none", "grossProfits": 221801000, "financialCurrency": "INR"}}}