{"UBL.BO": {"recommendationTrend": {"trend": [{"period": "0m", "strongBuy": 0, "buy": 0, "hold": 0, "sell": 0, "strongSell": 0}, {"period": "-1m", "strongBuy": 0, "buy": 0, "hold": 0, "sell": 0, "strongSell": 0}, {"period": "-2m", "strongBuy": 0, "buy": 0, "hold": 0, "sell": 0, "strongSell": 0}, {"period": "-3m", "strongBuy": 0, "buy": 0, "hold": 0, "sell": 0, "strongSell": 0}], "maxAge": 86400}, "cashflowStatementHistory": {"cashflowStatements": [{"maxAge": 1, "endDate": "2020-03-31", "netIncome": 4277300000, "depreciation": 2851000000, "changeToNetincome": 145900000, "changeToAccountReceivables": 1281600000, "changeToLiabilities": -460400000, "changeToInventory": -614700000, "changeToOperatingActivities": -2402800000, "totalCashFromOperatingActivities": 5077900000, "capitalExpenditures": -4039100000, "investments": -14400000, "otherCashflowsFromInvestingActivities": 23200000, "totalCashflowsFromInvestingActivities": -4024400000, "dividendsPaid": -663200000, "netBorrowings": 115100000, "otherCashflowsFromFinancingActivities": -403800000, "totalCashFromFinancingActivities": -951900000, "changeInCash": 101600000}, {"maxAge": 1, "endDate": "2019-03-31", "netIncome": 5629400000, "depreciation": 2598600000, "changeToNetincome": -697100000, "changeToAccountReceivables": 26000000, "changeToLiabilities": 734800000, "changeToInventory": -2244600000, "changeToOperatingActivities": 383300000, "totalCashFromOperatingActivities": 6430400000, "capitalExpenditures": -4379300000, "investments": -10700000, "otherCashflowsFromInvestingActivities": 73200000, "totalCashflowsFromInvestingActivities": -4303800000, "dividendsPaid": -531300000, "netBorrowings": -1005700000, "otherCashflowsFromFinancingActivities": -422200000, "totalCashFromFinancingActivities": -1959200000, "changeInCash": 167400000}, {"maxAge": 1, "endDate": "2018-03-31", "netIncome": 3942000000, "depreciation": 2596500000, "changeToNetincome": 359900000, "changeToAccountReceivables": -2328400000, "changeToLiabilities": 647100000, "changeToInventory": -571600000, "changeToOperatingActivities": 987500000, "totalCashFromOperatingActivities": 5633000000, "capitalExpenditures": -2016900000, "investments": 21600000, "otherCashflowsFromInvestingActivities": 22200000, "totalCashflowsFromInvestingActivities": -1970400000, "dividendsPaid": -246100000, "netBorrowings": -2819600000, "otherCashflowsFromFinancingActivities": -569600000, "totalCashFromFinancingActivities": -3635300000, "changeInCash": 27300000}, {"maxAge": 1, "endDate": "2017-03-31", "netIncome": 2295700000, "depreciation": 2870500000, "changeToNetincome": 252700000, "changeToAccountReceivables": -1726100000, "changeToLiabilities": 434600000, "changeToInventory": -627900000, "changeToOperatingActivities": 1941000000, "totalCashFromOperatingActivities": 5440500000, "capitalExpenditures": -2360100000, "investments": -6900000, "otherCashflowsFromInvestingActivities": 25500000, "totalCashflowsFromInvestingActivities": -2336300000, "dividendsPaid": -244100000, "netBorrowings": -2121900000, "otherCashflowsFromFinancingActivities": -645600000, "totalCashFromFinancingActivities": -3011600000, "changeInCash": 92600000}], "maxAge": 86400}, "institutionOwnership": {"ownershipList": [], "maxAge": 1}, "balanceSheetHistoryQuarterly": {"balanceSheetStatements": [{"maxAge": 1, "endDate": "2020-06-30", "totalStockholderEquity": 35202600000, "netTangibleAssets": 34721200000}, {"maxAge": 1, "endDate": "2020-03-31", "cash": 293600000, "shortTermInvestments": 113200000, "netReceivables": 13511800000, "inventory": 10939300000, "otherCurrentAssets": 3864000000, "totalCurrentAssets": 29614500000, "longTermInvestments": 11700000, "propertyPlantEquipment": 20770600000, "goodWill": 242100000, "intangibleAssets": 239300000, "otherAssets": 4630100000, "deferredLongTermAssetCharges": 277700000, "totalAssets": 55508300000, "accountsPayable": 5450400000, "shortLongTermDebt": 750600000, "otherCurrentLiab": 2314100000, "longTermDebt": 3700000, "otherLiab": 278900000, "minorityInterest": 33400000, "totalCurrentLiabilities": 19904400000, "totalLiab": 20272300000, "commonStock": 264400000, "retainedEarnings": 26175400000, "treasuryStock": 2469000000, "capitalSurplus": 6293800000, "otherStockholderEquity": 2469000000, "totalStockholderEquity": 35202600000, "netTangibleAssets": 34721200000}, {"maxAge": 1, "endDate": "2019-12-31", "totalStockholderEquity": 33830000000, "netTangibleAssets": 33327300000}, {"maxAge": 1, "endDate": "2019-09-30", "cash": 512400000, "netReceivables": 17209900000, "inventory": 10818200000, "otherCurrentAssets": 3171500000, "totalCurrentAssets": 31712000000, "longTermInvestments": 545500000, "propertyPlantEquipment": 20029100000, "goodWill": 242100000, "intangibleAssets": 260600000, "otherAssets": 3755000000, "deferredLongTermAssetCharges": 81700000, "totalAssets": 56544300000, "accountsPayable": 4128500000, "otherCurrentLiab": 14460600000, "longTermDebt": 807800000, "otherLiab": 143000000, "minorityInterest": 27800000, "totalCurrentLiabilities": 21735700000, "totalLiab": 22686500000, "commonStock": 264400000, "treasuryStock": 33565600000, "otherStockholderEquity": 33565600000, "totalStockholderEquity": 33830000000, "netTangibleAssets": 33327300000}], "maxAge": 86400}, "earningsHistory": {"history": [{"maxAge": 1, "epsActual": 1.79, "epsEstimate": 3.2, "epsDifference": -1.41, "surprisePercent": -0.44099998, "quarter": "2017-12-31", "period": "-4q"}, {"maxAge": 1, "epsActual": 3.44, "epsEstimate": 3.1, "epsDifference": 0.34, "surprisePercent": 0.11, "quarter": "2018-03-31", "period": "-3q"}, {"maxAge": 1, "epsActual": 8.39, "epsEstimate": 8.63, "epsDifference": -0.24, "surprisePercent": -0.027999999, "quarter": "2018-06-30", "period": "-2q"}, {"maxAge": 1, "epsActual": 6.2, "epsEstimate": 4.55, "epsDifference": 1.65, "surprisePercent": 0.363, "quarter": "2018-09-30", "period": "-1q"}], "maxAge": 86400}, "indexTrend": {"maxAge": 1, "symbol": "SP5", "peRatio": 19.7411, "pegRatio": 1.34172, "estimates": [{"period": "0q", "growth": 0.549}, {"period": "+1q", "growth": 0.431}, {"period": "0y", "growth": 0.305}, {"period": "+1y", "growth": 0.109}, {"period": "+5y", "growth": 0.120865}, {"period": "-5y"}]}, "industryTrend": {"maxAge": 1, "symbol": null, "estimates": []}, "insiderTransactions": {"transactions": [{"maxAge": 1, "shares": 5088, "filerUrl": "", "transactionText": "", "filerName": "Dev Mazumdar Education Trust", "filerRelation": "UNREPORTED", "moneyText": "", "startDate": "2019-03-13", "ownership": "D"}, {"maxAge": 1, "shares": 1000, "filerUrl": "", "transactionText": "", "filerName": "Alagh (Sunil Kumar)", "filerRelation": "Director (Non-Executive)", "moneyText": "", "startDate": "2019-03-08", "ownership": "D"}, {"maxAge": 1, "shares": 1854785, "filerUrl": "", "transactionText": "", "filerName": "Heineken", "filerRelation": "Promoter", "moneyText": "", "startDate": "2016-09-16", "ownership": "D"}, {"maxAge": 1, "shares": 1800, "filerUrl": "", "transactionText": "", "filerName": "Alagh (Sunil Kumar)", "filerRelation": "Director (Non-Executive)", "moneyText": "", "startDate": "2014-08-19", "ownership": "D"}, {"maxAge": 1, "shares": 2200, "filerUrl": "", "transactionText": "", "filerName": "Alagh (Sunil Kumar)", "filerRelation": "Director (Non-Executive)", "moneyText": "", "startDate": "2014-08-18", "ownership": "D"}, {"maxAge": 1, "shares": 1000, "filerUrl": "", "transactionText": "", "filerName": "Alagh (Sunil Kumar)", "filerRelation": "Director (Non-Executive)", "moneyText": "", "startDate": "2012-07-19", "ownership": "D"}, {"maxAge": 1, "shares": 5000000, "filerUrl": "", "transactionText": "", "filerName": "Deutsche Securities Mauritius Ltd", "filerRelation": "UNREPORTED", "moneyText": "", "startDate": "2009-10-08", "ownership": "D"}], "maxAge": 1}, "quoteType": {"exchange": "BSE", "quoteType": "EQUITY", "symbol": "UBL.BO", "underlyingSymbol": "UBL.BO", "shortName": "UNITED BREWERIES LTD.", "longName": "United Breweries Limited", "firstTradeDateEpochUtc": "2002-10-23 09:15:00", "timeZoneFullName": "Asia/Kolkata", "timeZoneShortName": "IST", "uuid": "fca6e859-f92e-30d0-99d3-31f938f239cd", "gmtOffSetMilliseconds": 19800000, "maxAge": 1}, "incomeStatementHistory": {"incomeStatementHistory": [{"maxAge": 1, "endDate": "2020-03-31", "totalRevenue": 65092400000, "costOfRevenue": 32214000000, "grossProfit": 32878400000, "researchDevelopment": {}, "sellingGeneralAdministrative": 9111900000, "nonRecurring": {}, "otherOperatingExpenses": 14948000000, "totalOperatingExpenses": 59124900000, "operatingIncome": 5967500000, "totalOtherIncomeExpenseNet": -278300000, "ebit": 5967500000, "interestExpense": -304700000, "incomeBeforeTax": 5689200000, "incomeTaxExpense": 1406300000, "minorityInterest": 33400000, "netIncomeFromContinuingOps": 4282900000, "discontinuedOperations": {}, "extraordinaryItems": {}, "effectOfAccountingCharges": {}, "otherItems": {}, "netIncome": 4277300000, "netIncomeApplicableToCommonShares": 4277300000}, {"maxAge": 1, "endDate": "2019-03-31", "totalRevenue": 64754300000, "costOfRevenue": 30767400000, "grossProfit": 33986900000, "researchDevelopment": {}, "sellingGeneralAdministrative": 8438800000, "nonRecurring": {}, "otherOperatingExpenses": 13981200000, "totalOperatingExpenses": 55770800000, "operatingIncome": 8983500000, "totalOtherIncomeExpenseNet": -190400000, "ebit": 8983500000, "interestExpense": -306300000, "incomeBeforeTax": 8793100000, "incomeTaxExpense": 3160000000, "minorityInterest": 30400000, "netIncomeFromContinuingOps": 5633100000, "discontinuedOperations": {}, "extraordinaryItems": {}, "effectOfAccountingCharges": {}, "otherItems": {}, "netIncome": 5629400000, "netIncomeApplicableToCommonShares": 5629400000}, {"maxAge": 1, "endDate": "2018-03-31", "totalRevenue": 56190200000, "costOfRevenue": 26872000000, "grossProfit": 29318200000, "researchDevelopment": {}, "sellingGeneralAdministrative": 7511200000, "nonRecurring": {}, "otherOperatingExpenses": 12739800000, "totalOperatingExpenses": 49707100000, "operatingIncome": 6483100000, "totalOtherIncomeExpenseNet": -404900000, "ebit": 6483100000, "interestExpense": -470700000, "incomeBeforeTax": 6078200000, "incomeTaxExpense": 2131900000, "minorityInterest": 29400000, "netIncomeFromContinuingOps": 3946300000, "discontinuedOperations": {}, "extraordinaryItems": {}, "effectOfAccountingCharges": {}, "otherItems": {}, "netIncome": 3942000000, "netIncomeApplicableToCommonShares": 3942000000}, {"maxAge": 1, "endDate": "2017-03-31", "totalRevenue": 47291900000, "costOfRevenue": 22216300000, "grossProfit": 25075600000, "researchDevelopment": {}, "sellingGeneralAdministrative": 7535500000, "nonRecurring": {}, "otherOperatingExpenses": 10706700000, "totalOperatingExpenses": 43316600000, "operatingIncome": 3975300000, "totalOtherIncomeExpenseNet": -494000000, "ebit": 3975300000, "interestExpense": -580700000, "incomeBeforeTax": 3481300000, "incomeTaxExpense": 1182100000, "minorityInterest": 27800000, "netIncomeFromContinuingOps": 2299200000, "discontinuedOperations": {}, "extraordinaryItems": {}, "effectOfAccountingCharges": {}, "otherItems": {}, "netIncome": 2295700000, "netIncomeApplicableToCommonShares": 2295700000}], "maxAge": 86400}, "fundOwnership": {"ownershipList": [], "maxAge": 1}, "summaryDetail": {"maxAge": 1, "priceHint": 2, "previousClose": 1196.3, "open": 1180.1, "dayLow": 1180.1, "dayHigh": 1230.75, "regularMarketPreviousClose": 1196.3, "regularMarketOpen": 1180.1, "regularMarketDayLow": 1180.1, "regularMarketDayHigh": 1230.75, "trailingPE": 215.62668, "forwardPE": 74.50246, "volume": 20219, "regularMarketVolume": 20219, "averageVolume": 26505, "averageVolume10days": 33585, "averageDailyVolume10Day": 33585, "bid": 1210.05, "ask": 1213.65, "bidSize": 0, "askSize": 0, "marketCap": 320696811520, "fiftyTwoWeekLow": 758.75, "fiftyTwoWeekHigh": 1355.9, "fiftyDayAverage": 1214.0863, "twoHundredDayAverage": 1058.1188, "trailingAnnualDividendRate": 2.5, "trailingAnnualDividendYield": 0.0020897768, "currency": "INR", "fromCurrency": null, "lastMarket": null, "algorithm": null, "tradeable": false}, "sectorTrend": {"maxAge": 1, "symbol": null, "estimates": []}, "incomeStatementHistoryQuarterly": {"incomeStatementHistory": [{"maxAge": 1, "endDate": "2020-06-30", "totalRevenue": 5074500000, "costOfRevenue": 2702800000, "grossProfit": 2371700000, "researchDevelopment": {}, "sellingGeneralAdministrative": 1155500000, "nonRecurring": {}, "otherOperatingExpenses": 2175200000, "totalOperatingExpenses": 6539100000, "operatingIncome": -1464600000, "totalOtherIncomeExpenseNet": -56700000, "ebit": -1464600000, "interestExpense": -71500000, "incomeBeforeTax": -1521300000, "incomeTaxExpense": -376300000, "minorityInterest": {}, "netIncomeFromContinuingOps": -1145000000, "discontinuedOperations": {}, "extraordinaryItems": {}, "effectOfAccountingCharges": {}, "otherItems": {}, "netIncome": -1144000000, "netIncomeApplicableToCommonShares": -1144000000}, {"maxAge": 1, "endDate": "2020-03-31", "totalRevenue": 14251100000, "costOfRevenue": 7671200000, "grossProfit": 6579900000, "researchDevelopment": {}, "sellingGeneralAdministrative": 5357200000, "nonRecurring": {}, "otherOperatingExpenses": -82200000, "totalOperatingExpenses": 13680500000, "operatingIncome": 570600000, "totalOtherIncomeExpenseNet": -14700000, "ebit": 570600000, "interestExpense": -41100000, "incomeBeforeTax": 555900000, "incomeTaxExpense": 137700000, "minorityInterest": 33400000, "netIncomeFromContinuingOps": 418200000, "discontinuedOperations": {}, "extraordinaryItems": {}, "effectOfAccountingCharges": {}, "otherItems": {}, "netIncome": 415800000, "netIncomeApplicableToCommonShares": 415800000}, {"maxAge": 1, "endDate": "2019-12-31", "totalRevenue": 14548300000, "costOfRevenue": 6856100000, "grossProfit": 7692200000, "researchDevelopment": {}, "sellingGeneralAdministrative": 1267100000, "nonRecurring": {}, "otherOperatingExpenses": 4174400000, "totalOperatingExpenses": 13033200000, "operatingIncome": 1515100000, "totalOtherIncomeExpenseNet": -98900000, "ebit": 1515100000, "interestExpense": -98900000, "incomeBeforeTax": 1416200000, "incomeTaxExpense": 346200000, "minorityInterest": 33400000, "netIncomeFromContinuingOps": 1070000000, "discontinuedOperations": {}, "extraordinaryItems": {}, "effectOfAccountingCharges": {}, "otherItems": {}, "netIncome": 1066800000, "netIncomeApplicableToCommonShares": 1066800000}, {"maxAge": 1, "endDate": "2019-09-30", "totalRevenue": 15795500000, "costOfRevenue": 7540100000, "grossProfit": 8255400000, "researchDevelopment": {}, "sellingGeneralAdministrative": 1244300000, "nonRecurring": {}, "otherOperatingExpenses": 5071400000, "totalOperatingExpenses": 14544700000, "operatingIncome": 1250800000, "totalOtherIncomeExpenseNet": -87900000, "ebit": 1250800000, "interestExpense": -87900000, "incomeBeforeTax": 1162900000, "incomeTaxExpense": 15100000, "minorityInterest": 27800000, "netIncomeFromContinuingOps": 1147800000, "discontinuedOperations": {}, "extraordinaryItems": {}, "effectOfAccountingCharges": {}, "otherItems": {}, "netIncome": 1148500000, "netIncomeApplicableToCommonShares": 1148500000}], "maxAge": 86400}, "cashflowStatementHistoryQuarterly": {"cashflowStatements": [{"maxAge": 1, "endDate": "2020-06-30", "netIncome": -1144000000, "changeToLiabilities": 0}, {"maxAge": 1, "endDate": "2020-03-31", "netIncome": 415800000, "changeToLiabilities": 0}, {"maxAge": 1, "endDate": "2019-12-31", "netIncome": 1066800000, "changeToLiabilities": 0}, {"maxAge": 1, "endDate": "2019-09-30", "netIncome": 1148500000, "changeToLiabilities": 0}], "maxAge": 86400}, "insiderHolders": {"holders": [{"maxAge": 1, "name": "Alagh (Sunil Kumar)", "relation": "Director (Non-Executive)", "url": "", "transactionDescription": "Sale", "latestTransDate": "2019-03-08", "positionDirect": 0, "positionDirectDate": "2019-03-08"}, {"maxAge": 1, "name": "Deutsche Securities Mauritius Ltd", "relation": "UNREPORTED", "url": "", "transactionDescription": "Sale", "latestTransDate": "2009-10-08", "positionDirect": 10689427, "positionDirectDate": "2009-10-08"}, {"maxAge": 1, "name": "Dev Mazumdar Education Trust", "relation": "UNREPORTED", "url": "", "transactionDescription": "Sale", "latestTransDate": "2019-03-13", "positionDirect": 0, "positionDirectDate": "2019-03-13"}, {"maxAge": 1, "name": "Heineken", "relation": "Promoter", "url": "", "transactionDescription": "Acquisition", "latestTransDate": "2016-09-16", "positionDirect": 17120643, "positionDirectDate": "2016-09-16"}], "maxAge": 1}, "earnings": {"maxAge": 86400, "earningsChart": {"quarterly": [{"date": "4Q2017", "actual": 1.79, "estimate": 3.2}, {"date": "1Q2018", "actual": 3.44, "estimate": 3.1}, {"date": "2Q2018", "actual": 8.39, "estimate": 8.63}, {"date": "3Q2018", "actual": 6.2, "estimate": 4.55}], "currentQuarterEstimateDate": "4Q", "currentQuarterEstimateYear": 2018, "earningsDate": ["2020-11-09 05:30:S"]}, "financialsChart": {"yearly": [{"date": 2017, "revenue": 47291900000, "earnings": 2295700000}, {"date": 2018, "revenue": 56190200000, "earnings": 3942000000}, {"date": 2019, "revenue": 64754300000, "earnings": 5629400000}, {"date": 2020, "revenue": 65092400000, "earnings": 4277300000}], "quarterly": [{"date": "3Q2019", "revenue": 15795500000, "earnings": 1148500000}, {"date": "4Q2019", "revenue": 14548300000, "earnings": 1066800000}, {"date": "1Q2020", "revenue": 14251100000, "earnings": 415800000}, {"date": "2Q2020", "revenue": 5074500000, "earnings": -1144000000}]}, "financialCurrency": "INR"}, "calendarEvents": {"maxAge": 1, "earnings": {"earningsDate": ["2020-11-09 05:30:S"], "revenueAverage": 14034900000, "revenueLow": 13943800000, "revenueHigh": 14126000000}}, "upgradeDowngradeHistory": {"history": [], "maxAge": 86400}, "price": {"maxAge": 1, "regularMarketChangePercent": 0.013876097, "regularMarketChange": 16.599976, "regularMarketTime": "2021-04-30 15:29:51", "priceHint": 2, "regularMarketPrice": 1212.9, "regularMarketDayHigh": 1230.75, "regularMarketDayLow": 1180.1, "regularMarketVolume": 20219, "averageDailyVolume10Day": 33585, "averageDailyVolume3Month": 26505, "regularMarketPreviousClose": 1196.3, "regularMarketSource": "FREE_REALTIME", "regularMarketOpen": 1180.1, "exchange": "BSE", "exchangeName": "BSE", "exchangeDataDelayedBy": 0, "marketState": "CLOSED", "quoteType": "EQUITY", "symbol": "UBL.BO", "underlyingSymbol": null, "shortName": "UNITED BREWERIES LTD.", "longName": "United Breweries Limited", "currency": "INR", "quoteSourceName": "Delayed Quote", "currencySymbol": "\u20b9", "fromCurrency": null, "lastMarket": null, "marketCap": 320696811520}, "balanceSheetHistory": {"balanceSheetStatements": [{"maxAge": 1, "endDate": "2020-03-31", "cash": 293600000, "shortTermInvestments": 113200000, "netReceivables": 13511800000, "inventory": 10939300000, "otherCurrentAssets": 3864000000, "totalCurrentAssets": 29614500000, "longTermInvestments": 11700000, "propertyPlantEquipment": 20770600000, "goodWill": 242100000, "intangibleAssets": 239300000, "otherAssets": 4630100000, "deferredLongTermAssetCharges": 277700000, "totalAssets": 55508300000, "accountsPayable": 5450400000, "shortLongTermDebt": 750600000, "otherCurrentLiab": 2314100000, "longTermDebt": 3700000, "otherLiab": 278900000, "minorityInterest": 33400000, "totalCurrentLiabilities": 19904400000, "totalLiab": 20272300000, "commonStock": 264400000, "retainedEarnings": 26175400000, "treasuryStock": 2469000000, "capitalSurplus": 6293800000, "otherStockholderEquity": 2469000000, "totalStockholderEquity": 35202600000, "netTangibleAssets": 34721200000}, {"maxAge": 1, "endDate": "2019-03-31", "cash": 192000000, "shortTermInvestments": 60700000, "netReceivables": 15117000000, "inventory": 10324600000, "otherCurrentAssets": 3604600000, "totalCurrentAssets": 30013700000, "longTermInvestments": 50400000, "propertyPlantEquipment": 19159100000, "goodWill": 242100000, "intangibleAssets": 269400000, "otherAssets": 4109400000, "totalAssets": 53844100000, "accountsPayable": 5902200000, "shortLongTermDebt": 1300600000, "otherCurrentLiab": 2222900000, "longTermDebt": 754300000, "otherLiab": 226200000, "minorityInterest": 30400000, "totalCurrentLiabilities": 20995500000, "totalLiab": 21976000000, "commonStock": 264400000, "retainedEarnings": 22810500000, "treasuryStock": 2469000000, "capitalSurplus": 6293800000, "otherStockholderEquity": 2469000000, "totalStockholderEquity": 31837700000, "netTangibleAssets": 31326200000}, {"maxAge": 1, "endDate": "2018-03-31", "cash": 153500000, "shortTermInvestments": 88900000, "netReceivables": 14992900000, "inventory": 8080000000, "otherCurrentAssets": 2449800000, "totalCurrentAssets": 26405200000, "longTermInvestments": 6900000, "propertyPlantEquipment": 17526100000, "goodWill": 242100000, "intangibleAssets": 252600000, "otherAssets": 2801300000, "totalAssets": 47234200000, "accountsPayable": 5217200000, "shortLongTermDebt": 542800000, "otherCurrentLiab": 1537200000, "longTermDebt": 2050000000, "otherLiab": 282200000, "minorityInterest": 29400000, "totalCurrentLiabilities": 17970000000, "totalLiab": 20302200000, "commonStock": 264400000, "retainedEarnings": 17893000000, "treasuryStock": 2451400000, "capitalSurplus": 6293800000, "otherStockholderEquity": 2451400000, "totalStockholderEquity": 26902600000, "netTangibleAssets": 26407900000}, {"maxAge": 1, "endDate": "2017-03-31", "cash": 126200000, "shortTermInvestments": 116700000, "netReceivables": 12962500000, "inventory": 7508400000, "otherCurrentAssets": 1930800000, "totalCurrentAssets": 23653400000, "longTermInvestments": 98800000, "propertyPlantEquipment": 18338100000, "goodWill": 242100000, "intangibleAssets": 295200000, "otherAssets": 2159400000, "totalAssets": 44787000000, "accountsPayable": 4595500000, "shortLongTermDebt": 1980900000, "otherCurrentLiab": 1446400000, "longTermDebt": 1840300000, "otherLiab": 546800000, "minorityInterest": 27800000, "totalCurrentLiabilities": 19030000000, "totalLiab": 21417100000, "commonStock": 264400000, "retainedEarnings": 14347900000, "treasuryStock": 2436000000, "capitalSurplus": 6293800000, "otherStockholderEquity": 2436000000, "totalStockholderEquity": 23342100000, "netTangibleAssets": 22804800000}], "maxAge": 86400}, "earningsTrend": {"trend": [{"maxAge": 1, "period": "0q", "endDate": "2018-12-31", "growth": {}, "earningsEstimate": {"avg": 0.0, "low": 0.0, "high": 0.0, "yearAgoEps": 1.79, "numberOfAnalysts": 0, "growth": {}}, "revenueEstimate": {"avg": 14034900000, "low": 13943800000, "high": 14126000000, "numberOfAnalysts": 2, "yearAgoRevenue": 11971000000, "growth": 0.172}, "epsTrend": {"current": 0.0, "7daysAgo": 2.37, "30daysAgo": 2.37, "60daysAgo": 2.37, "90daysAgo": 2.37}, "epsRevisions": {"upLast7days": 0, "upLast30days": 0, "downLast30days": 0, "downLast90days": {}}}, {"maxAge": 1, "period": "+1q", "endDate": "2019-03-31", "growth": {}, "earningsEstimate": {"avg": 0.0, "low": 0.0, "high": 0.0, "yearAgoEps": 3.44, "numberOfAnalysts": 0, "growth": {}}, "revenueEstimate": {"avg": 16581000000, "low": 16581000000, "high": 16581000000, "numberOfAnalysts": 1, "yearAgoRevenue": 14692800000, "growth": 0.129}, "epsTrend": {"current": 0.0, "7daysAgo": 3.72, "30daysAgo": 3.72, "60daysAgo": 3.72, "90daysAgo": 3.72}, "epsRevisions": {"upLast7days": 0, "upLast30days": 0, "downLast30days": 0, "downLast90days": {}}}, {"maxAge": 1, "period": "0y", "endDate": "2019-03-31", "growth": {}, "earningsEstimate": {"avg": 0.0, "low": 0.0, "high": 0.0, "yearAgoEps": {}, "numberOfAnalysts": 0, "growth": {}}, "revenueEstimate": {"avg": 63651000000, "low": 62258800000, "high": 64950000000, "numberOfAnalysts": 6, "yearAgoRevenue": 56170300000, "growth": 0.133}, "epsTrend": {"current": 0.0, "7daysAgo": 20.43, "30daysAgo": 20.43, "60daysAgo": 20.43, "90daysAgo": 20.43}, "epsRevisions": {"upLast7days": 0, "upLast30days": 0, "downLast30days": 0, "downLast90days": {}}}, {"maxAge": 1, "period": "+1y", "endDate": "2020-03-31", "growth": {}, "earningsEstimate": {"avg": 0.0, "low": 0.0, "high": 0.0, "yearAgoEps": {}, "numberOfAnalysts": 0, "growth": {}}, "revenueEstimate": {"avg": 72045200000, "low": 69493800000, "high": 74070000000, "numberOfAnalysts": 6, "yearAgoRevenue": 63651000000, "growth": 0.132}, "epsTrend": {"current": 0.0, "7daysAgo": 24.42, "30daysAgo": 24.42, "60daysAgo": 24.42, "90daysAgo": 24.42}, "epsRevisions": {"upLast7days": 0, "upLast30days": 0, "downLast30days": 0, "downLast90days": {}}}, {"maxAge": 1, "period": "+5y", "endDate": null, "growth": 0.106800005, "earningsEstimate": {"avg": {}, "low": {}, "high": {}, "yearAgoEps": {}, "numberOfAnalysts": {}, "growth": {}}, "revenueEstimate": {"avg": {}, "low": {}, "high": {}, "numberOfAnalysts": {}, "yearAgoRevenue": {}, "growth": {}}, "epsTrend": {"current": {}, "7daysAgo": {}, "30daysAgo": {}, "60daysAgo": {}, "90daysAgo": {}}, "epsRevisions": {"upLast7days": {}, "upLast30days": {}, "downLast30days": {}, "downLast90days": {}}}, {"maxAge": 1, "period": "-5y", "endDate": null, "growth": {}, "earningsEstimate": {"avg": {}, "low": {}, "high": {}, "yearAgoEps": {}, "numberOfAnalysts": {}, "growth": {}}, "revenueEstimate": {"avg": {}, "low": {}, "high": {}, "numberOfAnalysts": {}, "yearAgoRevenue": {}, "growth": {}}, "epsTrend": {"current": {}, "7daysAgo": {}, "30daysAgo": {}, "60daysAgo": {}, "90daysAgo": {}}, "epsRevisions": {"upLast7days": {}, "upLast30days": {}, "downLast30days": {}, "downLast90days": {}}}], "maxAge": 1}, "financialData": {"maxAge": 86400, "currentPrice": 1212.9, "targetHighPrice": 1550.0, "targetLowPrice": 990.0, "targetMeanPrice": 1403.56, "targetMedianPrice": 1490.0, "recommendationKey": "none", "numberOfAnalystOpinions": 9, "grossProfits": 32878400000, "financialCurrency": "INR"}}}