{"UBL.NS": {"assetProfile": {"address1": "UB Tower", "address2": "UB City No. 24, Vittal Mallya Road", "city": "Bengaluru", "zip": "560001", "country": "India", "phone": "91 80 4565 5000", "fax": "91 80 2221 1964", "website": "http://www.unitedbreweries.com", "industry": "Beverages\u2014Brewers", "sector": "Consumer Defensive", "longBusinessSummary": "United Breweries Limited manufactures, purchases, and sells beer and non-alcoholic beverages in India and internationally. It offers its products under the Kingfisher Premium, Kingfisher Strong, Kingfisher Ultra, Kingfisher Ultra Witbier, Kingfisher Ultra Max, Kingfisher Storm, and Kingfisher Blue, as well as Heineken, Amstel Bier, Sol, Affligem, Edelweiss, Desperados, Bullet, Cannon 10000, Zingaro, Kalyani Black Label, UB Export, UB Export Strong, London Pilsner Strong, and London Pilsner brand names. The company also exports its products; licenses its brands; and provides contract manufacturing services. United Breweries Limited was founded in 1915 and is based in Bengaluru, India.", "companyOfficers": [{"maxAge": 1, "name": "Mr. Berend Cornelis Roelof Odink", "title": "Chief Financial Officer", "exercisedValue": 0, "unexercisedValue": 0}, {"maxAge": 1, "name": "Mr. Govind  Iyengar", "age": 53, "title": "Sr. VP of Legal, Company Sec. & Compliance Officer", "yearBorn": 1967, "exercisedValue": 0, "unexercisedValue": 0}, {"maxAge": 1, "name": "Mr. P. A. Poonacha", "age": 49, "title": "Divisional VP of Fin.", "yearBorn": 1971, "exercisedValue": 0, "unexercisedValue": 0}, {"maxAge": 1, "name": "Mr. Rishi  Pardal", "age": 47, "title": "CEO, MD & Exec. Director", "yearBorn": 1973, "exercisedValue": 0, "unexercisedValue": 0}, {"maxAge": 1, "name": "Mr. A. V. Ganesh Ramu", "age": 59, "title": "Gen. Mang. of Brewing & Technical", "yearBorn": 1961, "exercisedValue": 0, "unexercisedValue": 0}, {"maxAge": 1, "name": "Mr. Kiran  Kumar", "age": 52, "title": "Chief Sales Officer", "yearBorn": 1968, "fiscalYear": 2012, "totalPay": 0, "exercisedValue": 0, "unexercisedValue": 0}, {"maxAge": 1, "name": "Mr. Debabrata  Mukherjee", "title": "Chief Marketing Officer", "exercisedValue": 0, "unexercisedValue": 0}, {"maxAge": 1, "name": "Mr. Manmohan Singh Kalsy", "age": 53, "title": "Chief Human Resource Officer", "yearBorn": 1967, "exercisedValue": 0, "unexercisedValue": 0}, {"maxAge": 1, "name": "Mr. Perry  Goes", "age": 55, "title": "Chief Strategy & Bus. Analytic Officer", "yearBorn": 1965, "fiscalYear": 2012, "totalPay": 0, "exercisedValue": 0, "unexercisedValue": 0}, {"maxAge": 1, "name": "Mr. Cedric  Vaz", "age": 61, "title": "Chief Supply Chain Officer", "yearBorn": 1959, "fiscalYear": 2012, "totalPay": 0, "exercisedValue": 0, "unexercisedValue": 0}], "auditRisk": 8, "boardRisk": 10, "compensationRisk": 3, "shareHolderRightsRisk": 5, "overallRisk": 10, "governanceEpochDate": "2021-04-01 05:30:00", "compensationAsOfEpochDate": "2012-12-31 05:30:00", "maxAge": 86400}, "recommendationTrend": {"trend": [{"period": "0m", "strongBuy": 0, "buy": 0, "hold": 0, "sell": 0, "strongSell": 0}, {"period": "-1m", "strongBuy": 1, "buy": 0, "hold": 1, "sell": 4, "strongSell": 1}, {"period": "-2m", "strongBuy": 0, "buy": 0, "hold": 2, "sell": 4, "strongSell": 1}, {"period": "-3m", "strongBuy": 0, "buy": 0, "hold": 2, "sell": 5, "strongSell": 1}], "maxAge": 86400}, "cashflowStatementHistory": {"cashflowStatements": [{"maxAge": 1, "endDate": "2021-03-31", "netIncome": 1132200000, "depreciation": 2320100000, "changeToNetincome": -225400000, "changeToAccountReceivables": -157000000, "changeToLiabilities": 754600000, "changeToInventory": -427500000, "changeToOperatingActivities": 2805800000, "totalCashFromOperatingActivities": 6202800000, "capitalExpenditures": -2006600000, "investments": -63800000, "otherCashflowsFromInvestingActivities": 45800000, "totalCashflowsFromInvestingActivities": -1515500000, "dividendsPaid": -663200000, "netBorrowings": 60600000, "otherCashflowsFromFinancingActivities": -281300000, "totalCashFromFinancingActivities": -883900000, "changeInCash": 3803400000}, {"maxAge": 1, "endDate": "2020-03-31", "netIncome": 4277300000, "depreciation": 2851000000, "changeToNetincome": 145900000, "changeToAccountReceivables": 1281600000, "changeToLiabilities": -460400000, "changeToInventory": -614700000, "changeToOperatingActivities": -2402800000, "totalCashFromOperatingActivities": 5077900000, "capitalExpenditures": -4039100000, "investments": -14400000, "otherCashflowsFromInvestingActivities": 23200000, "totalCashflowsFromInvestingActivities": -4024400000, "dividendsPaid": -663200000, "netBorrowings": 115100000, "otherCashflowsFromFinancingActivities": -403800000, "totalCashFromFinancingActivities": -951900000, "changeInCash": 101600000}, {"maxAge": 1, "endDate": "2019-03-31", "netIncome": 5629400000, "depreciation": 2598600000, "changeToNetincome": -697100000, "changeToAccountReceivables": 26000000, "changeToLiabilities": 734800000, "changeToInventory": -2244600000, "changeToOperatingActivities": 383300000, "totalCashFromOperatingActivities": 6430400000, "capitalExpenditures": -4379300000, "investments": -10700000, "otherCashflowsFromInvestingActivities": 73200000, "totalCashflowsFromInvestingActivities": -4303800000, "dividendsPaid": -531300000, "netBorrowings": -1005700000, "otherCashflowsFromFinancingActivities": -422200000, "totalCashFromFinancingActivities": -1959200000, "changeInCash": 167400000}, {"maxAge": 1, "endDate": "2018-03-31", "netIncome": 3942000000, "depreciation": 2596500000, "changeToNetincome": 359900000, "changeToAccountReceivables": -2328400000, "changeToLiabilities": 647100000, "changeToInventory": -571600000, "changeToOperatingActivities": 987500000, "totalCashFromOperatingActivities": 5633000000, "capitalExpenditures": -2016900000, "investments": 21600000, "otherCashflowsFromInvestingActivities": 22200000, "totalCashflowsFromInvestingActivities": -1970400000, "dividendsPaid": -246100000, "netBorrowings": -2819600000, "otherCashflowsFromFinancingActivities": -569600000, "totalCashFromFinancingActivities": -3635300000, "changeInCash": 27300000}], "maxAge": 86400}, "indexTrend": {"maxAge": 1, "symbol": "SP5", "peRatio": 19.7411, "pegRatio": 1.34172, "estimates": [{"period": "0q", "growth": 0.549}, {"period": "+1q", "growth": 0.431}, {"period": "0y", "growth": 0.305}, {"period": "+1y", "growth": 0.109}, {"period": "+5y", "growth": 0.120865}, {"period": "-5y"}]}, "defaultKeyStatistics": {"maxAge": 1, "priceHint": 2, "enterpriseValue": 313240911872, "forwardPE": 72.26595, "profitMargins": 0.02668, "floatShares": 154481715, "sharesOutstanding": 264404992, "heldPercentInsiders": 0.75654, "heldPercentInstitutions": 0.14499, "beta": 0.724074, "category": null, "bookValue": 135.34, "priceToBook": 8.954486, "fundFamily": null, "legalType": null, "lastFiscalYearEnd": "2021-03-31 05:30:00", "nextFiscalYearEnd": "2023-03-31 05:30:00", "mostRecentQuarter": "2021-03-31 05:30:00", "earningsQuarterlyGrowth": 1.336, "netIncomeToCommon": 1132199936, "trailingEps": 4.28, "forwardEps": 16.28, "pegRatio": 7.15, "lastSplitFactor": "10:1", "lastSplitDate": "2006-06-09 05:30:00", "enterpriseToRevenue": 7.382, "enterpriseToEbitda": 82.203}, "industryTrend": {"maxAge": 1, "symbol": null, "estimates": []}, "quoteType": {"exchange": "NSI", "quoteType": "EQUITY", "symbol": "UBL.NS", "underlyingSymbol": "UBL.NS", "shortName": "UNITED BREWERIES L", "longName": "United Breweries Limited", "firstTradeDateEpochUtc": "2008-07-28 09:15:00", "timeZoneFullName": "Asia/Kolkata", "timeZoneShortName": "IST", "uuid": "eaccd51b-734d-3b62-8d66-7523f8f6d7ba", "gmtOffSetMilliseconds": 19800000, "maxAge": 1}, "incomeStatementHistory": {"incomeStatementHistory": [{"maxAge": 1, "endDate": "2021-03-31", "totalRevenue": 42430900000, "costOfRevenue": 20293700000, "grossProfit": 22137200000, "researchDevelopment": {}, "sellingGeneralAdministrative": 4854900000, "nonRecurring": {}, "otherOperatingExpenses": 13471700000, "totalOperatingExpenses": 40940400000, "operatingIncome": 1490500000, "totalOtherIncomeExpenseNet": 203600000, "ebit": 1490500000, "interestExpense": -226700000, "incomeBeforeTax": 1694100000, "incomeTaxExpense": 555800000, "minorityInterest": 37500000, "netIncomeFromContinuingOps": 1138300000, "discontinuedOperations": {}, "extraordinaryItems": {}, "effectOfAccountingCharges": {}, "otherItems": {}, "netIncome": 1132200000, "netIncomeApplicableToCommonShares": 1132200000}, {"maxAge": 1, "endDate": "2020-03-31", "totalRevenue": 65092400000, "costOfRevenue": 32214000000, "grossProfit": 32878400000, "researchDevelopment": {}, "sellingGeneralAdministrative": 9111900000, "nonRecurring": {}, "otherOperatingExpenses": 14948000000, "totalOperatingExpenses": 59124900000, "operatingIncome": 5967500000, "totalOtherIncomeExpenseNet": -278300000, "ebit": 5967500000, "interestExpense": -304700000, "incomeBeforeTax": 5689200000, "incomeTaxExpense": 1406300000, "minorityInterest": 33400000, "netIncomeFromContinuingOps": 4282900000, "discontinuedOperations": {}, "extraordinaryItems": {}, "effectOfAccountingCharges": {}, "otherItems": {}, "netIncome": 4277300000, "netIncomeApplicableToCommonShares": 4277300000}, {"maxAge": 1, "endDate": "2019-03-31", "totalRevenue": 64754300000, "costOfRevenue": 30767400000, "grossProfit": 33986900000, "researchDevelopment": {}, "sellingGeneralAdministrative": 8438800000, "nonRecurring": {}, "otherOperatingExpenses": 13981200000, "totalOperatingExpenses": 55770800000, "operatingIncome": 8983500000, "totalOtherIncomeExpenseNet": -190400000, "ebit": 8983500000, "interestExpense": -306300000, "incomeBeforeTax": 8793100000, "incomeTaxExpense": 3160000000, "minorityInterest": 30400000, "netIncomeFromContinuingOps": 5633100000, "discontinuedOperations": {}, "extraordinaryItems": {}, "effectOfAccountingCharges": {}, "otherItems": {}, "netIncome": 5629400000, "netIncomeApplicableToCommonShares": 5629400000}, {"maxAge": 1, "endDate": "2018-03-31", "totalRevenue": 56190200000, "costOfRevenue": 26872000000, "grossProfit": 29318200000, "researchDevelopment": {}, "sellingGeneralAdministrative": 7511200000, "nonRecurring": {}, "otherOperatingExpenses": 12739800000, "totalOperatingExpenses": 49707100000, "operatingIncome": 6483100000, "totalOtherIncomeExpenseNet": -404900000, "ebit": 6483100000, "interestExpense": -470700000, "incomeBeforeTax": 6078200000, "incomeTaxExpense": 2131900000, "minorityInterest": 29400000, "netIncomeFromContinuingOps": 3946300000, "discontinuedOperations": {}, "extraordinaryItems": {}, "effectOfAccountingCharges": {}, "otherItems": {}, "netIncome": 3942000000, "netIncomeApplicableToCommonShares": 3942000000}], "maxAge": 86400}, "fundOwnership": {"ownershipList": [{"maxAge": 1, "reportDate": "2021-02-28", "organization": "Delaware Group Global & International Funds-Emerging Markets Fd", "pctHeld": 0.0038, "position": 1000000, "value": 1161350000}, {"maxAge": 1, "reportDate": "2021-01-31", "organization": "Vanguard International Stock Index-Total Intl Stock Indx", "pctHeld": 0.0038, "position": 993535, "value": 1291297439}, {"maxAge": 1, "reportDate": "2021-01-31", "organization": "Vanguard International Stock Index-Emerging Markets Stk", "pctHeld": 0.0036000002, "position": 946835, "value": 1230601449}, {"maxAge": 1, "reportDate": "2020-12-31", "organization": "Wasatch Emerging India Fund", "pctHeld": 0.0025, "position": 652349, "value": 773914236}, {"maxAge": 1, "reportDate": "2021-03-31", "organization": "Neuberger & Berman Emerging Markets Equity Fund", "pctHeld": 0.0014, "position": 369711, "value": 458977720}, {"maxAge": 1, "reportDate": "2021-01-31", "organization": "DFA Emerging Markets Core Equity Portfolio", "pctHeld": 0.0011, "position": 286001, "value": 371715499}, {"maxAge": 1, "reportDate": "2021-01-31", "organization": "Vanguard Intl Equity Index Fds-FTSE All World ex U.S. Index Fund", "pctHeld": 0.0005, "position": 123667, "value": 160729999}, {"maxAge": 1, "reportDate": "2021-03-31", "organization": "SEI Institutional International Tr-Emerging Markets Equity Fund", "pctHeld": 0.0004, "position": 118474, "value": 147079547}, {"maxAge": 1, "reportDate": "2021-01-31", "organization": "Russell Inv Co-Emerging Markets Fund", "pctHeld": 0.0004, "position": 100394, "value": 130482081}, {"maxAge": 1, "reportDate": "2021-02-28", "organization": "Schwab Strategic Tr-Schwab Emerging Markets Equity ETF", "pctHeld": 0.00029999999, "position": 88729, "value": 103045424}], "maxAge": 1}, "summaryDetail": {"maxAge": 1, "priceHint": 2, "previousClose": 1196.7, "open": 1192.7, "dayLow": 1190.0, "dayHigh": 1231.55, "regularMarketPreviousClose": 1196.7, "regularMarketOpen": 1192.7, "regularMarketDayLow": 1190.0, "regularMarketDayHigh": 1231.55, "dividendRate": 2.5, "dividendYield": 0.0021, "exDividendDate": "2020-08-18 05:30:00", "payoutRatio": 1.1439, "fiveYearAvgDividendYield": 0.16, "beta": 0.724074, "trailingPE": 283.1542, "forwardPE": 74.44103, "volume": 532879, "regularMarketVolume": 532879, "averageVolume": 531709, "averageVolume10days": 134789, "averageDailyVolume10Day": 134789, "bid": 0.0, "ask": 0.0, "bidSize": 0, "askSize": 0, "marketCap": 320325779456, "fiftyTwoWeekLow": 859.2, "fiftyTwoWeekHigh": 1329.65, "priceToSalesTrailing12Months": 7.5493517, "fiftyDayAverage": 1222.8514, "twoHundredDayAverage": 1125.6575, "trailingAnnualDividendRate": 0.5, "trailingAnnualDividendYield": 0.00041781567, "currency": "INR", "fromCurrency": null, "lastMarket": null, "algorithm": null, "tradeable": false}, "insiderHolders": {"holders": [{"maxAge": 1, "name": "Alagh (Sunil Kumar)", "relation": "Director (Non-Executive)", "url": "", "transactionDescription": "Sale", "latestTransDate": "2019-03-08", "positionDirect": 0, "positionDirectDate": "2019-03-08"}, {"maxAge": 1, "name": "Deutsche Securities Mauritius Ltd", "relation": "UNREPORTED", "url": "", "transactionDescription": "Sale", "latestTransDate": "2009-10-08", "positionDirect": 10689427, "positionDirectDate": "2009-10-08"}, {"maxAge": 1, "name": "Dev Mazumdar Education Trust", "relation": "UNREPORTED", "url": "", "transactionDescription": "Sale", "latestTransDate": "2019-03-13", "positionDirect": 0, "positionDirectDate": "2019-03-13"}, {"maxAge": 1, "name": "Heineken", "relation": "Promoter", "url": "", "transactionDescription": "Acquisition", "latestTransDate": "2016-09-16", "positionDirect": 17120643, "positionDirectDate": "2016-09-16"}], "maxAge": 1}, "calendarEvents": {"maxAge": 1, "earnings": {"earningsDate": [], "earningsAverage": 3.42, "earningsLow": 3.42, "earningsHigh": 3.42, "revenueAverage": 13742000000, "revenueLow": 13742000000, "revenueHigh": 13742000000}, "exDividendDate": "2020-08-18 05:30:00"}, "upgradeDowngradeHistory": {"history": [], "maxAge": 86400}, "price": {"maxAge": 1, "regularMarketChangePercent": 0.012701658, "regularMarketChange": 15.200073, "regularMarketTime": "2021-04-30 15:29:55", "priceHint": 2, "regularMarketPrice": 1211.9, "regularMarketDayHigh": 1231.55, "regularMarketDayLow": 1190.0, "regularMarketVolume": 532879, "averageDailyVolume10Day": 134789, "averageDailyVolume3Month": 531709, "regularMarketPreviousClose": 1196.7, "regularMarketSource": "FREE_REALTIME", "regularMarketOpen": 1192.7, "exchange": "NSI", "exchangeName": "NSE", "exchangeDataDelayedBy": 15, "marketState": "CLOSED", "quoteType": "EQUITY", "symbol": "UBL.NS", "underlyingSymbol": null, "shortName": "UNITED BREWERIES L", "longName": "United Breweries Limited", "currency": "INR", "quoteSourceName": "Delayed Quote", "currencySymbol": "\u20b9", "fromCurrency": null, "lastMarket": null, "marketCap": 320325779456}, "balanceSheetHistory": {"balanceSheetStatements": [{"maxAge": 1, "endDate": "2021-03-31", "cash": 4692800000, "shortTermInvestments": 8400000, "netReceivables": 13949900000, "inventory": 11366800000, "otherCurrentAssets": 3217700000, "totalCurrentAssets": 33235600000, "longTermInvestments": 531700000, "propertyPlantEquipment": 20508200000, "goodWill": 64500000, "intangibleAssets": 209800000, "otherAssets": 3971800000, "deferredLongTermAssetCharges": 349700000, "totalAssets": 58521600000, "accountsPayable": 6180800000, "otherCurrentLiab": 15199500000, "longTermDebt": 1152400000, "otherLiab": 126900000, "minorityInterest": 37500000, "totalCurrentLiabilities": 21382000000, "totalLiab": 22661300000, "commonStock": 264400000, "treasuryStock": 35558400000, "otherStockholderEquity": 35558400000, "totalStockholderEquity": 35822800000, "netTangibleAssets": 35548500000}, {"maxAge": 1, "endDate": "2020-03-31", "cash": 293600000, "shortTermInvestments": 113200000, "netReceivables": 13511800000, "inventory": 10939300000, "otherCurrentAssets": 3864000000, "totalCurrentAssets": 29614500000, "longTermInvestments": 11700000, "propertyPlantEquipment": 20770600000, "goodWill": 242100000, "intangibleAssets": 239300000, "otherAssets": 4630100000, "deferredLongTermAssetCharges": 277700000, "totalAssets": 55508300000, "accountsPayable": 5450400000, "shortLongTermDebt": 750600000, "otherCurrentLiab": 2314100000, "longTermDebt": 3700000, "otherLiab": 278900000, "minorityInterest": 33400000, "totalCurrentLiabilities": 19904400000, "totalLiab": 20272300000, "commonStock": 264400000, "retainedEarnings": 26175400000, "treasuryStock": 2469000000, "capitalSurplus": 6293800000, "otherStockholderEquity": 2469000000, "totalStockholderEquity": 35202600000, "netTangibleAssets": 34721200000}, {"maxAge": 1, "endDate": "2019-03-31", "cash": 192000000, "shortTermInvestments": 60700000, "netReceivables": 15117000000, "inventory": 10324600000, "otherCurrentAssets": 3604600000, "totalCurrentAssets": 30013700000, "longTermInvestments": 50400000, "propertyPlantEquipment": 19159100000, "goodWill": 242100000, "intangibleAssets": 269400000, "otherAssets": 4109400000, "totalAssets": 53844100000, "accountsPayable": 5902200000, "shortLongTermDebt": 1300600000, "otherCurrentLiab": 2222900000, "longTermDebt": 754300000, "otherLiab": 226200000, "minorityInterest": 30400000, "totalCurrentLiabilities": 20995500000, "totalLiab": 21976000000, "commonStock": 264400000, "retainedEarnings": 22810500000, "treasuryStock": 2469000000, "capitalSurplus": 6293800000, "otherStockholderEquity": 2469000000, "totalStockholderEquity": 31837700000, "netTangibleAssets": 31326200000}, {"maxAge": 1, "endDate": "2018-03-31", "cash": 153500000, "shortTermInvestments": 88900000, "netReceivables": 14992900000, "inventory": 8080000000, "otherCurrentAssets": 2449800000, "totalCurrentAssets": 26405200000, "longTermInvestments": 6900000, "propertyPlantEquipment": 17526100000, "goodWill": 242100000, "intangibleAssets": 252600000, "otherAssets": 2801300000, "totalAssets": 47234200000, "accountsPayable": 5217200000, "shortLongTermDebt": 542800000, "otherCurrentLiab": 1537200000, "longTermDebt": 2050000000, "otherLiab": 282200000, "minorityInterest": 29400000, "totalCurrentLiabilities": 17970000000, "totalLiab": 20302200000, "commonStock": 264400000, "retainedEarnings": 17893000000, "treasuryStock": 2451400000, "capitalSurplus": 6293800000, "otherStockholderEquity": 2451400000, "totalStockholderEquity": 26902600000, "netTangibleAssets": 26407900000}], "maxAge": 86400}, "earningsTrend": {"trend": [{"maxAge": 1, "period": "0q", "endDate": "2018-03-31", "growth": 12.68, "earningsEstimate": {"avg": 3.42, "low": 3.42, "high": 3.42, "yearAgoEps": 0.25, "numberOfAnalysts": 1, "growth": 12.68}, "revenueEstimate": {"avg": 13742000000, "low": 13742000000, "high": 13742000000, "numberOfAnalysts": 1, "yearAgoRevenue": 11127000000, "growth": 0.235}, "epsTrend": {"current": 3.42, "7daysAgo": 3.42, "30daysAgo": 3.42, "60daysAgo": 3.42, "90daysAgo": 3.42}, "epsRevisions": {"upLast7days": 0, "upLast30days": 0, "downLast30days": 0, "downLast90days": {}}}, {"maxAge": 1, "period": "+1q", "endDate": "2018-06-30", "growth": {}, "earningsEstimate": {"avg": 0.0, "low": 0.0, "high": 0.0, "yearAgoEps": 6.12, "numberOfAnalysts": 0, "growth": {}}, "revenueEstimate": {"avg": 0, "low": 0, "high": 0, "numberOfAnalysts": 0, "yearAgoRevenue": {}, "growth": {}}, "epsTrend": {"current": 0.0, "7daysAgo": 0.0, "30daysAgo": 0.0, "60daysAgo": 0.0, "90daysAgo": 0.0}, "epsRevisions": {"upLast7days": 0, "upLast30days": 0, "downLast30days": 0, "downLast90days": {}}}, {"maxAge": 1, "period": "0y", "endDate": "2018-03-31", "growth": 0.6, "earningsEstimate": {"avg": 13.87, "low": 12.6, "high": 14.8, "yearAgoEps": 8.67, "numberOfAnalysts": 3, "growth": 0.6}, "revenueEstimate": {"avg": 53746800000, "low": 51806000000, "high": 55219000000, "numberOfAnalysts": 4, "yearAgoRevenue": 47341200000, "growth": 0.135}, "epsTrend": {"current": 13.87, "7daysAgo": 13.87, "30daysAgo": 13.7, "60daysAgo": 12.37, "90daysAgo": 12.37}, "epsRevisions": {"upLast7days": 0, "upLast30days": 0, "downLast30days": 0, "downLast90days": {}}}, {"maxAge": 1, "period": "+1y", "endDate": "2019-03-31", "growth": 0.20899999, "earningsEstimate": {"avg": 16.77, "low": 16.3, "high": 17.5, "yearAgoEps": 13.87, "numberOfAnalysts": 3, "growth": 0.20899999}, "revenueEstimate": {"avg": 60494300000, "low": 57750000000, "high": 61891000000, "numberOfAnalysts": 3, "yearAgoRevenue": 53746800000, "growth": 0.126}, "epsTrend": {"current": 16.77, "7daysAgo": 16.77, "30daysAgo": 16.4, "60daysAgo": 15.83, "90daysAgo": 15.83}, "epsRevisions": {"upLast7days": 0, "upLast30days": 0, "downLast30days": 0, "downLast90days": {}}}, {"maxAge": 1, "period": "+5y", "endDate": null, "growth": 0.106800005, "earningsEstimate": {"avg": {}, "low": {}, "high": {}, "yearAgoEps": {}, "numberOfAnalysts": {}, "growth": {}}, "revenueEstimate": {"avg": {}, "low": {}, "high": {}, "numberOfAnalysts": {}, "yearAgoRevenue": {}, "growth": {}}, "epsTrend": {"current": {}, "7daysAgo": {}, "30daysAgo": {}, "60daysAgo": {}, "90daysAgo": {}}, "epsRevisions": {"upLast7days": {}, "upLast30days": {}, "downLast30days": {}, "downLast90days": {}}}, {"maxAge": 1, "period": "-5y", "endDate": null, "growth": 0.12318, "earningsEstimate": {"avg": {}, "low": {}, "high": {}, "yearAgoEps": {}, "numberOfAnalysts": {}, "growth": {}}, "revenueEstimate": {"avg": {}, "low": {}, "high": {}, "numberOfAnalysts": {}, "yearAgoRevenue": {}, "growth": {}}, "epsTrend": {"current": {}, "7daysAgo": {}, "30daysAgo": {}, "60daysAgo": {}, "90daysAgo": {}}, "epsRevisions": {"upLast7days": {}, "upLast30days": {}, "downLast30days": {}, "downLast90days": {}}}], "maxAge": 1}, "institutionOwnership": {"ownershipList": [{"maxAge": 1, "reportDate": "2021-03-31", "organization": "Legato Capital Management LLC", "pctHeld": 0.0001, "position": 16313, "value": 20251773}], "maxAge": 1}, "majorHoldersBreakdown": {"maxAge": 1, "insidersPercentHeld": 0.75654, "institutionsPercentHeld": 0.14499, "institutionsFloatPercentHeld": 0.59553003, "institutionsCount": 72}, "balanceSheetHistoryQuarterly": {"balanceSheetStatements": [{"maxAge": 1, "endDate": "2021-03-31", "cash": 4692800000, "shortTermInvestments": 8400000, "netReceivables": 13949900000, "inventory": 11366800000, "otherCurrentAssets": 3217700000, "totalCurrentAssets": 33235600000, "longTermInvestments": 531700000, "propertyPlantEquipment": 20508200000, "goodWill": 64500000, "intangibleAssets": 209800000, "otherAssets": 3971800000, "deferredLongTermAssetCharges": 349700000, "totalAssets": 58521600000, "accountsPayable": 6180800000, "otherCurrentLiab": 15199500000, "longTermDebt": 1152400000, "otherLiab": 126900000, "minorityInterest": 37500000, "totalCurrentLiabilities": 21382000000, "totalLiab": 22661300000, "commonStock": 264400000, "treasuryStock": 35558400000, "otherStockholderEquity": 35558400000, "totalStockholderEquity": 35822800000, "netTangibleAssets": 35548500000}, {"maxAge": 1, "endDate": "2020-12-31", "totalStockholderEquity": 33513100000, "netTangibleAssets": 33038500000}, {"maxAge": 1, "endDate": "2020-09-30", "cash": 2022300000, "shortTermInvestments": 6500000, "netReceivables": 9797300000, "inventory": 10813900000, "otherCurrentAssets": 3154300000, "totalCurrentAssets": 25794300000, "longTermInvestments": 564800000, "propertyPlantEquipment": 20894800000, "goodWill": 242100000, "intangibleAssets": 232500000, "otherAssets": 4131100000, "deferredLongTermAssetCharges": 609200000, "totalAssets": 51859600000, "accountsPayable": 3285400000, "otherCurrentLiab": 12741000000, "longTermDebt": 2099500000, "otherLiab": 191400000, "minorityInterest": 29200000, "totalCurrentLiabilities": 16026400000, "totalLiab": 18317300000, "commonStock": 264400000, "treasuryStock": 33248700000, "otherStockholderEquity": 33248700000, "totalStockholderEquity": 33513100000, "netTangibleAssets": 33038500000}, {"maxAge": 1, "endDate": "2020-06-30", "totalStockholderEquity": 35202600000, "netTangibleAssets": 34721200000}], "maxAge": 86400}, "earningsHistory": {"history": [{"maxAge": 1, "epsActual": 0.25, "epsEstimate": 1.7, "epsDifference": -1.45, "surprisePercent": -0.85300004, "quarter": "2017-03-31", "period": "-4q"}, {"maxAge": 1, "epsActual": 6.12, "epsEstimate": 4.6, "epsDifference": 1.52, "surprisePercent": 0.33, "quarter": "2017-06-30", "period": "-3q"}, {"maxAge": 1, "epsActual": 3.55, "epsEstimate": 1.6, "epsDifference": 1.95, "surprisePercent": 1.219, "quarter": "2017-09-30", "period": "-2q"}, {"maxAge": 1, "epsActual": 1.79, "epsEstimate": 3.2, "epsDifference": -1.41, "surprisePercent": -0.44099998, "quarter": "2017-12-31", "period": "-1q"}], "maxAge": 86400}, "summaryProfile": {"address1": "UB Tower", "address2": "UB City No. 24, Vittal Mallya Road", "city": "Bengaluru", "zip": "560001", "country": "India", "phone": "91 80 4565 5000", "fax": "91 80 2221 1964", "website": "http://www.unitedbreweries.com", "industry": "Beverages\u2014Brewers", "sector": "Consumer Defensive", "longBusinessSummary": "United Breweries Limited manufactures, purchases, and sells beer and non-alcoholic beverages in India and internationally. It offers its products under the Kingfisher Premium, Kingfisher Strong, Kingfisher Ultra, Kingfisher Ultra Witbier, Kingfisher Ultra Max, Kingfisher Storm, and Kingfisher Blue, as well as Heineken, Amstel Bier, Sol, Affligem, Edelweiss, Desperados, Bullet, Cannon 10000, Zingaro, Kalyani Black Label, UB Export, UB Export Strong, London Pilsner Strong, and London Pilsner brand names. The company also exports its products; licenses its brands; and provides contract manufacturing services. United Breweries Limited was founded in 1915 and is based in Bengaluru, India.", "companyOfficers": [], "maxAge": 86400}, "netSharePurchaseActivity": {"maxAge": 1, "period": "6m", "buyInfoCount": 0, "buyInfoShares": 0, "sellInfoCount": 0, "netInfoCount": 0, "netInfoShares": 0, "netPercentInsiderShares": 0.0, "totalInsiderShares": 200246048}, "insiderTransactions": {"transactions": [{"maxAge": 1, "shares": 5088, "filerUrl": "", "transactionText": "", "filerName": "Dev Mazumdar Education Trust", "filerRelation": "UNREPORTED", "moneyText": "", "startDate": "2019-03-13", "ownership": "D"}, {"maxAge": 1, "shares": 1000, "filerUrl": "", "transactionText": "", "filerName": "Alagh (Sunil Kumar)", "filerRelation": "Director (Non-Executive)", "moneyText": "", "startDate": "2019-03-08", "ownership": "D"}, {"maxAge": 1, "shares": 1854785, "filerUrl": "", "transactionText": "", "filerName": "Heineken", "filerRelation": "Promoter", "moneyText": "", "startDate": "2016-09-16", "ownership": "D"}, {"maxAge": 1, "shares": 1800, "filerUrl": "", "transactionText": "", "filerName": "Alagh (Sunil Kumar)", "filerRelation": "Director (Non-Executive)", "moneyText": "", "startDate": "2014-08-19", "ownership": "D"}, {"maxAge": 1, "shares": 2200, "filerUrl": "", "transactionText": "", "filerName": "Alagh (Sunil Kumar)", "filerRelation": "Director (Non-Executive)", "moneyText": "", "startDate": "2014-08-18", "ownership": "D"}, {"maxAge": 1, "shares": 1000, "filerUrl": "", "transactionText": "", "filerName": "Alagh (Sunil Kumar)", "filerRelation": "Director (Non-Executive)", "moneyText": "", "startDate": "2012-07-19", "ownership": "D"}, {"maxAge": 1, "shares": 5000000, "filerUrl": "", "transactionText": "", "filerName": "Deutsche Securities Mauritius Ltd", "filerRelation": "UNREPORTED", "moneyText": "", "startDate": "2009-10-08", "ownership": "D"}], "maxAge": 1}, "sectorTrend": {"maxAge": 1, "symbol": null, "estimates": []}, "incomeStatementHistoryQuarterly": {"incomeStatementHistory": [{"maxAge": 1, "endDate": "2021-03-31", "totalRevenue": 15446400000, "costOfRevenue": 7382900000, "grossProfit": 8063500000, "researchDevelopment": {}, "sellingGeneralAdministrative": 1343100000, "nonRecurring": {}, "otherOperatingExpenses": 4097400000, "totalOperatingExpenses": 13446500000, "operatingIncome": 1999900000, "totalOtherIncomeExpenseNet": -547800000, "ebit": 1999900000, "interestExpense": -42200000, "incomeBeforeTax": 1452100000, "incomeTaxExpense": 476800000, "minorityInterest": 37500000, "netIncomeFromContinuingOps": 975300000, "discontinuedOperations": {}, "extraordinaryItems": {}, "effectOfAccountingCharges": {}, "otherItems": {}, "netIncome": 971400000, "netIncomeApplicableToCommonShares": 971400000}, {"maxAge": 1, "endDate": "2020-12-31", "totalRevenue": 12911000000, "costOfRevenue": 5928200000, "grossProfit": 6982800000, "researchDevelopment": {}, "sellingGeneralAdministrative": 1251800000, "nonRecurring": {}, "otherOperatingExpenses": 3986600000, "totalOperatingExpenses": 11745500000, "operatingIncome": 1165500000, "totalOtherIncomeExpenseNet": 543300000, "ebit": 1165500000, "interestExpense": -53400000, "incomeBeforeTax": 1708800000, "incomeTaxExpense": 436900000, "minorityInterest": 37500000, "netIncomeFromContinuingOps": 1271900000, "discontinuedOperations": {}, "extraordinaryItems": {}, "effectOfAccountingCharges": {}, "otherItems": {}, "netIncome": 1267800000, "netIncomeApplicableToCommonShares": 1267800000}, {"maxAge": 1, "endDate": "2020-09-30", "totalRevenue": 8999000000, "costOfRevenue": 4279800000, "grossProfit": 4719200000, "researchDevelopment": {}, "sellingGeneralAdministrative": 1104500000, "nonRecurring": {}, "otherOperatingExpenses": 3212500000, "totalOperatingExpenses": 9209300000, "operatingIncome": -210300000, "totalOtherIncomeExpenseNet": 264800000, "ebit": -210300000, "interestExpense": -59600000, "incomeBeforeTax": 54500000, "incomeTaxExpense": 18400000, "minorityInterest": 29200000, "netIncomeFromContinuingOps": 36100000, "discontinuedOperations": {}, "extraordinaryItems": {}, "effectOfAccountingCharges": {}, "otherItems": {}, "netIncome": 37000000, "netIncomeApplicableToCommonShares": 37000000}, {"maxAge": 1, "endDate": "2020-06-30", "totalRevenue": 5074500000, "costOfRevenue": 2702800000, "grossProfit": 2371700000, "researchDevelopment": {}, "sellingGeneralAdministrative": 1155500000, "nonRecurring": {}, "otherOperatingExpenses": 2175200000, "totalOperatingExpenses": 6539100000, "operatingIncome": -1464600000, "totalOtherIncomeExpenseNet": -56700000, "ebit": -1464600000, "interestExpense": -71500000, "incomeBeforeTax": -1521300000, "incomeTaxExpense": -376300000, "minorityInterest": 29200000, "netIncomeFromContinuingOps": -1145000000, "discontinuedOperations": {}, "extraordinaryItems": {}, "effectOfAccountingCharges": {}, "otherItems": {}, "netIncome": -1144000000, "netIncomeApplicableToCommonShares": -1144000000}], "maxAge": 86400}, "cashflowStatementHistoryQuarterly": {"cashflowStatements": [{"maxAge": 1, "endDate": "2021-03-31", "netIncome": 971400000, "changeToLiabilities": 0}, {"maxAge": 1, "endDate": "2020-12-31", "netIncome": 1267800000, "changeToLiabilities": 0}, {"maxAge": 1, "endDate": "2020-09-30", "netIncome": 37000000, "changeToLiabilities": 0}, {"maxAge": 1, "endDate": "2020-06-30", "netIncome": -1144000000, "changeToLiabilities": 0}], "maxAge": 86400}, "earnings": {"maxAge": 86400, "earningsChart": {"quarterly": [{"date": "1Q2017", "actual": 0.25, "estimate": 1.7}, {"date": "2Q2017", "actual": 6.12, "estimate": 4.6}, {"date": "3Q2017", "actual": 3.55, "estimate": 1.6}, {"date": "4Q2017", "actual": 1.79, "estimate": 3.2}], "currentQuarterEstimate": 3.42, "currentQuarterEstimateDate": "1Q", "currentQuarterEstimateYear": 2018, "earningsDate": []}, "financialsChart": {"yearly": [{"date": 2018, "revenue": 56190200000, "earnings": 3942000000}, {"date": 2019, "revenue": 64754300000, "earnings": 5629400000}, {"date": 2020, "revenue": 65092400000, "earnings": 4277300000}, {"date": 2021, "revenue": 42430900000, "earnings": 1132200000}], "quarterly": [{"date": "2Q2020", "revenue": 5074500000, "earnings": -1144000000}, {"date": "3Q2020", "revenue": 8999000000, "earnings": 37000000}, {"date": "4Q2020", "revenue": 12911000000, "earnings": 1267800000}, {"date": "1Q2021", "revenue": 15446400000, "earnings": 971400000}]}, "financialCurrency": "INR"}, "financialData": {"maxAge": 86400, "currentPrice": 1211.9, "targetHighPrice": 1380.0, "targetLowPrice": 693.0, "targetMeanPrice": 1071.38, "targetMedianPrice": 1120.0, "recommendationMean": 3.4, "recommendationKey": "hold", "numberOfAnalystOpinions": 8, "totalCash": 4701199872, "totalCashPerShare": 17.761, "ebitda": 3810599936, "totalDebt": 1154099968, "quickRatio": 0.872, "currentRatio": 1.554, "totalRevenue": 42430898176, "debtToEquity": 3.218, "revenuePerShare": 160.399, "returnOnAssets": 0.016339999, "returnOnEquity": 0.03202, "grossProfits": 22137200000, "freeCashflow": 5685275136, "operatingCashflow": 6202800128, "earningsGrowth": 1.353, "revenueGrowth": 0.084, "grossMargins": 0.52172, "ebitdaMargins": 0.08981, "operatingMargins": 0.03513, "profitMargins": 0.02668, "financialCurrency": "INR"}}}