{"UCALFUEL.BO": {"recommendationTrend": {"trend": [{"period": "0m", "strongBuy": 0, "buy": 0, "hold": 0, "sell": 0, "strongSell": 0}, {"period": "-1m", "strongBuy": 0, "buy": 0, "hold": 0, "sell": 0, "strongSell": 0}, {"period": "-2m", "strongBuy": 0, "buy": 0, "hold": 0, "sell": 0, "strongSell": 0}, {"period": "-3m", "strongBuy": 0, "buy": 0, "hold": 0, "sell": 0, "strongSell": 0}], "maxAge": 86400}, "cashflowStatementHistory": {"cashflowStatements": [{"maxAge": 1, "endDate": "2020-03-31", "netIncome": 211503000, "depreciation": 395019000, "changeToNetincome": 280979000, "changeToAccountReceivables": 543919000, "changeToLiabilities": 47434000, "changeToInventory": -24925000, "changeToOperatingActivities": -177545000, "totalCashFromOperatingActivities": 1276384000, "capitalExpenditures": -646883000, "otherCashflowsFromInvestingActivities": 45798000, "totalCashflowsFromInvestingActivities": -718592000, "dividendsPaid": -239997000, "netBorrowings": -79377000, "otherCashflowsFromFinancingActivities": -272018000, "totalCashFromFinancingActivities": -591392000, "effectOfExchangeRate": 111814000, "changeInCash": 78214000}, {"maxAge": 1, "endDate": "2019-03-31", "netIncome": 458121000, "depreciation": 300419000, "changeToNetincome": 442196000, "changeToAccountReceivables": 63393000, "changeToLiabilities": 27922000, "changeToInventory": -13872000, "changeToOperatingActivities": 21628000, "totalCashFromOperatingActivities": 1303668000, "capitalExpenditures": -287197000, "otherCashflowsFromInvestingActivities": 13550000, "totalCashflowsFromInvestingActivities": -443723000, "dividendsPaid": -274062000, "netBorrowings": 61388000, "otherCashflowsFromFinancingActivities": -268830000, "totalCashFromFinancingActivities": -481504000, "effectOfExchangeRate": -3395000, "changeInCash": 375046000}, {"maxAge": 1, "endDate": "2018-03-31", "netIncome": 1012206000, "depreciation": 292722000, "changeToNetincome": -272320000, "changeToAccountReceivables": -100774000, "changeToLiabilities": -83440000, "changeToInventory": -96338000, "changeToOperatingActivities": 26743000, "totalCashFromOperatingActivities": 782562000, "capitalExpenditures": -398157000, "otherCashflowsFromInvestingActivities": 19299000, "totalCashflowsFromInvestingActivities": -449433000, "dividendsPaid": -134413000, "netBorrowings": -90977000, "otherCashflowsFromFinancingActivities": -262010000, "totalCashFromFinancingActivities": -487400000, "effectOfExchangeRate": -4202000, "changeInCash": -158473000}, {"maxAge": 1, "endDate": "2017-03-31", "netIncome": 358616000, "depreciation": 333622000, "changeToNetincome": 277542000, "changeToAccountReceivables": -146589000, "changeToLiabilities": 136040000, "changeToInventory": 22143000, "changeToOperatingActivities": -4937000, "totalCashFromOperatingActivities": 979679000, "capitalExpenditures": -136511000, "otherCashflowsFromInvestingActivities": 18207000, "totalCashflowsFromInvestingActivities": -188196000, "dividendsPaid": -92431000, "netBorrowings": -344109000, "otherCashflowsFromFinancingActivities": -277299000, "totalCashFromFinancingActivities": -713839000, "effectOfExchangeRate": -53509000, "changeInCash": 24135000}], "maxAge": 86400}, "institutionOwnership": {"ownershipList": [], "maxAge": 1}, "balanceSheetHistoryQuarterly": {"balanceSheetStatements": [{"maxAge": 1, "endDate": "2020-06-30", "totalStockholderEquity": 3309764000, "netTangibleAssets": 2932457000}, {"maxAge": 1, "endDate": "2020-03-31", "cash": 42289000, "netReceivables": 828436000, "inventory": 911011000, "otherCurrentAssets": 189837000, "totalCurrentAssets": 1971573000, "longTermInvestments": 16910000, "propertyPlantEquipment": 4587517000, "goodWill": 3119000, "intangibleAssets": 374188000, "otherAssets": 744730000, "deferredLongTermAssetCharges": 80538000, "totalAssets": 7698037000, "accountsPayable": 1468832000, "otherCurrentLiab": 729502000, "longTermDebt": 684211000, "otherLiab": 431370000, "totalCurrentLiabilities": 3272692000, "totalLiab": 4388273000, "commonStock": 221136000, "treasuryStock": 3088628000, "otherStockholderEquity": 3088628000, "totalStockholderEquity": 3309764000, "netTangibleAssets": 2932457000}, {"maxAge": 1, "endDate": "2019-12-31", "totalStockholderEquity": 3488267000, "netTangibleAssets": 3207317000}, {"maxAge": 1, "endDate": "2019-09-30", "cash": 87767000, "netReceivables": 1300160000, "inventory": 909559000, "otherCurrentAssets": 310848000, "totalCurrentAssets": 2608334000, "longTermInvestments": 24178000, "propertyPlantEquipment": 4355940000, "goodWill": 3119000, "intangibleAssets": 277831000, "otherAssets": 658109000, "deferredLongTermAssetCharges": 109588000, "totalAssets": 7927511000, "accountsPayable": 1394226000, "otherCurrentLiab": 713560000, "longTermDebt": 564216000, "otherLiab": 453313000, "totalCurrentLiabilities": 3421715000, "totalLiab": 4439244000, "commonStock": 221136000, "treasuryStock": 3267131000, "otherStockholderEquity": 3267131000, "totalStockholderEquity": 3488267000, "netTangibleAssets": 3207317000}], "maxAge": 86400}, "earningsHistory": {"history": [{"maxAge": 1, "epsActual": {}, "epsEstimate": {}, "epsDifference": {}, "surprisePercent": {}, "quarter": {}, "period": "-4q"}, {"maxAge": 1, "epsActual": {}, "epsEstimate": {}, "epsDifference": {}, "surprisePercent": {}, "quarter": {}, "period": "-3q"}, {"maxAge": 1, "epsActual": 1.23, "epsEstimate": 2.99, "epsDifference": -1.76, "surprisePercent": -0.589, "quarter": "2017-03-31", "period": "-2q"}, {"maxAge": 1, "epsActual": 1.71, "epsEstimate": 3.8, "epsDifference": -2.09, "surprisePercent": -0.55, "quarter": "2017-06-30", "period": "-1q"}], "maxAge": 86400}, "indexTrend": {"maxAge": 1, "symbol": "SP5", "peRatio": 19.7411, "pegRatio": 1.34172, "estimates": [{"period": "0q", "growth": 0.549}, {"period": "+1q", "growth": 0.431}, {"period": "0y", "growth": 0.305}, {"period": "+1y", "growth": 0.109}, {"period": "+5y", "growth": 0.120865}, {"period": "-5y"}]}, "industryTrend": {"maxAge": 1, "symbol": null, "estimates": []}, "insiderTransactions": {"transactions": [{"maxAge": 1, "shares": 6685, "filerUrl": "", "transactionText": "", "filerName": "Krishnamurthy (V)", "filerRelation": "Promoter", "moneyText": "", "startDate": "2019-03-28", "ownership": "D"}, {"maxAge": 1, "shares": 6735, "filerUrl": "", "transactionText": "", "filerName": "Krishnamurthy (V)", "filerRelation": "Promoter", "moneyText": "", "startDate": "2019-02-26", "ownership": "D"}, {"maxAge": 1, "shares": 500000, "filerUrl": "", "transactionText": "", "filerName": "Carburettors Ltd", "filerRelation": "Promoter", "moneyText": "", "startDate": "2015-09-18", "ownership": "D"}, {"maxAge": 1, "shares": 500000, "filerUrl": "", "transactionText": "", "filerName": "Minica Real Estates Pvt Ltd", "filerRelation": "Promoter", "moneyText": "", "startDate": "2015-09-18", "ownership": "D"}, {"maxAge": 1, "shares": 3967129, "filerUrl": "", "transactionText": "", "filerName": "Carburettors Ltd", "filerRelation": "Promoter", "moneyText": "", "startDate": "2009-09-29", "ownership": "D"}, {"maxAge": 1, "shares": 141683, "filerUrl": "", "transactionText": "", "filerName": "Sujo Land & Properties Pvt Ltd", "filerRelation": "Institution- Corporation", "moneyText": "", "startDate": "2009-09-29", "ownership": "D"}, {"maxAge": 1, "shares": 1558515, "filerUrl": "", "transactionText": "", "filerName": "Southern Ceramics Pvt Ltd", "filerRelation": "Institution- Corporation", "moneyText": "", "startDate": "2009-09-29", "ownership": "D"}, {"maxAge": 1, "shares": 1841882, "filerUrl": "", "transactionText": "", "filerName": "Minica Real Estates Pvt Ltd", "filerRelation": "Promoter", "moneyText": "", "startDate": "2009-09-29", "ownership": "D"}, {"maxAge": 1, "shares": 354208, "filerUrl": "", "transactionText": "", "filerName": "Krishnamurthy (V)", "filerRelation": "UNREPORTED", "moneyText": "", "startDate": "2009-09-29", "ownership": "D"}, {"maxAge": 1, "shares": 354208, "filerUrl": "", "transactionText": "", "filerName": "Krishnamurthy (Jayakar)", "filerRelation": "Managing Director", "moneyText": "", "startDate": "2009-09-29", "ownership": "D"}], "maxAge": 1}, "quoteType": {"exchange": "BSE", "quoteType": "EQUITY", "symbol": "UCALFUEL.BO", "underlyingSymbol": "UCALFUEL.BO", "shortName": "UCAL FUEL SYSTEMS LTD.", "longName": "Ucal Fuel Systems Limited", "firstTradeDateEpochUtc": "2000-04-17 09:15:00", "timeZoneFullName": "Asia/Kolkata", "timeZoneShortName": "IST", "uuid": "b9956514-7713-339f-bd0c-520cedace1e7", "gmtOffSetMilliseconds": 19800000, "maxAge": 1}, "incomeStatementHistory": {"incomeStatementHistory": [{"maxAge": 1, "endDate": "2020-03-31", "totalRevenue": 7315221000, "costOfRevenue": 3120401000, "grossProfit": 4194820000, "researchDevelopment": {}, "sellingGeneralAdministrative": 1794111000, "nonRecurring": {}, "otherOperatingExpenses": 1511227000, "totalOperatingExpenses": 6820758000, "operatingIncome": 494463000, "totalOtherIncomeExpenseNet": -144602000, "ebit": 494463000, "interestExpense": -267195000, "incomeBeforeTax": 349861000, "incomeTaxExpense": 138358000, "minorityInterest": {}, "netIncomeFromContinuingOps": 211503000, "discontinuedOperations": {}, "extraordinaryItems": {}, "effectOfAccountingCharges": {}, "otherItems": {}, "netIncome": 211503000, "netIncomeApplicableToCommonShares": 211503000}, {"maxAge": 1, "endDate": "2019-03-31", "totalRevenue": 8697826000, "costOfRevenue": 3862737000, "grossProfit": 4835089000, "researchDevelopment": {}, "sellingGeneralAdministrative": 1995460000, "nonRecurring": {}, "otherOperatingExpenses": 1570743000, "totalOperatingExpenses": 7730071000, "operatingIncome": 967755000, "totalOtherIncomeExpenseNet": -237148000, "ebit": 967755000, "interestExpense": -264711000, "incomeBeforeTax": 730607000, "incomeTaxExpense": 272486000, "minorityInterest": {}, "netIncomeFromContinuingOps": 458121000, "discontinuedOperations": {}, "extraordinaryItems": {}, "effectOfAccountingCharges": {}, "otherItems": {}, "netIncome": 458121000, "netIncomeApplicableToCommonShares": 458121000}, {"maxAge": 1, "endDate": "2018-03-31", "totalRevenue": 8203921000, "costOfRevenue": 3547358000, "grossProfit": 4656563000, "researchDevelopment": {}, "sellingGeneralAdministrative": 1908529000, "nonRecurring": {}, "otherOperatingExpenses": 1496677000, "totalOperatingExpenses": 7245899000, "operatingIncome": 958022000, "totalOtherIncomeExpenseNet": -218474000, "ebit": 958022000, "interestExpense": -254003000, "incomeBeforeTax": 739548000, "incomeTaxExpense": -272658000, "minorityInterest": {}, "netIncomeFromContinuingOps": 1012206000, "discontinuedOperations": {}, "extraordinaryItems": {}, "effectOfAccountingCharges": {}, "otherItems": {}, "netIncome": 1012206000, "netIncomeApplicableToCommonShares": 1012206000}, {"maxAge": 1, "endDate": "2017-03-31", "totalRevenue": 7910990000, "costOfRevenue": 3430730000, "grossProfit": 4480260000, "researchDevelopment": {}, "sellingGeneralAdministrative": 1830155000, "nonRecurring": {}, "otherOperatingExpenses": 1615748000, "totalOperatingExpenses": 7210347000, "operatingIncome": 700643000, "totalOtherIncomeExpenseNet": -187634000, "ebit": 700643000, "interestExpense": -268473000, "incomeBeforeTax": 513009000, "incomeTaxExpense": 154393000, "minorityInterest": {}, "netIncomeFromContinuingOps": 358616000, "discontinuedOperations": {}, "extraordinaryItems": {}, "effectOfAccountingCharges": {}, "otherItems": {}, "netIncome": 358616000, "netIncomeApplicableToCommonShares": 358616000}], "maxAge": 86400}, "fundOwnership": {"ownershipList": [], "maxAge": 1}, "summaryDetail": {"maxAge": 1, "priceHint": 2, "previousClose": 138.45, "open": 137.85, "dayLow": 137.3, "dayHigh": 141.9, "regularMarketPreviousClose": 138.45, "regularMarketOpen": 137.85, "regularMarketDayLow": 137.3, "regularMarketDayHigh": 141.9, "forwardPE": 6.920398, "volume": 2635, "regularMarketVolume": 2635, "averageVolume": 4772, "averageVolume10days": 3361, "averageDailyVolume10Day": 3361, "bid": 138.0, "ask": 140.0, "bidSize": 0, "askSize": 0, "marketCap": 3076001792, "fiftyTwoWeekLow": 63.0, "fiftyTwoWeekHigh": 154.7, "fiftyDayAverage": 126.59242, "twoHundredDayAverage": 121.84375, "trailingAnnualDividendRate": 9.0, "trailingAnnualDividendYield": 0.06500542, "currency": "INR", "fromCurrency": null, "lastMarket": null, "algorithm": null, "tradeable": false}, "sectorTrend": {"maxAge": 1, "symbol": null, "estimates": []}, "incomeStatementHistoryQuarterly": {"incomeStatementHistory": [{"maxAge": 1, "endDate": "2020-06-30", "totalRevenue": 798331000, "costOfRevenue": 361966000, "grossProfit": 436365000, "researchDevelopment": {}, "sellingGeneralAdministrative": 282524000, "nonRecurring": {}, "otherOperatingExpenses": 201445000, "totalOperatingExpenses": 949297000, "operatingIncome": -150966000, "totalOtherIncomeExpenseNet": -41649000, "ebit": -150966000, "interestExpense": -57153000, "incomeBeforeTax": -192615000, "incomeTaxExpense": -42407000, "minorityInterest": {}, "netIncomeFromContinuingOps": -150208000, "discontinuedOperations": {}, "extraordinaryItems": {}, "effectOfAccountingCharges": {}, "otherItems": {}, "netIncome": -150208000, "netIncomeApplicableToCommonShares": -150208000}, {"maxAge": 1, "endDate": "2020-03-31", "totalRevenue": 1582099000, "costOfRevenue": 683695000, "grossProfit": 898404000, "researchDevelopment": {}, "sellingGeneralAdministrative": 527266000, "nonRecurring": {}, "otherOperatingExpenses": 339395000, "totalOperatingExpenses": 1662210000, "operatingIncome": -80111000, "totalOtherIncomeExpenseNet": -25295000, "ebit": -80111000, "interestExpense": -81673000, "incomeBeforeTax": -105406000, "incomeTaxExpense": -68354000, "minorityInterest": {}, "netIncomeFromContinuingOps": -37052000, "discontinuedOperations": {}, "extraordinaryItems": {}, "effectOfAccountingCharges": {}, "otherItems": {}, "netIncome": -37052000, "netIncomeApplicableToCommonShares": -37052000}, {"maxAge": 1, "endDate": "2019-12-31", "totalRevenue": 1754431000, "costOfRevenue": 761035000, "grossProfit": 993396000, "researchDevelopment": {}, "sellingGeneralAdministrative": 407810000, "nonRecurring": {}, "otherOperatingExpenses": 394762000, "totalOperatingExpenses": 1655394000, "operatingIncome": 99037000, "totalOtherIncomeExpenseNet": -46273000, "ebit": 99037000, "interestExpense": -62858000, "incomeBeforeTax": 52764000, "incomeTaxExpense": 51517000, "minorityInterest": {}, "netIncomeFromContinuingOps": 1247000, "discontinuedOperations": {}, "extraordinaryItems": {}, "effectOfAccountingCharges": {}, "otherItems": {}, "netIncome": 1247000, "netIncomeApplicableToCommonShares": 1247000}, {"maxAge": 1, "endDate": "2019-09-30", "totalRevenue": 1964205000, "costOfRevenue": 829238000, "grossProfit": 1134967000, "researchDevelopment": {}, "sellingGeneralAdministrative": 415642000, "nonRecurring": {}, "otherOperatingExpenses": 384845000, "totalOperatingExpenses": 1725864000, "operatingIncome": 238341000, "totalOtherIncomeExpenseNet": -30966000, "ebit": 238341000, "interestExpense": -55955000, "incomeBeforeTax": 207375000, "incomeTaxExpense": 117926000, "minorityInterest": {}, "netIncomeFromContinuingOps": 89449000, "discontinuedOperations": {}, "extraordinaryItems": {}, "effectOfAccountingCharges": {}, "otherItems": {}, "netIncome": 89449000, "netIncomeApplicableToCommonShares": 89449000}], "maxAge": 86400}, "cashflowStatementHistoryQuarterly": {"cashflowStatements": [{"maxAge": 1, "endDate": "2020-06-30", "netIncome": -150208000, "changeToLiabilities": 0}, {"maxAge": 1, "endDate": "2020-03-31", "netIncome": -37052000, "changeToLiabilities": 0}, {"maxAge": 1, "endDate": "2019-12-31", "netIncome": 1247000, "changeToLiabilities": 0}, {"maxAge": 1, "endDate": "2019-09-30", "netIncome": 89449000, "changeToLiabilities": 0}], "maxAge": 86400}, "insiderHolders": {"holders": [{"maxAge": 1, "name": "Carburettors Ltd", "relation": "Promoter", "url": "", "transactionDescription": "Acquisition", "latestTransDate": "2015-09-18", "positionDirect": 11320089, "positionDirectDate": "2015-09-18"}, {"maxAge": 1, "name": "Krishnamurthy (Jayakar)", "relation": "Managing Director", "url": "", "transactionDescription": "Acquisition", "latestTransDate": "2009-09-29", "positionDirect": 354208, "positionDirectDate": "2009-09-29"}, {"maxAge": 1, "name": "Krishnamurthy (V)", "relation": "Promoter", "url": "", "transactionDescription": "Acquisition", "latestTransDate": "2019-03-28", "positionDirect": 561399, "positionDirectDate": "2019-03-28"}, {"maxAge": 1, "name": "Minica Real Estates Pvt Ltd", "relation": "Promoter", "url": "", "transactionDescription": "Sale", "latestTransDate": "2015-09-18", "positionDirect": 1341882, "positionDirectDate": "2015-09-18"}, {"maxAge": 1, "name": "Southern Ceramics Pvt Ltd", "relation": "Institution- Corporation", "url": "", "transactionDescription": "Acquisition", "latestTransDate": "2009-09-29", "positionDirect": 1558515, "positionDirectDate": "2009-09-29"}, {"maxAge": 1, "name": "Sujo Land & Properties Pvt Ltd", "relation": "Institution- Corporation", "url": "", "transactionDescription": "Acquisition", "latestTransDate": "2009-09-29", "positionDirect": 141683, "positionDirectDate": "2009-09-29"}], "maxAge": 1}, "earnings": {"maxAge": 86400, "earningsChart": {"quarterly": [{"date": "1Q2017", "actual": 1.23, "estimate": 2.99}, {"date": "2Q2017", "actual": 1.71, "estimate": 3.8}], "currentQuarterEstimateDate": "3Q", "currentQuarterEstimateYear": 2017, "earningsDate": []}, "financialsChart": {"yearly": [{"date": 2017, "revenue": 7910990000, "earnings": 358616000}, {"date": 2018, "revenue": 8203921000, "earnings": 1012206000}, {"date": 2019, "revenue": 8697826000, "earnings": 458121000}, {"date": 2020, "revenue": 7315221000, "earnings": 211503000}], "quarterly": [{"date": "3Q2019", "revenue": 1964205000, "earnings": 89449000}, {"date": "4Q2019", "revenue": 1754431000, "earnings": 1247000}, {"date": "1Q2020", "revenue": 1582099000, "earnings": -37052000}, {"date": "2Q2020", "revenue": 798331000, "earnings": -150208000}]}, "financialCurrency": "INR"}, "calendarEvents": {"maxAge": 1, "earnings": {"earningsDate": [], "revenueAverage": 1596400000}}, "upgradeDowngradeHistory": {"history": [], "maxAge": 86400}, "price": {"maxAge": 1, "regularMarketChangePercent": 0.004694902, "regularMarketChange": 0.65000916, "regularMarketTime": "2021-04-30 15:28:30", "priceHint": 2, "regularMarketPrice": 139.1, "regularMarketDayHigh": 141.9, "regularMarketDayLow": 137.3, "regularMarketVolume": 2635, "averageDailyVolume10Day": 3361, "averageDailyVolume3Month": 4772, "regularMarketPreviousClose": 138.45, "regularMarketSource": "FREE_REALTIME", "regularMarketOpen": 137.85, "exchange": "BSE", "exchangeName": "BSE", "exchangeDataDelayedBy": 0, "marketState": "CLOSED", "quoteType": "EQUITY", "symbol": "UCALFUEL.BO", "underlyingSymbol": null, "shortName": "UCAL FUEL SYSTEMS LTD.", "longName": "Ucal Fuel Systems Limited", "currency": "INR", "quoteSourceName": "Delayed Quote", "currencySymbol": "\u20b9", "fromCurrency": null, "lastMarket": null, "marketCap": 3076001792}, "balanceSheetHistory": {"balanceSheetStatements": [{"maxAge": 1, "endDate": "2020-03-31", "cash": 42289000, "netReceivables": 828436000, "inventory": 911011000, "otherCurrentAssets": 189837000, "totalCurrentAssets": 1971573000, "longTermInvestments": 16910000, "propertyPlantEquipment": 4587517000, "goodWill": 3119000, "intangibleAssets": 374188000, "otherAssets": 744730000, "deferredLongTermAssetCharges": 80538000, "totalAssets": 7698037000, "accountsPayable": 1468832000, "otherCurrentLiab": 729502000, "longTermDebt": 684211000, "otherLiab": 431370000, "totalCurrentLiabilities": 3272692000, "totalLiab": 4388273000, "commonStock": 221136000, "treasuryStock": 3088628000, "otherStockholderEquity": 3088628000, "totalStockholderEquity": 3309764000, "netTangibleAssets": 2932457000}, {"maxAge": 1, "endDate": "2019-03-31", "cash": 22151000, "netReceivables": 1370623000, "inventory": 886088000, "otherCurrentAssets": 194662000, "totalCurrentAssets": 2486938000, "longTermInvestments": 23317000, "propertyPlantEquipment": 3900082000, "goodWill": 3119000, "intangibleAssets": 291006000, "otherAssets": 717628000, "deferredLongTermAssetCharges": 143293000, "totalAssets": 7422090000, "accountsPayable": 1421398000, "shortLongTermDebt": 351675000, "otherCurrentLiab": 171533000, "longTermDebt": 686521000, "otherLiab": 80855000, "totalCurrentLiabilities": 3427988000, "totalLiab": 4199640000, "commonStock": 221136000, "retainedEarnings": 2882678000, "treasuryStock": -97898000, "capitalSurplus": 216534000, "otherStockholderEquity": -97898000, "totalStockholderEquity": 3222450000, "netTangibleAssets": 2928325000}, {"maxAge": 1, "endDate": "2018-03-31", "cash": 25655000, "netReceivables": 1225130000, "inventory": 849351000, "otherCurrentAssets": 209275000, "totalCurrentAssets": 2348135000, "longTermInvestments": 19517000, "propertyPlantEquipment": 3850808000, "goodWill": 3119000, "intangibleAssets": 135033000, "otherAssets": 805308000, "deferredLongTermAssetCharges": 261326000, "totalAssets": 7161920000, "accountsPayable": 1131947000, "shortLongTermDebt": 325803000, "otherCurrentLiab": 75036000, "longTermDebt": 735494000, "otherLiab": 140656000, "totalCurrentLiabilities": 3286678000, "totalLiab": 4177618000, "commonStock": 221136000, "retainedEarnings": 2688404000, "treasuryStock": -141772000, "capitalSurplus": 216534000, "otherStockholderEquity": -141772000, "totalStockholderEquity": 2984302000, "netTangibleAssets": 2846150000}, {"maxAge": 1, "endDate": "2017-03-31", "cash": 46322000, "netReceivables": 1162774000, "inventory": 752028000, "otherCurrentAssets": 180983000, "totalCurrentAssets": 2151838000, "longTermInvestments": 15441000, "propertyPlantEquipment": 3731480000, "goodWill": 3119000, "intangibleAssets": 74702000, "otherAssets": 452045000, "totalAssets": 6428625000, "accountsPayable": 1245590000, "shortLongTermDebt": 300071000, "otherCurrentLiab": 153334000, "longTermDebt": 948884000, "otherLiab": 197171000, "totalCurrentLiabilities": 3154701000, "totalLiab": 4322560000, "commonStock": 221136000, "retainedEarnings": 1819426000, "treasuryStock": -151031000, "capitalSurplus": 216534000, "otherStockholderEquity": -151031000, "totalStockholderEquity": 2106065000, "netTangibleAssets": 2028244000}], "maxAge": 86400}, "earningsTrend": {"trend": [{"maxAge": 1, "period": "0q", "endDate": "2017-09-30", "growth": {}, "earningsEstimate": {"avg": 0.0, "low": 0.0, "high": 0.0, "yearAgoEps": {}, "numberOfAnalysts": 0, "growth": {}}, "revenueEstimate": {"avg": 1596400000, "low": 0, "high": 0, "numberOfAnalysts": 0, "yearAgoRevenue": {}, "growth": {}}, "epsTrend": {"current": 0.0, "7daysAgo": 0.0, "30daysAgo": 0.0, "60daysAgo": 0.0, "90daysAgo": 0.0}, "epsRevisions": {"upLast7days": 0, "upLast30days": 0, "downLast30days": 0, "downLast90days": {}}}, {"maxAge": 1, "period": "+1q", "endDate": "2017-12-31", "growth": {}, "earningsEstimate": {"avg": 0.0, "low": 0.0, "high": 0.0, "yearAgoEps": {}, "numberOfAnalysts": 0, "growth": {}}, "revenueEstimate": {"avg": 1502860000, "low": 0, "high": 0, "numberOfAnalysts": 0, "yearAgoRevenue": {}, "growth": {}}, "epsTrend": {"current": 0.0, "7daysAgo": 0.0, "30daysAgo": 0.0, "60daysAgo": 0.0, "90daysAgo": 0.0}, "epsRevisions": {"upLast7days": 0, "upLast30days": 0, "downLast30days": 0, "downLast90days": {}}}, {"maxAge": 1, "period": "0y", "endDate": "2018-03-31", "growth": {}, "earningsEstimate": {"avg": 0.0, "low": 0.0, "high": 0.0, "yearAgoEps": {}, "numberOfAnalysts": 0, "growth": {}}, "revenueEstimate": {"avg": 5776150000, "low": 5836830000, "high": 5836830000, "numberOfAnalysts": 1, "yearAgoRevenue": 5639760000, "growth": 0.024}, "epsTrend": {"current": 0.0, "7daysAgo": 17.94, "30daysAgo": 17.94, "60daysAgo": 17.94, "90daysAgo": 17.94}, "epsRevisions": {"upLast7days": 0, "upLast30days": 0, "downLast30days": 0, "downLast90days": {}}}, {"maxAge": 1, "period": "+1y", "endDate": "2019-03-31", "growth": {}, "earningsEstimate": {"avg": 0.0, "low": 0.0, "high": 0.0, "yearAgoEps": {}, "numberOfAnalysts": 0, "growth": {}}, "revenueEstimate": {"avg": 6303780000, "low": 6303780000, "high": 6303780000, "numberOfAnalysts": 1, "yearAgoRevenue": 5776150000, "growth": 0.091000006}, "epsTrend": {"current": 0.0, "7daysAgo": 20.1, "30daysAgo": 20.1, "60daysAgo": 20.1, "90daysAgo": 20.1}, "epsRevisions": {"upLast7days": 0, "upLast30days": 0, "downLast30days": 0, "downLast90days": {}}}, {"maxAge": 1, "period": "+5y", "endDate": null, "growth": {}, "earningsEstimate": {"avg": {}, "low": {}, "high": {}, "yearAgoEps": {}, "numberOfAnalysts": {}, "growth": {}}, "revenueEstimate": {"avg": {}, "low": {}, "high": {}, "numberOfAnalysts": {}, "yearAgoRevenue": {}, "growth": {}}, "epsTrend": {"current": {}, "7daysAgo": {}, "30daysAgo": {}, "60daysAgo": {}, "90daysAgo": {}}, "epsRevisions": {"upLast7days": {}, "upLast30days": {}, "downLast30days": {}, "downLast90days": {}}}, {"maxAge": 1, "period": "-5y", "endDate": null, "growth": {}, "earningsEstimate": {"avg": {}, "low": {}, "high": {}, "yearAgoEps": {}, "numberOfAnalysts": {}, "growth": {}}, "revenueEstimate": {"avg": {}, "low": {}, "high": {}, "numberOfAnalysts": {}, "yearAgoRevenue": {}, "growth": {}}, "epsTrend": {"current": {}, "7daysAgo": {}, "30daysAgo": {}, "60daysAgo": {}, "90daysAgo": {}}, "epsRevisions": {"upLast7days": {}, "upLast30days": {}, "downLast30days": {}, "downLast90days": {}}}], "maxAge": 1}, "financialData": {"maxAge": 86400, "currentPrice": 139.1, "targetHighPrice": 110.0, "targetLowPrice": 110.0, "targetMeanPrice": 110.0, "targetMedianPrice": 110.0, "recommendationKey": "none", "numberOfAnalystOpinions": 1, "grossProfits": 4194820000, "financialCurrency": "INR"}}}