{"UCOBANK.NS": {"assetProfile": {"address1": "10, B. T. M. Sarani", "city": "Kolkata", "zip": "700001", "country": "India", "website": "http://www.ucobank.com", "industry": "Banks\u2014Regional", "sector": "Financial Services", "longBusinessSummary": "UCO Bank operates as a commercial bank in India. It accepts deposit products, such as current accounts, saving accounts, fixed deposits, recurring deposits, accounts in foreign currency, salary accounts, and fee collection accounts. The company also provides home, vehicle, mortgage, education, and personal loans; working capital financing; term loans; infrastructure finance; foreign currency loans; finance to exporters and importers; agriculture credit; and finance to micro and small enterprises. In addition, it offers debit cards and mobile banking services; and international banking services, including NRI banking, remittances, forex and treasury services, resident foreign currency deposits, and correspondent banking services to Indian customers, corporates, NRIs, overseas corporate bodies, foreign companies/individuals, and foreign banks. Further, the company provides government deposit schemes/bonds, pension payments/schemes, and tax collection services; and bancassurance products, mutual funds, and money transfer services. As of March 31, 2020, it operated 42 zones and 3086 domestic branches, as well as 2 overseas branches, including 1 each in Singapore and Hong Kong. The company was formerly known as The United Commercial Bank Ltd. and changed its name to UCO Bank in December 1985. UCO Bank was founded in 1943 and is headquartered in Kolkata, India.", "fullTimeEmployees": 22436, "companyOfficers": [{"maxAge": 1, "name": "Mr. Atul Kumar Goel", "age": 56, "title": "MD, CEO & Director", "yearBorn": 1964, "exercisedValue": 0, "unexercisedValue": 0}, {"maxAge": 1, "name": "Mr. Ajay  Vyas", "age": 58, "title": "Exec. Director", "yearBorn": 1962, "exercisedValue": 0, "unexercisedValue": 0}, {"maxAge": 1, "name": "Mr. Shashi Kant Kumar", "title": "Deputy GM & CFO", "exercisedValue": 0, "unexercisedValue": 0}, {"maxAge": 1, "name": "Mr. Ashutosh  Sundaram", "title": "Deputy Gen. Mang. of Treasury & Investment", "exercisedValue": 0, "unexercisedValue": 0}, {"maxAge": 1, "name": "Mr. S. K. Sankhayan", "title": "Gen. Mang. of Corp. Communication, Gen. Admin. & Strategic Planning Department", "exercisedValue": 0, "unexercisedValue": 0}, {"maxAge": 1, "name": "Mr. Manish  Kumar", "title": "GM & Chief Compliance Officer", "exercisedValue": 0, "unexercisedValue": 0}, {"maxAge": 1, "name": "Mr. P.  Manoj", "title": "Gen. Mang. of Law Department & Recovery Department", "exercisedValue": 0, "unexercisedValue": 0}, {"maxAge": 1, "name": "Mr. Ankit  Rana", "title": "Deputy Gen. Mang. of Marketing & Transaction Bus. Department", "exercisedValue": 0, "unexercisedValue": 0}, {"maxAge": 1, "name": "Mr. Naresh  Kumar", "title": "Gen. Mang. of Human Resource Management, Personnel Services Department & Official Language", "exercisedValue": 0, "unexercisedValue": 0}, {"maxAge": 1, "name": "Mr. Dilip Kumar Mridha", "title": "Chief Risk Officer and GM of Risk Management & Capital Raising", "exercisedValue": 0, "unexercisedValue": 0}], "maxAge": 86400}, "recommendationTrend": {"trend": [{"period": "0m", "strongBuy": 0, "buy": 0, "hold": 0, "sell": 0, "strongSell": 0}, {"period": "-1m", "strongBuy": 0, "buy": 0, "hold": 0, "sell": 0, "strongSell": 0}, {"period": "-2m", "strongBuy": 0, "buy": 0, "hold": 0, "sell": 0, "strongSell": 0}, {"period": "-3m", "strongBuy": 0, "buy": 0, "hold": 0, "sell": 0, "strongSell": 0}], "maxAge": 86400}, "cashflowStatementHistory": {"cashflowStatements": [{"maxAge": 1, "endDate": "2020-03-31", "netIncome": -24368289000, "depreciation": 1208893000, "changeToNetincome": 76041728000, "changeToLiabilities": 0, "changeToOperatingActivities": -112597109000, "totalCashFromOperatingActivities": -59550777000, "capitalExpenditures": -1432220000, "otherCashflowsFromInvestingActivities": 103957000, "totalCashflowsFromInvestingActivities": -1128115000, "netBorrowings": 3529553000, "otherCashflowsFromFinancingActivities": -50455854000, "totalCashFromFinancingActivities": -4206301000, "effectOfExchangeRate": -1374213000, "changeInCash": -66259406000, "issuanceOfStock": 42720000000}, {"maxAge": 1, "endDate": "2019-03-31", "netIncome": -43210829000, "depreciation": 1247011000, "changeToNetincome": 72743401000, "changeToLiabilities": 0, "changeToOperatingActivities": -149577048000, "totalCashFromOperatingActivities": -118675665000, "capitalExpenditures": -755047000, "otherCashflowsFromInvestingActivities": 367456000, "totalCashflowsFromInvestingActivities": -137415000, "netBorrowings": -9837202000, "otherCashflowsFromFinancingActivities": 158182526000, "totalCashFromFinancingActivities": 215072146000, "effectOfExchangeRate": 581563000, "changeInCash": 96840629000, "issuanceOfStock": 66726822000}, {"maxAge": 1, "endDate": "2018-03-31", "netIncome": -44363693000, "depreciation": 1387016000, "changeToNetincome": 61632303000, "changeToLiabilities": 0, "changeToOperatingActivities": 84746891000, "totalCashFromOperatingActivities": 103533917000, "capitalExpenditures": -1094276000, "otherCashflowsFromInvestingActivities": 197765000, "totalCashflowsFromInvestingActivities": -849323000, "netBorrowings": -3200000000, "otherCashflowsFromFinancingActivities": -198679640000, "totalCashFromFinancingActivities": -136809640000, "effectOfExchangeRate": 606576000, "changeInCash": -33518470000, "issuanceOfStock": 65070000000}, {"maxAge": 1, "endDate": "2017-03-31", "netIncome": -18506672000, "depreciation": 1364801000, "changeToNetincome": 54535346000, "changeToLiabilities": 0, "changeToOperatingActivities": -17738748000, "totalCashFromOperatingActivities": 19821327000, "capitalExpenditures": -1410708000, "otherCashflowsFromInvestingActivities": 140840000, "totalCashflowsFromInvestingActivities": -1250465000, "netBorrowings": 7700000000, "otherCashflowsFromFinancingActivities": -61251240000, "totalCashFromFinancingActivities": -22245283000, "effectOfExchangeRate": -919073000, "changeInCash": -4593494000, "issuanceOfStock": 31305957000}], "maxAge": 86400}, "indexTrend": {"maxAge": 1, "symbol": "SP5", "peRatio": 19.7411, "pegRatio": 1.34172, "estimates": [{"period": "0q", "growth": 0.549}, {"period": "+1q", "growth": 0.431}, {"period": "0y", "growth": 0.305}, {"period": "+1y", "growth": 0.109}, {"period": "+5y", "growth": 0.120865}, {"period": "-5y"}]}, "defaultKeyStatistics": {"maxAge": 1, "priceHint": 2, "enterpriseValue": 139369906176, "profitMargins": 0.04749, "floatShares": 492261600, "sharesOutstanding": 9918340096, "heldPercentInsiders": 0.94444, "heldPercentInstitutions": 0.0167, "beta": 1.11238, "category": null, "bookValue": 21.932, "priceToBook": 0.50155026, "fundFamily": null, "legalType": null, "lastFiscalYearEnd": "2020-03-31 05:30:00", "nextFiscalYearEnd": "2022-03-31 05:30:00", "mostRecentQuarter": "2020-12-31 05:30:00", "netIncomeToCommon": 1037811008, "trailingEps": 0.109, "forwardEps": 1.4, "lastSplitFactor": null, "enterpriseToRevenue": 6.378}, "industryTrend": {"maxAge": 1, "symbol": null, "estimates": []}, "quoteType": {"exchange": "NSI", "quoteType": "EQUITY", "symbol": "UCOBANK.NS", "underlyingSymbol": "UCOBANK.NS", "shortName": "UCO BANK", "longName": "UCO Bank", "firstTradeDateEpochUtc": "2003-10-09 09:15:00", "timeZoneFullName": "Asia/Kolkata", "timeZoneShortName": "IST", "uuid": "80a7c05a-2116-3d46-885b-ab1b4d5a310e", "gmtOffSetMilliseconds": 19800000, "maxAge": 1}, "incomeStatementHistory": {"incomeStatementHistory": [{"maxAge": 1, "endDate": "2020-03-31", "totalRevenue": -5846514000, "costOfRevenue": 0, "grossProfit": -5846514000, "researchDevelopment": {}, "sellingGeneralAdministrative": 26152553000, "nonRecurring": {}, "otherOperatingExpenses": 5126322000, "totalOperatingExpenses": 31278875000, "operatingIncome": -37125389000, "totalOtherIncomeExpenseNet": 0, "ebit": 0, "interestExpense": {}, "incomeBeforeTax": -37125389000, "incomeTaxExpense": -12757100000, "minorityInterest": {}, "netIncomeFromContinuingOps": -24368289000, "discontinuedOperations": {}, "extraordinaryItems": {}, "effectOfAccountingCharges": {}, "otherItems": {}, "netIncome": -24368289000, "netIncomeApplicableToCommonShares": -24368289000}, {"maxAge": 1, "endDate": "2019-03-31", "totalRevenue": -40004186000, "costOfRevenue": 0, "grossProfit": -40004186000, "researchDevelopment": {}, "sellingGeneralAdministrative": 26563139000, "nonRecurring": {}, "otherOperatingExpenses": 4081104000, "totalOperatingExpenses": 30644243000, "operatingIncome": -70648429000, "totalOtherIncomeExpenseNet": 0, "ebit": 0, "interestExpense": {}, "incomeBeforeTax": -70648429000, "incomeTaxExpense": -27437600000, "minorityInterest": {}, "netIncomeFromContinuingOps": -43210829000, "discontinuedOperations": {}, "extraordinaryItems": {}, "effectOfAccountingCharges": {}, "otherItems": {}, "netIncome": -43210829000, "netIncomeApplicableToCommonShares": -43210829000}, {"maxAge": 1, "endDate": "2018-03-31", "totalRevenue": -15248835000, "costOfRevenue": 0, "grossProfit": -15248835000, "researchDevelopment": {}, "sellingGeneralAdministrative": 25549855000, "nonRecurring": {}, "otherOperatingExpenses": 3565003000, "totalOperatingExpenses": 29114858000, "operatingIncome": -44363693000, "totalOtherIncomeExpenseNet": 0, "ebit": 0, "interestExpense": {}, "incomeBeforeTax": -44363693000, "incomeTaxExpense": 0, "minorityInterest": {}, "netIncomeFromContinuingOps": -44363693000, "discontinuedOperations": {}, "extraordinaryItems": {}, "effectOfAccountingCharges": {}, "otherItems": {}, "netIncome": -44363693000, "netIncomeApplicableToCommonShares": -44363693000}, {"maxAge": 1, "endDate": "2017-03-31", "totalRevenue": 3149642000, "costOfRevenue": 0, "grossProfit": 3149642000, "researchDevelopment": {}, "sellingGeneralAdministrative": 26485001000, "nonRecurring": {}, "otherOperatingExpenses": 3566913000, "totalOperatingExpenses": 30051914000, "operatingIncome": -26902272000, "totalOtherIncomeExpenseNet": 0, "ebit": 0, "interestExpense": {}, "incomeBeforeTax": -26902272000, "incomeTaxExpense": -8395600000, "minorityInterest": {}, "netIncomeFromContinuingOps": -18506672000, "discontinuedOperations": {}, "extraordinaryItems": {}, "effectOfAccountingCharges": {}, "otherItems": {}, "netIncome": -18506672000, "netIncomeApplicableToCommonShares": -18506672000}], "maxAge": 86400}, "fundOwnership": {"ownershipList": [{"maxAge": 1, "reportDate": "2021-01-31", "organization": "DFA Emerging Markets Core Equity Portfolio", "pctHeld": 0.00029999999, "position": 2841300, "value": 36510705}, {"maxAge": 1, "reportDate": "2021-01-31", "organization": "DFA Emerging Markets Small Cap Series", "pctHeld": 0.00029999999, "position": 2632442, "value": 33826879}, {"maxAge": 1, "reportDate": "2021-01-31", "organization": "DFA Investment Dimensions-DFA Emerging Mkts Value", "pctHeld": 0.0002, "position": 1814473, "value": 23315978}], "maxAge": 1}, "summaryDetail": {"maxAge": 1, "priceHint": 2, "previousClose": 11.05, "open": 10.9, "dayLow": 10.9, "dayHigh": 11.1, "regularMarketPreviousClose": 11.05, "regularMarketOpen": 10.9, "regularMarketDayLow": 10.9, "regularMarketDayHigh": 11.1, "exDividendDate": "2015-06-23 05:30:00", "payoutRatio": 0.0, "beta": 1.11238, "trailingPE": 100.917435, "forwardPE": 7.857143, "volume": 3706177, "regularMarketVolume": 3706177, "averageVolume": 12305977, "averageVolume10days": 10963271, "averageDailyVolume10Day": 10963271, "bid": 0.0, "ask": 0.0, "bidSize": 0, "askSize": 0, "marketCap": 108904292352, "fiftyTwoWeekLow": 8.9, "fiftyTwoWeekHigh": 16.7, "priceToSalesTrailing12Months": 4.983816, "fiftyDayAverage": 13.101471, "twoHundredDayAverage": 12.653192, "trailingAnnualDividendRate": 2.0, "trailingAnnualDividendYield": 0.18099548, "currency": "INR", "fromCurrency": null, "lastMarket": null, "algorithm": null, "tradeable": false}, "insiderHolders": {"holders": [{"maxAge": 1, "name": "Life Insurance Corporation of India", "relation": "Institution- Corporation", "url": "", "transactionDescription": "Acquisition", "latestTransDate": "2015-05-11", "positionDirect": 154499739, "positionDirectDate": "2015-05-11"}], "maxAge": 1}, "calendarEvents": {"maxAge": 1, "earnings": {"earningsDate": []}, "exDividendDate": "2015-06-23 05:30:00"}, "upgradeDowngradeHistory": {"history": [], "maxAge": 86400}, "price": {"maxAge": 1, "regularMarketChangePercent": -0.004524904, "regularMarketChange": -0.05000019, "regularMarketTime": "2021-04-30 15:29:58", "priceHint": 2, "regularMarketPrice": 11.0, "regularMarketDayHigh": 11.1, "regularMarketDayLow": 10.9, "regularMarketVolume": 3706177, "averageDailyVolume10Day": 10963271, "averageDailyVolume3Month": 12305977, "regularMarketPreviousClose": 11.05, "regularMarketSource": "FREE_REALTIME", "regularMarketOpen": 10.9, "exchange": "NSI", "exchangeName": "NSE", "exchangeDataDelayedBy": 15, "marketState": "CLOSED", "quoteType": "EQUITY", "symbol": "UCOBANK.NS", "underlyingSymbol": null, "shortName": "UCO BANK", "longName": "UCO Bank", "currency": "INR", "quoteSourceName": "Delayed Quote", "currencySymbol": "\u20b9", "fromCurrency": null, "lastMarket": null, "marketCap": 108904292352}, "balanceSheetHistory": {"balanceSheetStatements": [{"maxAge": 1, "endDate": "2020-03-31", "cash": 119528531000, "otherCurrentAssets": 98159065000, "totalCurrentAssets": 217687596000, "longTermInvestments": 909988130000, "propertyPlantEquipment": 28403728000, "otherAssets": 1203002059000, "deferredLongTermAssetCharges": 93620800000, "totalAssets": 2359081513000, "accountsPayable": 1932034435000, "shortLongTermDebt": 84170621000, "otherCurrentLiab": 556215000, "longTermDebt": 72780000000, "otherLiab": 69917034000, "totalCurrentLiabilities": 2024288238000, "totalLiab": 2166985272000, "commonStock": 99183406000, "retainedEarnings": -99893559000, "treasuryStock": 35602787000, "capitalSurplus": 157203607000, "otherStockholderEquity": 35602787000, "totalStockholderEquity": 192096241000, "netTangibleAssets": 192096241000}, {"maxAge": 1, "endDate": "2019-03-31", "cash": 161941720000, "otherCurrentAssets": 119287045000, "totalCurrentAssets": 281228765000, "longTermInvestments": 822316918000, "propertyPlantEquipment": 28223143000, "otherAssets": 1173071976000, "deferredLongTermAssetCharges": 80863700000, "totalAssets": 2304840802000, "accountsPayable": 1979067817000, "shortLongTermDebt": 37236786000, "otherCurrentLiab": 718975000, "longTermDebt": 46000000000, "otherLiab": 61006103000, "totalCurrentLiabilities": 2023924173000, "totalLiab": 2130930276000, "commonStock": 54233982000, "retainedEarnings": -72342114000, "treasuryStock": 69440323000, "capitalSurplus": 122578335000, "otherStockholderEquity": 69440323000, "totalStockholderEquity": 173910526000, "netTangibleAssets": 173910526000}, {"maxAge": 1, "endDate": "2018-03-31", "cash": 72592584000, "otherCurrentAssets": 115417471000, "totalCurrentAssets": 188010055000, "longTermInvestments": 709621470000, "propertyPlantEquipment": 28751020000, "otherAssets": 1234179223000, "deferredLongTermAssetCharges": 53272500000, "totalAssets": 2160561768000, "accountsPayable": 1818492799000, "otherCurrentLiab": 826639000, "longTermDebt": 124492619000, "otherLiab": 59648457000, "totalCurrentLiabilities": 1826848880000, "totalLiab": 2010989956000, "commonStock": 23081571000, "retainedEarnings": -28838012000, "treasuryStock": 83677507000, "capitalSurplus": 71650746000, "otherStockholderEquity": 83677507000, "totalStockholderEquity": 149571812000, "netTangibleAssets": 149571812000}, {"maxAge": 1, "endDate": "2017-03-31", "cash": 99453639000, "otherCurrentAssets": 123974235000, "totalCurrentAssets": 223427874000, "longTermInvestments": 740191240000, "propertyPlantEquipment": 28494769000, "otherAssets": 1321283182000, "deferredLongTermAssetCharges": 28636100000, "totalAssets": 2313397065000, "accountsPayable": 2012845112000, "otherCurrentLiab": 870540000, "longTermDebt": 95349620000, "otherLiab": 69237656000, "totalCurrentLiabilities": 2021275084000, "totalLiab": 2185862360000, "commonStock": 15597282000, "retainedEarnings": 14759255000, "treasuryStock": 43293132000, "capitalSurplus": 53885036000, "otherStockholderEquity": 43293132000, "totalStockholderEquity": 127534705000, "netTangibleAssets": 127534705000}], "maxAge": 86400}, "earningsTrend": {"trend": [{"maxAge": 1, "period": "0q", "endDate": null, "growth": {}, "earningsEstimate": {"avg": 0.0, "low": 0.0, "high": 0.0, "yearAgoEps": {}, "numberOfAnalysts": 0, "growth": {}}, "revenueEstimate": {"avg": 0, "low": 0, "high": 0, "numberOfAnalysts": 0, "yearAgoRevenue": {}, "growth": {}}, "epsTrend": {"current": 0.0, "7daysAgo": 0.0, "30daysAgo": 0.0, "60daysAgo": 0.0, "90daysAgo": 0.0}, "epsRevisions": {"upLast7days": 0, "upLast30days": 0, "downLast30days": 0, "downLast90days": {}}}, {"maxAge": 1, "period": "+1q", "endDate": null, "growth": {}, "earningsEstimate": {"avg": 0.0, "low": 0.0, "high": 0.0, "yearAgoEps": {}, "numberOfAnalysts": 0, "growth": {}}, "revenueEstimate": {"avg": 0, "low": 0, "high": 0, "numberOfAnalysts": 0, "yearAgoRevenue": {}, "growth": {}}, "epsTrend": {"current": 0.0, "7daysAgo": 0.0, "30daysAgo": 0.0, "60daysAgo": 0.0, "90daysAgo": 0.0}, "epsRevisions": {"upLast7days": 0, "upLast30days": 0, "downLast30days": 0, "downLast90days": {}}}, {"maxAge": 1, "period": "0y", "endDate": null, "growth": {}, "earningsEstimate": {"avg": 0.0, "low": 0.0, "high": 0.0, "yearAgoEps": {}, "numberOfAnalysts": 0, "growth": {}}, "revenueEstimate": {"avg": 0, "low": 0, "high": 0, "numberOfAnalysts": 0, "yearAgoRevenue": {}, "growth": {}}, "epsTrend": {"current": 0.0, "7daysAgo": 0.0, "30daysAgo": 0.0, "60daysAgo": 0.0, "90daysAgo": 0.0}, "epsRevisions": {"upLast7days": 0, "upLast30days": 0, "downLast30days": 0, "downLast90days": {}}}, {"maxAge": 1, "period": "+1y", "endDate": null, "growth": {}, "earningsEstimate": {"avg": 0.0, "low": 0.0, "high": 0.0, "yearAgoEps": {}, "numberOfAnalysts": 0, "growth": {}}, "revenueEstimate": {"avg": 0, "low": 0, "high": 0, "numberOfAnalysts": 0, "yearAgoRevenue": {}, "growth": {}}, "epsTrend": {"current": 0.0, "7daysAgo": 0.0, "30daysAgo": 0.0, "60daysAgo": 0.0, "90daysAgo": 0.0}, "epsRevisions": {"upLast7days": 0, "upLast30days": 0, "downLast30days": 0, "downLast90days": {}}}, {"maxAge": 1, "period": "+5y", "endDate": null, "growth": 0.576, "earningsEstimate": {"avg": {}, "low": {}, "high": {}, "yearAgoEps": {}, "numberOfAnalysts": {}, "growth": {}}, "revenueEstimate": {"avg": {}, "low": {}, "high": {}, "numberOfAnalysts": {}, "yearAgoRevenue": {}, "growth": {}}, "epsTrend": {"current": {}, "7daysAgo": {}, "30daysAgo": {}, "60daysAgo": {}, "90daysAgo": {}}, "epsRevisions": {"upLast7days": {}, "upLast30days": {}, "downLast30days": {}, "downLast90days": {}}}, {"maxAge": 1, "period": "-5y", "endDate": null, "growth": 0.13766, "earningsEstimate": {"avg": {}, "low": {}, "high": {}, "yearAgoEps": {}, "numberOfAnalysts": {}, "growth": {}}, "revenueEstimate": {"avg": {}, "low": {}, "high": {}, "numberOfAnalysts": {}, "yearAgoRevenue": {}, "growth": {}}, "epsTrend": {"current": {}, "7daysAgo": {}, "30daysAgo": {}, "60daysAgo": {}, "90daysAgo": {}}, "epsRevisions": {"upLast7days": {}, "upLast30days": {}, "downLast30days": {}, "downLast90days": {}}}], "maxAge": 1}, "institutionOwnership": {"ownershipList": [], "maxAge": 1}, "majorHoldersBreakdown": {"maxAge": 1, "insidersPercentHeld": 0.94444, "institutionsPercentHeld": 0.0167, "institutionsFloatPercentHeld": 0.30056998, "institutionsCount": 7}, "balanceSheetHistoryQuarterly": {"balanceSheetStatements": [{"maxAge": 1, "endDate": "2020-12-31", "cash": 61498900000, "netReceivables": 126437100000, "totalCurrentAssets": 187936000000, "longTermInvestments": 882786100000, "propertyPlantEquipment": 27484900000, "otherAssets": 1315541800000, "totalAssets": 2413748800000, "accountsPayable": 2024210400000, "longTermDebt": 102965800000, "otherLiab": 92257700000, "totalCurrentLiabilities": 2024210400000, "totalLiab": 2219433900000, "commonStock": 99183400000, "treasuryStock": 95131500000, "otherStockholderEquity": 95131500000, "totalStockholderEquity": 194314900000, "netTangibleAssets": 194314900000}, {"maxAge": 1, "endDate": "2020-09-30", "cash": 67115900000, "netReceivables": 83321200000, "totalCurrentAssets": 150437100000, "longTermInvestments": 894294600000, "propertyPlantEquipment": 27483800000, "otherAssets": 1292009600000, "totalAssets": 2364225100000, "accountsPayable": 1976963800000, "longTermDebt": 112111800000, "otherLiab": 81989200000, "totalCurrentLiabilities": 1976963800000, "totalLiab": 2171064800000, "commonStock": 99183400000, "treasuryStock": 93976900000, "otherStockholderEquity": 93976900000, "totalStockholderEquity": 193160300000, "netTangibleAssets": 193160300000}, {"maxAge": 1, "endDate": "2020-06-30", "cash": 65458100000, "netReceivables": 65850700000, "totalCurrentAssets": 131308800000, "longTermInvestments": 903015300000, "propertyPlantEquipment": 28216000000, "otherAssets": 1284306300000, "totalAssets": 2346846400000, "accountsPayable": 1951196000000, "longTermDebt": 124731700000, "otherLiab": 77775000000, "totalCurrentLiabilities": 1951196000000, "totalLiab": 2153702700000, "commonStock": 99183400000, "treasuryStock": 93960300000, "otherStockholderEquity": 93960300000, "totalStockholderEquity": 193143700000, "netTangibleAssets": 193143700000}, {"maxAge": 1, "endDate": "2020-03-31", "cash": 119528531000, "otherCurrentAssets": 98159065000, "totalCurrentAssets": 217687596000, "longTermInvestments": 909988130000, "propertyPlantEquipment": 28403728000, "otherAssets": 1203002059000, "deferredLongTermAssetCharges": 93620800000, "totalAssets": 2359081513000, "accountsPayable": 1932034435000, "shortLongTermDebt": 84170621000, "otherCurrentLiab": 556215000, "longTermDebt": 72780000000, "otherLiab": 69917034000, "totalCurrentLiabilities": 2024288238000, "totalLiab": 2166985272000, "commonStock": 99183406000, "retainedEarnings": -99893559000, "treasuryStock": 35602787000, "capitalSurplus": 157203607000, "otherStockholderEquity": 35602787000, "totalStockholderEquity": 192096241000, "netTangibleAssets": 192096241000}], "maxAge": 86400}, "earningsHistory": {"history": [{"maxAge": 1, "epsActual": {}, "epsEstimate": {}, "epsDifference": {}, "surprisePercent": {}, "quarter": {}, "period": "-4q"}, {"maxAge": 1, "epsActual": {}, "epsEstimate": {}, "epsDifference": {}, "surprisePercent": {}, "quarter": {}, "period": "-3q"}, {"maxAge": 1, "epsActual": {}, "epsEstimate": {}, "epsDifference": {}, "surprisePercent": {}, "quarter": {}, "period": "-2q"}, {"maxAge": 1, "epsActual": {}, "epsEstimate": {}, "epsDifference": {}, "surprisePercent": {}, "quarter": {}, "period": "-1q"}], "maxAge": 86400}, "summaryProfile": {"address1": "10, B. T. M. Sarani", "city": "Kolkata", "zip": "700001", "country": "India", "website": "http://www.ucobank.com", "industry": "Banks\u2014Regional", "sector": "Financial Services", "longBusinessSummary": "UCO Bank operates as a commercial bank in India. It accepts deposit products, such as current accounts, saving accounts, fixed deposits, recurring deposits, accounts in foreign currency, salary accounts, and fee collection accounts. The company also provides home, vehicle, mortgage, education, and personal loans; working capital financing; term loans; infrastructure finance; foreign currency loans; finance to exporters and importers; agriculture credit; and finance to micro and small enterprises. In addition, it offers debit cards and mobile banking services; and international banking services, including NRI banking, remittances, forex and treasury services, resident foreign currency deposits, and correspondent banking services to Indian customers, corporates, NRIs, overseas corporate bodies, foreign companies/individuals, and foreign banks. Further, the company provides government deposit schemes/bonds, pension payments/schemes, and tax collection services; and bancassurance products, mutual funds, and money transfer services. As of March 31, 2020, it operated 42 zones and 3086 domestic branches, as well as 2 overseas branches, including 1 each in Singapore and Hong Kong. The company was formerly known as The United Commercial Bank Ltd. and changed its name to UCO Bank in December 1985. UCO Bank was founded in 1943 and is headquartered in Kolkata, India.", "fullTimeEmployees": 22436, "companyOfficers": [], "maxAge": 86400}, "netSharePurchaseActivity": {"maxAge": 1, "period": "6m", "buyInfoCount": 0, "buyInfoShares": 0, "sellInfoCount": 0, "netInfoCount": 0, "netInfoShares": 0, "netPercentInsiderShares": 0.0, "totalInsiderShares": 8367738880}, "insiderTransactions": {"transactions": [{"maxAge": 1, "shares": 61003071, "filerUrl": "", "transactionText": "", "filerName": "Life Insurance Corporation of India", "filerRelation": "Institution- Corporation", "moneyText": "", "startDate": "2015-05-11", "ownership": "D"}, {"maxAge": 1, "shares": 38374360, "filerUrl": "", "transactionText": "", "filerName": "Life Insurance Corporation of India", "filerRelation": "Institution- Corporation", "moneyText": "", "startDate": "2012-04-28", "ownership": "D"}], "maxAge": 1}, "sectorTrend": {"maxAge": 1, "symbol": null, "estimates": []}, "incomeStatementHistoryQuarterly": {"incomeStatementHistory": [{"maxAge": 1, "endDate": "2020-12-31", "totalRevenue": 9725700000, "costOfRevenue": 0, "grossProfit": 9725700000, "researchDevelopment": {}, "sellingGeneralAdministrative": 6499900000, "nonRecurring": {}, "otherOperatingExpenses": 2871400000, "totalOperatingExpenses": 9371300000, "operatingIncome": 354400000, "totalOtherIncomeExpenseNet": 0, "ebit": 0, "interestExpense": {}, "incomeBeforeTax": 354400000, "incomeTaxExpense": 0, "minorityInterest": {}, "netIncomeFromContinuingOps": 354400000, "discontinuedOperations": {}, "extraordinaryItems": {}, "effectOfAccountingCharges": {}, "otherItems": {}, "netIncome": 354400000, "netIncomeApplicableToCommonShares": 354400000}, {"maxAge": 1, "endDate": "2020-09-30", "totalRevenue": 8044700000, "costOfRevenue": 0, "grossProfit": 8044700000, "researchDevelopment": {}, "sellingGeneralAdministrative": 4845200000, "nonRecurring": {}, "otherOperatingExpenses": 2898300000, "totalOperatingExpenses": 7743500000, "operatingIncome": 301200000, "totalOtherIncomeExpenseNet": 0, "ebit": 0, "interestExpense": {}, "incomeBeforeTax": 301200000, "incomeTaxExpense": 0, "minorityInterest": {}, "netIncomeFromContinuingOps": 301200000, "discontinuedOperations": {}, "extraordinaryItems": {}, "effectOfAccountingCharges": {}, "otherItems": {}, "netIncome": 301200000, "netIncomeApplicableToCommonShares": 301200000}, {"maxAge": 1, "endDate": "2020-06-30", "totalRevenue": 8603400000, "costOfRevenue": 0, "grossProfit": 8603400000, "researchDevelopment": {}, "sellingGeneralAdministrative": 4899800000, "nonRecurring": {}, "otherOperatingExpenses": 3273600000, "totalOperatingExpenses": 8173400000, "operatingIncome": 430000000, "totalOtherIncomeExpenseNet": 0, "ebit": 0, "interestExpense": {}, "incomeBeforeTax": 430000000, "incomeTaxExpense": 215400000, "minorityInterest": {}, "netIncomeFromContinuingOps": 214600000, "discontinuedOperations": {}, "extraordinaryItems": {}, "effectOfAccountingCharges": {}, "otherItems": {}, "netIncome": 214600000, "netIncomeApplicableToCommonShares": 214600000}, {"maxAge": 1, "endDate": "2020-03-31", "totalRevenue": -4522314000, "costOfRevenue": 0, "grossProfit": -4522314000, "researchDevelopment": {}, "sellingGeneralAdministrative": 11814053000, "nonRecurring": {}, "otherOperatingExpenses": -3746978000, "totalOperatingExpenses": 8067075000, "operatingIncome": -12589389000, "totalOtherIncomeExpenseNet": 0, "ebit": 0, "interestExpense": {}, "incomeBeforeTax": -12589389000, "incomeTaxExpense": -12757100000, "minorityInterest": {}, "netIncomeFromContinuingOps": 167711000, "discontinuedOperations": {}, "extraordinaryItems": {}, "effectOfAccountingCharges": {}, "otherItems": {}, "netIncome": 167711000, "netIncomeApplicableToCommonShares": 167711000}], "maxAge": 86400}, "cashflowStatementHistoryQuarterly": {"cashflowStatements": [{"maxAge": 1, "endDate": "2020-12-31", "netIncome": 354400000, "changeToLiabilities": 0}, {"maxAge": 1, "endDate": "2020-09-30", "netIncome": 301200000, "changeToLiabilities": 0}, {"maxAge": 1, "endDate": "2020-06-30", "netIncome": 214600000, "changeToLiabilities": 0}, {"maxAge": 1, "endDate": "2020-03-31", "netIncome": 167711000, "changeToLiabilities": 0}], "maxAge": 86400}, "earnings": {"maxAge": 86400, "earningsChart": {"quarterly": [], "earningsDate": []}, "financialsChart": {"yearly": [{"date": 2017, "revenue": 3149642000, "earnings": -18506672000}, {"date": 2018, "revenue": -15248835000, "earnings": -44363693000}, {"date": 2019, "revenue": -40004186000, "earnings": -43210829000}, {"date": 2020, "revenue": -5846514000, "earnings": -24368289000}], "quarterly": [{"date": "1Q2020", "revenue": -4522314000, "earnings": 167711000}, {"date": "2Q2020", "revenue": 8603400000, "earnings": 214600000}, {"date": "3Q2020", "revenue": 8044700000, "earnings": 301200000}, {"date": "4Q2020", "revenue": 9725700000, "earnings": 354400000}]}, "financialCurrency": "INR"}, "financialData": {"maxAge": 86400, "currentPrice": 11.0, "targetHighPrice": 22.0, "targetLowPrice": 22.0, "targetMeanPrice": 22.0, "targetMedianPrice": 22.0, "recommendationMean": 5.0, "recommendationKey": "sell", "numberOfAnalystOpinions": 1, "totalCash": 61498900480, "totalCashPerShare": 6.941, "totalDebt": 102965796864, "totalRevenue": 21851586560, "revenuePerShare": 2.295, "returnOnAssets": 0.00044, "returnOnEquity": 0.00566, "grossProfits": -5846514000, "grossMargins": 0.0, "ebitdaMargins": 0.0, "operatingMargins": -0.52646, "profitMargins": 0.04749, "financialCurrency": "INR"}}}