{"UDAICEMENT.BO": {"cashflowStatementHistory": {"cashflowStatements": [{"maxAge": 1, "endDate": "2020-03-31", "netIncome": 155200000, "depreciation": 337400000, "changeToNetincome": 764100000, "changeToAccountReceivables": -181600000, "changeToLiabilities": 527000000, "changeToInventory": -272100000, "totalCashFromOperatingActivities": 1330400000, "capitalExpenditures": -97200000, "investments": -245700000, "otherCashflowsFromInvestingActivities": -500000, "totalCashflowsFromInvestingActivities": -341000000, "netBorrowings": -54300000, "otherCashflowsFromFinancingActivities": -932700000, "totalCashFromFinancingActivities": -987000000, "changeInCash": 2400000}, {"maxAge": 1, "endDate": "2019-03-31", "netIncome": -407300000, "depreciation": 338900000, "changeToNetincome": 508400000, "changeToAccountReceivables": 4700000, "changeToLiabilities": 238000000, "changeToInventory": -19300000, "totalCashFromOperatingActivities": 663800000, "capitalExpenditures": -80400000, "investments": 4300000, "otherCashflowsFromInvestingActivities": 2500000, "totalCashflowsFromInvestingActivities": -72800000, "netBorrowings": -40500000, "otherCashflowsFromFinancingActivities": -555600000, "totalCashFromFinancingActivities": -596100000, "changeInCash": -5100000}, {"maxAge": 1, "endDate": "2018-03-31", "netIncome": -433515000, "depreciation": 302333000, "changeToNetincome": 365222000, "changeToAccountReceivables": 127414000, "changeToLiabilities": -171942000, "changeToInventory": 49643000, "totalCashFromOperatingActivities": 240070000, "capitalExpenditures": -305115000, "investments": 1055000, "otherCashflowsFromInvestingActivities": 3448000, "totalCashflowsFromInvestingActivities": -300612000, "netBorrowings": 173341000, "otherCashflowsFromFinancingActivities": -606861000, "totalCashFromFinancingActivities": 66480000, "changeInCash": 5938000}, {"maxAge": 1, "endDate": "2017-03-31", "netIncome": 28482000, "depreciation": 48920000, "changeToNetincome": -3455000, "changeToAccountReceivables": -1689000, "changeToLiabilities": 840705000, "changeToInventory": -371490000, "totalCashFromOperatingActivities": 541473000, "capitalExpenditures": -2506575000, "investments": 1055000, "otherCashflowsFromInvestingActivities": 4413000, "totalCashflowsFromInvestingActivities": -2502162000, "netBorrowings": 1750000000, "otherCashflowsFromFinancingActivities": -1382000, "totalCashFromFinancingActivities": 1757666000, "changeInCash": -203023000}], "maxAge": 86400}, "institutionOwnership": {"maxAge": 1, "ownershipList": []}, "balanceSheetHistoryQuarterly": {"balanceSheetStatements": [{"maxAge": 1, "endDate": "2020-06-30", "totalStockholderEquity": 1835500000, "netTangibleAssets": 1835000000}, {"maxAge": 1, "endDate": "2020-03-31", "cash": 11900000, "shortTermInvestments": 250900000, "netReceivables": 277700000, "inventory": 677300000, "otherCurrentAssets": 106200000, "totalCurrentAssets": 1337800000, "propertyPlantEquipment": 7038000000, "intangibleAssets": 500000, "otherAssets": 798400000, "deferredLongTermAssetCharges": 594000000, "totalAssets": 9174700000, "accountsPayable": 409700000, "shortLongTermDebt": 2328000000, "otherCurrentLiab": 626400000, "longTermDebt": 3341300000, "otherLiab": 252100000, "totalCurrentLiabilities": 3745800000, "totalLiab": 7339200000, "commonStock": 1245600000, "retainedEarnings": -278200000, "treasuryStock": 482900000, "capitalSurplus": 385200000, "otherStockholderEquity": 482900000, "totalStockholderEquity": 1835500000, "netTangibleAssets": 1835000000}, {"maxAge": 1, "endDate": "2019-12-31", "totalStockholderEquity": 1859300000, "netTangibleAssets": 1858600000}, {"maxAge": 1, "endDate": "2019-09-30", "cash": 17000000, "netReceivables": 206500000, "inventory": 646800000, "otherCurrentAssets": 284100000, "totalCurrentAssets": 1154400000, "longTermInvestments": 700000, "propertyPlantEquipment": 7144000000, "intangibleAssets": 700000, "otherAssets": 883700000, "deferredLongTermAssetCharges": 709800000, "totalAssets": 9183500000, "accountsPayable": 339800000, "otherCurrentLiab": 3025700000, "longTermDebt": 3447900000, "otherLiab": 332700000, "totalCurrentLiabilities": 3543600000, "totalLiab": 7324200000, "commonStock": 1245600000, "treasuryStock": 613700000, "otherStockholderEquity": 613700000, "totalStockholderEquity": 1859300000, "netTangibleAssets": 1858600000}], "maxAge": 86400}, "indexTrend": {"maxAge": 1, "symbol": "SP5", "peRatio": 19.7411, "pegRatio": 1.34172, "estimates": [{"period": "0q", "growth": 0.549}, {"period": "+1q", "growth": 0.431}, {"period": "0y", "growth": 0.305}, {"period": "+1y", "growth": 0.109}, {"period": "+5y", "growth": 0.120859005}, {"period": "-5y"}]}, "insiderTransactions": {"transactions": [{"maxAge": 1, "shares": 7511000, "filerUrl": "", "transactionText": "", "filerName": "Bengal & Assam Company Ltd", "filerRelation": "UNREPORTED", "moneyText": "", "startDate": "2019-06-28", "ownership": "D"}, {"maxAge": 1, "shares": 310000, "filerUrl": "", "transactionText": "", "filerName": "Singhania (Shrivats)", "filerRelation": "UNREPORTED", "moneyText": "", "startDate": "2019-06-28", "ownership": "D"}, {"maxAge": 1, "shares": 1875000, "filerUrl": "", "transactionText": "", "filerName": "Singhania (Vinita)", "filerRelation": "UNREPORTED", "moneyText": "", "startDate": "2019-06-28", "ownership": "D"}, {"maxAge": 1, "shares": 7511756, "filerUrl": "", "transactionText": "", "filerName": "Bengal & Assam Company Ltd", "filerRelation": "Institution- Corporation", "moneyText": "", "startDate": "2019-05-24", "ownership": "D"}], "maxAge": 1}, "quoteType": {"exchange": "BSE", "quoteType": "EQUITY", "symbol": "UDAICEMENT.BO", "underlyingSymbol": "UDAICEMENT.BO", "shortName": "UDAIPUR CEMENT WORKS LTD.", "longName": "Udaipur Cement Works Limited", "firstTradeDateEpochUtc": "2013-09-24 09:15:00", "timeZoneFullName": "Asia/Kolkata", "timeZoneShortName": "IST", "uuid": "b2f93c4f-33ca-32f6-a38a-a17224a2a244", "messageBoardId": null, "gmtOffSetMilliseconds": 19800000, "maxAge": 1}, "incomeStatementHistory": {"incomeStatementHistory": [{"maxAge": 1, "endDate": "2020-03-31", "totalRevenue": 6857700000, "costOfRevenue": 3011100000, "grossProfit": 3846600000, "researchDevelopment": {}, "sellingGeneralAdministrative": 344100000, "nonRecurring": {}, "otherOperatingExpenses": 2272600000, "totalOperatingExpenses": 5946200000, "operatingIncome": 911500000, "totalOtherIncomeExpenseNet": -638400000, "ebit": 911500000, "interestExpense": -645400000, "incomeBeforeTax": 273100000, "incomeTaxExpense": 117900000, "minorityInterest": {}, "netIncomeFromContinuingOps": 155200000, "discontinuedOperations": {}, "extraordinaryItems": {}, "effectOfAccountingCharges": {}, "otherItems": {}, "netIncome": 155200000, "netIncomeApplicableToCommonShares": 155200000}, {"maxAge": 1, "endDate": "2019-03-31", "totalRevenue": 5792900000, "costOfRevenue": 1912200000, "grossProfit": 3880700000, "researchDevelopment": {}, "sellingGeneralAdministrative": 334600000, "nonRecurring": {}, "otherOperatingExpenses": 3166300000, "totalOperatingExpenses": 5733100000, "operatingIncome": 59800000, "totalOtherIncomeExpenseNet": -636400000, "ebit": 59800000, "interestExpense": -682900000, "incomeBeforeTax": -576600000, "incomeTaxExpense": -169300000, "minorityInterest": {}, "netIncomeFromContinuingOps": -407300000, "discontinuedOperations": {}, "extraordinaryItems": {}, "effectOfAccountingCharges": {}, "otherItems": {}, "netIncome": -407300000, "netIncomeApplicableToCommonShares": -407300000}, {"maxAge": 1, "endDate": "2018-03-31", "totalRevenue": 3760686000, "costOfRevenue": 939355000, "grossProfit": 2821331000, "researchDevelopment": {}, "sellingGeneralAdministrative": 296826000, "nonRecurring": {}, "otherOperatingExpenses": 2332554000, "totalOperatingExpenses": 3852545000, "operatingIncome": -91859000, "totalOtherIncomeExpenseNet": -639738000, "ebit": -91859000, "interestExpense": -671282000, "incomeBeforeTax": -731597000, "incomeTaxExpense": -298082000, "minorityInterest": {}, "netIncomeFromContinuingOps": -433515000, "discontinuedOperations": {}, "extraordinaryItems": {}, "effectOfAccountingCharges": {}, "otherItems": {}, "netIncome": -433515000, "netIncomeApplicableToCommonShares": -433515000}, {"maxAge": 1, "endDate": "2017-03-31", "totalRevenue": 851638000, "costOfRevenue": 618770000, "grossProfit": 232868000, "researchDevelopment": {}, "sellingGeneralAdministrative": 35710000, "nonRecurring": {}, "otherOperatingExpenses": 162541000, "totalOperatingExpenses": 865941000, "operatingIncome": -14303000, "totalOtherIncomeExpenseNet": 42785000, "ebit": -14303000, "interestExpense": -1533000, "incomeBeforeTax": 28482000, "incomeTaxExpense": 0, "minorityInterest": {}, "netIncomeFromContinuingOps": 28482000, "discontinuedOperations": {}, "extraordinaryItems": {}, "effectOfAccountingCharges": {}, "otherItems": {}, "netIncome": 28482000, "netIncomeApplicableToCommonShares": 28482000}], "maxAge": 86400}, "fundOwnership": {"maxAge": 1, "ownershipList": []}, "summaryDetail": {"maxAge": 1, "priceHint": 2, "previousClose": 21.9, "open": 22.0, "dayLow": 21.65, "dayHigh": 22.0, "regularMarketPreviousClose": 21.9, "regularMarketOpen": 22.0, "regularMarketDayLow": 21.65, "regularMarketDayHigh": 22.0, "trailingPE": 91.596634, "volume": 244516, "regularMarketVolume": 244516, "averageVolume": 810061, "averageVolume10days": 166830, "averageDailyVolume10Day": 166830, "bid": 21.75, "ask": 21.9, "bidSize": 0, "askSize": 0, "marketCap": 6788737536, "fiftyTwoWeekLow": 7.0, "fiftyTwoWeekHigh": 28.9, "fiftyDayAverage": 23.692942, "twoHundredDayAverage": 16.684412, "currency": "INR", "fromCurrency": null, "toCurrency": null, "lastMarket": null, "algorithm": null, "tradeable": false}, "incomeStatementHistoryQuarterly": {"incomeStatementHistory": [{"maxAge": 1, "endDate": "2020-06-30", "totalRevenue": 1381000000, "costOfRevenue": 809800000, "grossProfit": 571200000, "researchDevelopment": {}, "sellingGeneralAdministrative": 161000000, "nonRecurring": {}, "otherOperatingExpenses": 120500000, "totalOperatingExpenses": 1174400000, "operatingIncome": 206600000, "totalOtherIncomeExpenseNet": -145400000, "ebit": 206600000, "interestExpense": -148100000, "incomeBeforeTax": 61200000, "incomeTaxExpense": 4800000, "minorityInterest": {}, "netIncomeFromContinuingOps": 56400000, "discontinuedOperations": {}, "extraordinaryItems": {}, "effectOfAccountingCharges": {}, "otherItems": {}, "netIncome": 56400000, "netIncomeApplicableToCommonShares": 56400000}, {"maxAge": 1, "endDate": "2020-03-31", "totalRevenue": 1585400000, "costOfRevenue": -517100000, "grossProfit": 2102500000, "researchDevelopment": {}, "sellingGeneralAdministrative": -185900000, "nonRecurring": {}, "otherOperatingExpenses": 1980000000, "totalOperatingExpenses": 1341500000, "operatingIncome": 243900000, "totalOtherIncomeExpenseNet": -150600000, "ebit": 243900000, "interestExpense": -148100000, "incomeBeforeTax": 93300000, "incomeTaxExpense": 117900000, "minorityInterest": {}, "netIncomeFromContinuingOps": -24600000, "discontinuedOperations": {}, "extraordinaryItems": {}, "effectOfAccountingCharges": {}, "otherItems": {}, "netIncome": -24600000, "netIncomeApplicableToCommonShares": -24600000}, {"maxAge": 1, "endDate": "2019-12-31", "totalRevenue": 1586500000, "costOfRevenue": 1082600000, "grossProfit": 503900000, "researchDevelopment": {}, "sellingGeneralAdministrative": 167000000, "nonRecurring": {}, "otherOperatingExpenses": 86900000, "totalOperatingExpenses": 1421200000, "operatingIncome": 165300000, "totalOtherIncomeExpenseNet": -155600000, "ebit": 165300000, "interestExpense": -161500000, "incomeBeforeTax": 9700000, "incomeTaxExpense": 0, "minorityInterest": {}, "netIncomeFromContinuingOps": 9700000, "discontinuedOperations": {}, "extraordinaryItems": {}, "effectOfAccountingCharges": {}, "otherItems": {}, "netIncome": 9700000, "netIncomeApplicableToCommonShares": 9700000}, {"maxAge": 1, "endDate": "2019-09-30", "totalRevenue": 1668800000, "costOfRevenue": 1118700000, "grossProfit": 550100000, "researchDevelopment": {}, "sellingGeneralAdministrative": 162600000, "nonRecurring": {}, "otherOperatingExpenses": 101500000, "totalOperatingExpenses": 1467800000, "operatingIncome": 201000000, "totalOtherIncomeExpenseNet": -168400000, "ebit": 201000000, "interestExpense": -170700000, "incomeBeforeTax": 32600000, "incomeTaxExpense": 0, "minorityInterest": {}, "netIncomeFromContinuingOps": 32600000, "discontinuedOperations": {}, "extraordinaryItems": {}, "effectOfAccountingCharges": {}, "otherItems": {}, "netIncome": 32600000, "netIncomeApplicableToCommonShares": 32600000}], "maxAge": 86400}, "cashflowStatementHistoryQuarterly": {"cashflowStatements": [{"maxAge": 1, "endDate": "2020-06-30", "netIncome": 56400000, "changeToLiabilities": 0}, {"maxAge": 1, "endDate": "2020-03-31", "netIncome": -24600000, "changeToLiabilities": 0}, {"maxAge": 1, "endDate": "2019-12-31", "netIncome": 9700000, "changeToLiabilities": 0}, {"maxAge": 1, "endDate": "2019-09-30", "netIncome": 32600000, "changeToLiabilities": 0}], "maxAge": 86400}, "insiderHolders": {"holders": [{"maxAge": 1, "name": "Bengal & Assam Company Ltd", "relation": "UNREPORTED", "url": "", "transactionDescription": "Sale", "latestTransDate": "2019-06-28", "positionDirect": 756, "positionDirectDate": "2019-06-28"}, {"maxAge": 1, "name": "Singhania (Shrivats)", "relation": "UNREPORTED", "url": "", "transactionDescription": "Acquisition", "latestTransDate": "2019-06-28", "positionDirect": 310000, "positionDirectDate": "2019-06-28"}, {"maxAge": 1, "name": "Singhania (Vinita)", "relation": "UNREPORTED", "url": "", "transactionDescription": "Acquisition", "latestTransDate": "2019-06-28", "positionDirect": 1908100, "positionDirectDate": "2019-06-28"}], "maxAge": 1}, "calendarEvents": {"maxAge": 1, "earnings": {"earningsDate": []}}, "price": {"maxAge": 1, "regularMarketChangePercent": -0.0045662276, "regularMarketChange": -0.10000038, "regularMarketTime": "2021-04-30 15:29:23", "priceHint": 2, "regularMarketPrice": 21.8, "regularMarketDayHigh": 22.0, "regularMarketDayLow": 21.65, "regularMarketVolume": 244516, "averageDailyVolume10Day": 166830, "averageDailyVolume3Month": 810061, "regularMarketPreviousClose": 21.9, "regularMarketSource": "FREE_REALTIME", "regularMarketOpen": 22.0, "exchange": "BSE", "exchangeName": "BSE", "exchangeDataDelayedBy": 0, "marketState": "CLOSED", "quoteType": "EQUITY", "symbol": "UDAICEMENT.BO", "underlyingSymbol": null, "shortName": "UDAIPUR CEMENT WORKS LTD.", "longName": "Udaipur Cement Works Limited", "currency": "INR", "quoteSourceName": "Delayed Quote", "currencySymbol": "\u20b9", "fromCurrency": null, "toCurrency": null, "lastMarket": null, "marketCap": 6788737536}, "balanceSheetHistory": {"balanceSheetStatements": [{"maxAge": 1, "endDate": "2020-03-31", "cash": 11900000, "shortTermInvestments": 250900000, "netReceivables": 277700000, "inventory": 677300000, "otherCurrentAssets": 106200000, "totalCurrentAssets": 1337800000, "propertyPlantEquipment": 7038000000, "intangibleAssets": 500000, "otherAssets": 798400000, "deferredLongTermAssetCharges": 594000000, "totalAssets": 9174700000, "accountsPayable": 409700000, "shortLongTermDebt": 2328000000, "otherCurrentLiab": 626400000, "longTermDebt": 3341300000, "otherLiab": 252100000, "totalCurrentLiabilities": 3745800000, "totalLiab": 7339200000, "commonStock": 1245600000, "retainedEarnings": -278200000, "treasuryStock": 482900000, "capitalSurplus": 385200000, "otherStockholderEquity": 482900000, "totalStockholderEquity": 1835500000, "netTangibleAssets": 1835000000}, {"maxAge": 1, "endDate": "2019-03-31", "cash": 2500000, "netReceivables": 139000000, "inventory": 405100000, "otherCurrentAssets": 100000000, "totalCurrentAssets": 653200000, "propertyPlantEquipment": 7303500000, "intangibleAssets": 900000, "otherAssets": 868500000, "deferredLongTermAssetCharges": 709800000, "totalAssets": 8826100000, "accountsPayable": 331300000, "shortLongTermDebt": 1120300000, "otherCurrentLiab": 396800000, "longTermDebt": 4514900000, "otherLiab": 240300000, "totalCurrentLiabilities": 2392500000, "totalLiab": 7147700000, "commonStock": 1245600000, "retainedEarnings": -433400000, "treasuryStock": 481000000, "capitalSurplus": 385200000, "otherStockholderEquity": 481000000, "totalStockholderEquity": 1678400000, "netTangibleAssets": 1677500000}, {"maxAge": 1, "endDate": "2018-03-31", "cash": 7525000, "netReceivables": 152836000, "inventory": 385880000, "otherCurrentAssets": 96966000, "totalCurrentAssets": 651726000, "propertyPlantEquipment": 7562666000, "intangibleAssets": 1290000, "otherAssets": 688875000, "deferredLongTermAssetCharges": 539813000, "totalAssets": 8904557000, "accountsPayable": 111278000, "shortLongTermDebt": 700000000, "otherCurrentLiab": 326216000, "longTermDebt": 4821542000, "otherLiab": 326881000, "totalCurrentLiabilities": 1587490000, "totalLiab": 6735913000, "commonStock": 1180821000, "retainedEarnings": -26130000, "treasuryStock": 513953000, "otherStockholderEquity": 513953000, "totalStockholderEquity": 1668644000, "netTangibleAssets": 1667354000}, {"maxAge": 1, "endDate": "2017-03-31", "cash": 2235000, "shortTermInvestments": 2597000, "netReceivables": 12782000, "inventory": 435523000, "otherCurrentAssets": 379356000, "totalCurrentAssets": 840868000, "propertyPlantEquipment": 7562374000, "intangibleAssets": 2205000, "otherAssets": 367602000, "deferredLongTermAssetCharges": 239813000, "totalAssets": 8773049000, "accountsPayable": 126094000, "otherCurrentLiab": 252985000, "longTermDebt": 5252649000, "otherLiab": 575077000, "totalCurrentLiabilities": 729211000, "totalLiab": 6556937000, "commonStock": 1180821000, "retainedEarnings": 407385000, "treasuryStock": 627906000, "otherStockholderEquity": 627906000, "totalStockholderEquity": 2216112000, "netTangibleAssets": 2213907000}], "maxAge": 86400}, "financialData": {"maxAge": 86400, "currentPrice": 21.8, "recommendationKey": "none", "grossProfits": 3846600000, "financialCurrency": "INR"}}}