{"UDAYJEW.BO": {"cashflowStatementHistory": {"cashflowStatements": [{"maxAge": 1, "endDate": "2020-03-31", "netIncome": 69371000, "depreciation": 1901000, "changeToNetincome": 12680000, "changeToAccountReceivables": -109968000, "changeToLiabilities": -2310000, "changeToInventory": 32004000, "changeToOperatingActivities": -21090000, "totalCashFromOperatingActivities": -17412000, "capitalExpenditures": -652000, "otherCashflowsFromInvestingActivities": 3225000, "totalCashflowsFromInvestingActivities": 2573000, "netBorrowings": -12876000, "otherCashflowsFromFinancingActivities": 27934000, "totalCashFromFinancingActivities": 15058000, "changeInCash": 219000}, {"maxAge": 1, "endDate": "2019-03-31", "netIncome": 30932000, "depreciation": 1831000, "changeToNetincome": 9655000, "changeToAccountReceivables": -9837000, "changeToLiabilities": -331000, "changeToInventory": -122085000, "changeToOperatingActivities": -4787000, "totalCashFromOperatingActivities": -94622000, "capitalExpenditures": -557000, "otherCashflowsFromInvestingActivities": 2470000, "totalCashflowsFromInvestingActivities": 1913000, "netBorrowings": 45333000, "otherCashflowsFromFinancingActivities": 27144000, "totalCashFromFinancingActivities": 72477000, "changeInCash": -20232000}, {"maxAge": 1, "endDate": "2018-03-31", "netIncome": 23799000, "depreciation": 1725000, "changeToNetincome": 3546000, "changeToAccountReceivables": -101798000, "changeToLiabilities": 5953000, "changeToInventory": -16351000, "changeToOperatingActivities": 15096000, "totalCashFromOperatingActivities": -68030000, "capitalExpenditures": -2609000, "investments": 324000, "otherCashflowsFromInvestingActivities": 2401000, "totalCashflowsFromInvestingActivities": 116000, "netBorrowings": -27822000, "otherCashflowsFromFinancingActivities": 116281000, "totalCashFromFinancingActivities": 88459000, "changeInCash": 20545000}, {"maxAge": 1, "endDate": "2017-03-31", "netIncome": 12158000, "depreciation": 782000, "changeToNetincome": -3339000, "changeToAccountReceivables": -8609000, "changeToLiabilities": 900000, "changeToInventory": -39072000, "changeToOperatingActivities": -9261000, "totalCashFromOperatingActivities": -46441000, "capitalExpenditures": -8755000, "investments": 902000, "otherCashflowsFromInvestingActivities": 2825000, "totalCashflowsFromInvestingActivities": -3278000, "netBorrowings": 54458000, "otherCashflowsFromFinancingActivities": -5085000, "totalCashFromFinancingActivities": 49373000, "changeInCash": -346000}], "maxAge": 86400}, "institutionOwnership": {"ownershipList": [], "maxAge": 1}, "balanceSheetHistoryQuarterly": {"balanceSheetStatements": [{"maxAge": 1, "endDate": "2020-06-30", "totalStockholderEquity": 470086000, "netTangibleAssets": 470086000}, {"maxAge": 1, "endDate": "2020-03-31", "cash": 786000, "netReceivables": 324213000, "inventory": 210338000, "otherCurrentAssets": 17092000, "totalCurrentAssets": 552429000, "longTermInvestments": 226000, "propertyPlantEquipment": 9057000, "otherAssets": 25625000, "deferredLongTermAssetCharges": 43000, "totalAssets": 587337000, "accountsPayable": 4211000, "shortLongTermDebt": 44000, "otherCurrentLiab": 10891000, "totalCurrentLiabilities": 117251000, "totalLiab": 117251000, "commonStock": 220219000, "retainedEarnings": 84874000, "treasuryStock": 14719000, "capitalSurplus": 150274000, "otherStockholderEquity": 14719000, "totalStockholderEquity": 470086000, "netTangibleAssets": 470086000}, {"maxAge": 1, "endDate": "2019-12-31", "totalStockholderEquity": 423995000, "netTangibleAssets": 423995000}, {"maxAge": 1, "endDate": "2019-09-30", "cash": 936000, "netReceivables": 306095000, "inventory": 186735000, "otherCurrentAssets": 18902000, "totalCurrentAssets": 512668000, "longTermInvestments": 1914000, "propertyPlantEquipment": 9717000, "otherAssets": 24956000, "totalAssets": 549255000, "accountsPayable": 1123000, "shortLongTermDebt": 116144000, "otherCurrentLiab": 6783000, "longTermDebt": 1188000, "otherLiab": 22000, "totalCurrentLiabilities": 124050000, "totalLiab": 125260000, "commonStock": 220219000, "treasuryStock": 203776000, "otherStockholderEquity": 203776000, "totalStockholderEquity": 423995000, "netTangibleAssets": 423995000}], "maxAge": 86400}, "indexTrend": {"maxAge": 1, "symbol": "SP5", "peRatio": 19.7411, "pegRatio": 1.34172, "estimates": [{"period": "0q", "growth": 0.549}, {"period": "+1q", "growth": 0.431}, {"period": "0y", "growth": 0.305}, {"period": "+1y", "growth": 0.109}, {"period": "+5y", "growth": 0.120859005}, {"period": "-5y"}]}, "insiderTransactions": {"transactions": [{"maxAge": 1, "shares": 564000, "value": 845830, "filerUrl": "", "transactionText": "Acquisition at price 1.50 per share.", "filerName": "Sanghi (Tejas)", "filerRelation": "Promoter", "moneyText": "", "startDate": "2020-09-18", "ownership": "D"}, {"maxAge": 1, "shares": 505174, "value": 704465, "filerUrl": "", "transactionText": "Acquisition at price 1.39 per share.", "filerName": "Sanghi (Uday)", "filerRelation": "Promoter", "moneyText": "", "startDate": "2020-09-17", "ownership": "D"}, {"maxAge": 1, "shares": 19000, "filerUrl": "", "transactionText": "", "filerName": "Agarwal (Praveen Kumar)", "filerRelation": "UNREPORTED", "moneyText": "", "startDate": "2019-12-31", "ownership": "D"}, {"maxAge": 1, "shares": 123296, "filerUrl": "", "transactionText": "", "filerName": "Sanghi (Tejas)", "filerRelation": "Promoter", "moneyText": "", "startDate": "2017-06-01", "ownership": "D"}, {"maxAge": 1, "shares": 95125, "filerUrl": "", "transactionText": "", "filerName": "Sanghi (Uday)", "filerRelation": "Promoter", "moneyText": "", "startDate": "2017-05-19", "ownership": "D"}, {"maxAge": 1, "shares": 75000, "filerUrl": "", "transactionText": "", "filerName": "Sanghi (Tejas)", "filerRelation": "Promoter", "moneyText": "", "startDate": "2016-10-25", "ownership": "D"}, {"maxAge": 1, "shares": 69100, "filerUrl": "", "transactionText": "", "filerName": "Sanghi (Uday)", "filerRelation": "Promoter", "moneyText": "", "startDate": "2016-10-25", "ownership": "D"}, {"maxAge": 1, "shares": 100000, "filerUrl": "", "transactionText": "", "filerName": "Sanghi (Tejas)", "filerRelation": "UNREPORTED", "moneyText": "", "startDate": "2016-06-21", "ownership": "D"}, {"maxAge": 1, "shares": 100000, "filerUrl": "", "transactionText": "", "filerName": "Sanghi (Uday)", "filerRelation": "UNREPORTED", "moneyText": "", "startDate": "2016-06-21", "ownership": "D"}, {"maxAge": 1, "shares": 180000, "filerUrl": "", "transactionText": "", "filerName": "Sanghi (Tejas)", "filerRelation": "UNREPORTED", "moneyText": "", "startDate": "2016-03-31", "ownership": "D"}, {"maxAge": 1, "shares": 170000, "filerUrl": "", "transactionText": "", "filerName": "Sanghi (Uday)", "filerRelation": "UNREPORTED", "moneyText": "", "startDate": "2016-03-31", "ownership": "D"}, {"maxAge": 1, "shares": 97500, "filerUrl": "", "transactionText": "", "filerName": "Sanghi (Tejas)", "filerRelation": "UNREPORTED", "moneyText": "", "startDate": "2016-03-23", "ownership": "D"}, {"maxAge": 1, "shares": 97500, "filerUrl": "", "transactionText": "", "filerName": "Sanghi (Uday)", "filerRelation": "UNREPORTED", "moneyText": "", "startDate": "2016-03-23", "ownership": "D"}], "maxAge": 1}, "quoteType": {"exchange": "BSE", "quoteType": "EQUITY", "symbol": "UDAYJEW.BO", "underlyingSymbol": "UDAYJEW.BO", "shortName": "Uday Jewellery Industries Limi", "longName": "Uday Jewellery Industries Limited", "firstTradeDateEpochUtc": "2015-12-18 09:15:00", "timeZoneFullName": "Asia/Kolkata", "timeZoneShortName": "IST", "uuid": "b76d290e-2ff8-39f3-a766-5cd9ea8b9931", "gmtOffSetMilliseconds": 19800000, "maxAge": 1}, "incomeStatementHistory": {"incomeStatementHistory": [{"maxAge": 1, "endDate": "2020-03-31", "totalRevenue": 917408000, "costOfRevenue": 800615000, "grossProfit": 116793000, "researchDevelopment": {}, "sellingGeneralAdministrative": 11212000, "nonRecurring": {}, "otherOperatingExpenses": 5152000, "totalOperatingExpenses": 818880000, "operatingIncome": 98528000, "totalOtherIncomeExpenseNet": -4535000, "ebit": 98528000, "interestExpense": -103000, "incomeBeforeTax": 93993000, "incomeTaxExpense": 24622000, "minorityInterest": {}, "netIncomeFromContinuingOps": 69371000, "discontinuedOperations": {}, "extraordinaryItems": {}, "effectOfAccountingCharges": {}, "otherItems": {}, "netIncome": 69371000, "netIncomeApplicableToCommonShares": 69371000}, {"maxAge": 1, "endDate": "2019-03-31", "totalRevenue": 734129000, "costOfRevenue": 671696000, "grossProfit": 62433000, "researchDevelopment": {}, "sellingGeneralAdministrative": 7251000, "nonRecurring": {}, "otherOperatingExpenses": 5852000, "totalOperatingExpenses": 686630000, "operatingIncome": 47499000, "totalOtherIncomeExpenseNet": -7178000, "ebit": 47499000, "interestExpense": -373000, "incomeBeforeTax": 40321000, "incomeTaxExpense": 9389000, "minorityInterest": {}, "netIncomeFromContinuingOps": 30932000, "discontinuedOperations": {}, "extraordinaryItems": {}, "effectOfAccountingCharges": {}, "otherItems": {}, "netIncome": 30932000, "netIncomeApplicableToCommonShares": 30932000}, {"maxAge": 1, "endDate": "2018-03-31", "totalRevenue": 715479000, "costOfRevenue": 653255000, "grossProfit": 62224000, "researchDevelopment": {}, "sellingGeneralAdministrative": 5841000, "nonRecurring": {}, "otherOperatingExpenses": 20972000, "totalOperatingExpenses": 681793000, "operatingIncome": 33686000, "totalOtherIncomeExpenseNet": -3633000, "ebit": 33686000, "interestExpense": -660000, "incomeBeforeTax": 30053000, "incomeTaxExpense": 6254000, "minorityInterest": {}, "netIncomeFromContinuingOps": 23799000, "discontinuedOperations": {}, "extraordinaryItems": {}, "effectOfAccountingCharges": {}, "otherItems": {}, "netIncome": 23799000, "netIncomeApplicableToCommonShares": 23799000}, {"maxAge": 1, "endDate": "2017-03-31", "totalRevenue": 451653000, "costOfRevenue": 409430000, "grossProfit": 42223000, "researchDevelopment": {}, "sellingGeneralAdministrative": 6621000, "nonRecurring": {}, "otherOperatingExpenses": 19433000, "totalOperatingExpenses": 436266000, "operatingIncome": 15387000, "totalOtherIncomeExpenseNet": 1259000, "ebit": 15387000, "interestExpense": -107000, "incomeBeforeTax": 16646000, "incomeTaxExpense": 4488000, "minorityInterest": {}, "netIncomeFromContinuingOps": 12158000, "discontinuedOperations": {}, "extraordinaryItems": {}, "effectOfAccountingCharges": {}, "otherItems": {}, "netIncome": 12158000, "netIncomeApplicableToCommonShares": 12158000}], "maxAge": 86400}, "fundOwnership": {"ownershipList": [], "maxAge": 1}, "summaryDetail": {"maxAge": 1, "priceHint": 2, "previousClose": 108.5, "open": 103.2, "dayLow": 103.2, "dayHigh": 110.45, "regularMarketPreviousClose": 108.5, "regularMarketOpen": 103.2, "regularMarketDayLow": 103.2, "regularMarketDayHigh": 110.45, "trailingPE": 35.765064, "volume": 667, "regularMarketVolume": 667, "averageVolume": 6743, "averageVolume10days": 4960, "averageDailyVolume10Day": 4960, "bid": 0.0, "ask": 105.65, "bidSize": 0, "askSize": 0, "marketCap": 2326613760, "fiftyTwoWeekLow": 57.65, "fiftyTwoWeekHigh": 199.35, "fiftyDayAverage": 163.61363, "twoHundredDayAverage": 131.67133, "currency": "INR", "fromCurrency": null, "lastMarket": null, "algorithm": null, "tradeable": false}, "incomeStatementHistoryQuarterly": {"incomeStatementHistory": [{"maxAge": 1, "endDate": "2020-06-30", "totalRevenue": 30625000, "costOfRevenue": 20359000, "grossProfit": 10266000, "researchDevelopment": {}, "sellingGeneralAdministrative": 1570000, "nonRecurring": {}, "otherOperatingExpenses": 1097000, "totalOperatingExpenses": 23503000, "operatingIncome": 7122000, "totalOtherIncomeExpenseNet": 2164000, "ebit": 7122000, "interestExpense": -1781000, "incomeBeforeTax": 9286000, "incomeTaxExpense": 2125000, "minorityInterest": {}, "netIncomeFromContinuingOps": 7161000, "discontinuedOperations": {}, "extraordinaryItems": {}, "effectOfAccountingCharges": {}, "otherItems": {}, "netIncome": 7161000, "netIncomeApplicableToCommonShares": 7161000}, {"maxAge": 1, "endDate": "2020-03-31", "totalRevenue": 247599000, "costOfRevenue": 200625000, "grossProfit": 46974000, "researchDevelopment": {}, "sellingGeneralAdministrative": 5189000, "nonRecurring": {}, "otherOperatingExpenses": -708000, "totalOperatingExpenses": 205589000, "operatingIncome": 42010000, "totalOtherIncomeExpenseNet": -877000, "ebit": 42010000, "interestExpense": -1781000, "incomeBeforeTax": 41133000, "incomeTaxExpense": 9916000, "minorityInterest": {}, "netIncomeFromContinuingOps": 31217000, "discontinuedOperations": {}, "extraordinaryItems": {}, "effectOfAccountingCharges": {}, "otherItems": {}, "netIncome": 31217000, "netIncomeApplicableToCommonShares": 31217000}, {"maxAge": 1, "endDate": "2019-12-31", "totalRevenue": 257758000, "costOfRevenue": 232002000, "grossProfit": 25756000, "researchDevelopment": {}, "sellingGeneralAdministrative": 2472000, "nonRecurring": {}, "otherOperatingExpenses": 1328000, "totalOperatingExpenses": 236280000, "operatingIncome": 21478000, "totalOtherIncomeExpenseNet": -871000, "ebit": 21478000, "interestExpense": -2025000, "incomeBeforeTax": 20607000, "incomeTaxExpense": 5733000, "minorityInterest": {}, "netIncomeFromContinuingOps": 14874000, "discontinuedOperations": {}, "extraordinaryItems": {}, "effectOfAccountingCharges": {}, "otherItems": {}, "netIncome": 14874000, "netIncomeApplicableToCommonShares": 14874000}, {"maxAge": 1, "endDate": "2019-09-30", "totalRevenue": 163009000, "costOfRevenue": 141689000, "grossProfit": 21320000, "researchDevelopment": {}, "sellingGeneralAdministrative": 2060000, "nonRecurring": {}, "otherOperatingExpenses": 1257000, "totalOperatingExpenses": 145478000, "operatingIncome": 17531000, "totalOtherIncomeExpenseNet": -1402000, "ebit": 17531000, "interestExpense": -2572000, "incomeBeforeTax": 16129000, "incomeTaxExpense": 4487000, "minorityInterest": {}, "netIncomeFromContinuingOps": 11642000, "discontinuedOperations": {}, "extraordinaryItems": {}, "effectOfAccountingCharges": {}, "otherItems": {}, "netIncome": 11642000, "netIncomeApplicableToCommonShares": 11642000}], "maxAge": 86400}, "cashflowStatementHistoryQuarterly": {"cashflowStatements": [{"maxAge": 1, "endDate": "2020-06-30", "netIncome": 7161000, "changeToLiabilities": 0}, {"maxAge": 1, "endDate": "2020-03-31", "netIncome": 31217000, "changeToLiabilities": 0}, {"maxAge": 1, "endDate": "2019-12-31", "netIncome": 14874000, "changeToLiabilities": 0}, {"maxAge": 1, "endDate": "2019-09-30", "netIncome": 11642000, "changeToLiabilities": 0}], "maxAge": 86400}, "insiderHolders": {"holders": [{"maxAge": 1, "name": "Agarwal (Praveen Kumar)", "relation": "UNREPORTED", "url": "", "transactionDescription": "Acquisition", "latestTransDate": "2019-12-31", "positionDirect": 21134, "positionDirectDate": "2019-12-31"}, {"maxAge": 1, "name": "Sanghi (Tejas)", "relation": "Promoter", "url": "", "transactionDescription": "Acquisition", "latestTransDate": "2020-09-18", "positionDirect": 1139796, "positionDirectDate": "2020-09-18"}, {"maxAge": 1, "name": "Sanghi (Uday)", "relation": "Promoter", "url": "", "transactionDescription": "Acquisition", "latestTransDate": "2020-09-17", "positionDirect": 1036899, "positionDirectDate": "2020-09-17"}], "maxAge": 1}, "calendarEvents": {"maxAge": 1, "earnings": {"earningsDate": ["2020-09-14 05:30:S"]}}, "upgradeDowngradeHistory": {"history": [], "maxAge": 86400}, "price": {"maxAge": 1, "regularMarketChangePercent": -0.026267268, "regularMarketChange": -2.8499985, "regularMarketTime": "2021-04-30 15:41:23", "priceHint": 2, "regularMarketPrice": 105.65, "regularMarketDayHigh": 110.45, "regularMarketDayLow": 103.2, "regularMarketVolume": 667, "averageDailyVolume10Day": 4960, "averageDailyVolume3Month": 6743, "regularMarketPreviousClose": 108.5, "regularMarketSource": "FREE_REALTIME", "regularMarketOpen": 103.2, "exchange": "BSE", "exchangeName": "BSE", "exchangeDataDelayedBy": 0, "marketState": "CLOSED", "quoteType": "EQUITY", "symbol": "UDAYJEW.BO", "underlyingSymbol": null, "shortName": "Uday Jewellery Industries Limi", "longName": "Uday Jewellery Industries Limited", "currency": "INR", "quoteSourceName": "Delayed Quote", "currencySymbol": "\u20b9", "fromCurrency": null, "lastMarket": null, "marketCap": 2326613760}, "balanceSheetHistory": {"balanceSheetStatements": [{"maxAge": 1, "endDate": "2020-03-31", "cash": 786000, "netReceivables": 324213000, "inventory": 210338000, "otherCurrentAssets": 17092000, "totalCurrentAssets": 552429000, "longTermInvestments": 226000, "propertyPlantEquipment": 9057000, "otherAssets": 25625000, "deferredLongTermAssetCharges": 43000, "totalAssets": 587337000, "accountsPayable": 4211000, "shortLongTermDebt": 44000, "otherCurrentLiab": 10891000, "totalCurrentLiabilities": 117251000, "totalLiab": 117251000, "commonStock": 220219000, "retainedEarnings": 84874000, "treasuryStock": 14719000, "capitalSurplus": 150274000, "otherStockholderEquity": 14719000, "totalStockholderEquity": 470086000, "netTangibleAssets": 470086000}, {"maxAge": 1, "endDate": "2019-03-31", "cash": 568000, "shortTermInvestments": 2242000, "netReceivables": 204416000, "inventory": 242342000, "otherCurrentAssets": 3972000, "totalCurrentAssets": 451298000, "longTermInvestments": 226000, "propertyPlantEquipment": 10305000, "otherAssets": 27657000, "totalAssets": 489486000, "accountsPayable": 6522000, "shortLongTermDebt": 2674000, "otherCurrentLiab": 3912000, "longTermDebt": 61000, "otherLiab": 22000, "totalCurrentLiabilities": 125398000, "totalLiab": 125481000, "commonStock": 202337000, "retainedEarnings": 15503000, "treasuryStock": 19049000, "capitalSurplus": 127116000, "otherStockholderEquity": 19049000, "totalStockholderEquity": 364005000, "netTangibleAssets": 364005000}, {"maxAge": 1, "endDate": "2018-03-31", "cash": 20799000, "netReceivables": 192826000, "inventory": 120257000, "otherCurrentAssets": 77000, "totalCurrentAssets": 333959000, "longTermInvestments": 9000, "propertyPlantEquipment": 11580000, "otherAssets": 28174000, "deferredLongTermAssetCharges": 149000, "totalAssets": 373722000, "accountsPayable": 6852000, "shortLongTermDebt": 2859000, "otherCurrentLiab": 816000, "longTermDebt": 2738000, "totalCurrentLiabilities": 74622000, "totalLiab": 77360000, "commonStock": 176548000, "retainedEarnings": -15430000, "treasuryStock": 31286000, "capitalSurplus": 103958000, "otherStockholderEquity": 31286000, "totalStockholderEquity": 296362000, "netTangibleAssets": 296362000}, {"maxAge": 1, "endDate": "2017-03-31", "cash": 254000, "netReceivables": 92737000, "inventory": 103906000, "otherCurrentAssets": 12225000, "totalCurrentAssets": 209122000, "longTermInvestments": 3193000, "propertyPlantEquipment": 10696000, "otherAssets": 26860000, "deferredLongTermAssetCharges": 293000, "totalAssets": 249871000, "accountsPayable": 900000, "shortLongTermDebt": 2725000, "otherCurrentLiab": 1561000, "longTermDebt": 4064000, "totalCurrentLiabilities": 95911000, "totalLiab": 99975000, "commonStock": 116906000, "retainedEarnings": -39229000, "treasuryStock": 14719000, "capitalSurplus": 57500000, "otherStockholderEquity": 14719000, "totalStockholderEquity": 149896000, "netTangibleAssets": 149896000}], "maxAge": 86400}, "financialData": {"maxAge": 86400, "currentPrice": 105.65, "recommendationKey": "none", "grossProfits": 116793000, "financialCurrency": "INR"}}}