{"UFLEX.BO": {"recommendationTrend": {"trend": [{"period": "0m", "strongBuy": 0, "buy": 0, "hold": 0, "sell": 0, "strongSell": 0}, {"period": "-1m", "strongBuy": 0, "buy": 0, "hold": 0, "sell": 0, "strongSell": 0}, {"period": "-2m", "strongBuy": 0, "buy": 0, "hold": 0, "sell": 0, "strongSell": 0}, {"period": "-3m", "strongBuy": 0, "buy": 0, "hold": 0, "sell": 0, "strongSell": 0}], "maxAge": 86400}, "cashflowStatementHistory": {"cashflowStatements": [{"maxAge": 1, "endDate": "2020-03-31", "netIncome": 3698180000, "depreciation": 4004785000, "changeToNetincome": 2183739000, "changeToAccountReceivables": 418047000, "changeToLiabilities": 231141000, "changeToInventory": -114053000, "changeToOperatingActivities": -2267837000, "totalCashFromOperatingActivities": 8181158000, "capitalExpenditures": -21860998000, "investments": -88113000, "otherCashflowsFromInvestingActivities": 539917000, "totalCashflowsFromInvestingActivities": -20316133000, "dividendsPaid": -144423000, "netBorrowings": 16074485000, "otherCashflowsFromFinancingActivities": -2241114000, "totalCashFromFinancingActivities": 13688948000, "changeInCash": 1553973000}, {"maxAge": 1, "endDate": "2019-03-31", "netIncome": 3138358000, "depreciation": 3782870000, "changeToNetincome": 2388452000, "changeToAccountReceivables": -1207294000, "changeToLiabilities": -907172000, "changeToInventory": -466977000, "changeToOperatingActivities": -1219778000, "totalCashFromOperatingActivities": 5534110000, "capitalExpenditures": -3853648000, "investments": 400903000, "otherCashflowsFromInvestingActivities": -9599000, "totalCashflowsFromInvestingActivities": -3440168000, "dividendsPaid": -144423000, "netBorrowings": -14246000, "otherCashflowsFromFinancingActivities": -2208977000, "totalCashFromFinancingActivities": -2367646000, "changeInCash": -273704000}, {"maxAge": 1, "endDate": "2018-03-31", "netIncome": 3104812000, "depreciation": 3490609000, "changeToNetincome": 1809051000, "changeToAccountReceivables": -2807644000, "changeToLiabilities": 2391162000, "changeToInventory": -1182259000, "changeToOperatingActivities": -320643000, "totalCashFromOperatingActivities": 6510383000, "capitalExpenditures": -4774502000, "investments": 149593000, "otherCashflowsFromInvestingActivities": -27982000, "totalCashflowsFromInvestingActivities": -4266966000, "dividendsPaid": -252740000, "netBorrowings": 223707000, "otherCashflowsFromFinancingActivities": -2022358000, "totalCashFromFinancingActivities": -2051391000, "changeInCash": 192026000}, {"maxAge": 1, "endDate": "2017-03-31", "netIncome": 3484556000, "depreciation": 3175391000, "changeToNetincome": 826923000, "changeToAccountReceivables": -1915042000, "changeToLiabilities": 1748965000, "changeToInventory": -577901000, "changeToOperatingActivities": 1049219000, "totalCashFromOperatingActivities": 7792111000, "capitalExpenditures": -7617900000, "investments": 68992000, "otherCashflowsFromInvestingActivities": 738499000, "totalCashflowsFromInvestingActivities": -6690954000, "dividendsPaid": -231077000, "netBorrowings": 128958000, "otherCashflowsFromFinancingActivities": -1915206000, "totalCashFromFinancingActivities": -2017325000, "changeInCash": -916168000}], "maxAge": 86400}, "institutionOwnership": {"ownershipList": [], "maxAge": 1}, "balanceSheetHistoryQuarterly": {"balanceSheetStatements": [{"maxAge": 1, "endDate": "2020-06-30", "totalStockholderEquity": 46971100000, "netTangibleAssets": 46547400000}, {"maxAge": 1, "endDate": "2020-03-31", "cash": 3310627000, "netReceivables": 19813480000, "inventory": 8549457000, "otherCurrentAssets": 5064526000, "totalCurrentAssets": 36738090000, "longTermInvestments": 1888608000, "propertyPlantEquipment": 57593656000, "intangibleAssets": 423674000, "otherAssets": 3421262000, "totalAssets": 100065290000, "accountsPayable": 10524767000, "shortLongTermDebt": 2190203000, "otherCurrentLiab": 3074552000, "longTermDebt": 24511401000, "otherLiab": 2345381000, "totalCurrentLiabilities": 25978798000, "totalLiab": 53094208000, "commonStock": 722115000, "retainedEarnings": 36581446000, "treasuryStock": 3956458000, "capitalSurplus": 5711063000, "otherStockholderEquity": 3956458000, "totalStockholderEquity": 46971082000, "netTangibleAssets": 46547408000}, {"maxAge": 1, "endDate": "2019-12-31", "totalStockholderEquity": 44875300000, "netTangibleAssets": 44272900000}, {"maxAge": 1, "endDate": "2019-09-30", "cash": 3333400000, "shortTermInvestments": 748800000, "netReceivables": 20517400000, "inventory": 8927200000, "otherCurrentAssets": 3910000000, "totalCurrentAssets": 37436800000, "longTermInvestments": 373400000, "propertyPlantEquipment": 42893500000, "intangibleAssets": 602400000, "otherAssets": 4615200000, "totalAssets": 85921300000, "accountsPayable": 11219300000, "otherCurrentLiab": 6547200000, "longTermDebt": 11575600000, "otherLiab": 2665200000, "totalCurrentLiabilities": 26805200000, "totalLiab": 41046000000, "commonStock": 722100000, "treasuryStock": 44153200000, "otherStockholderEquity": 44153200000, "totalStockholderEquity": 44875300000, "netTangibleAssets": 44272900000}], "maxAge": 86400}, "earningsHistory": {"history": [{"maxAge": 1, "epsActual": 12.89, "epsEstimate": 14.63, "epsDifference": -1.74, "surprisePercent": -0.118999995, "quarter": "2017-06-30", "period": "-4q"}, {"maxAge": 1, "epsActual": 13.06, "epsEstimate": 13.51, "epsDifference": -0.45, "surprisePercent": -0.033, "quarter": "2017-09-30", "period": "-3q"}, {"maxAge": 1, "epsActual": 13.03, "epsEstimate": 11.7, "epsDifference": 1.33, "surprisePercent": 0.11399999, "quarter": "2018-06-30", "period": "-2q"}, {"maxAge": 1, "epsActual": 13.25, "epsEstimate": 13.38, "epsDifference": -0.13, "surprisePercent": -0.01, "quarter": "2018-09-30", "period": "-1q"}], "maxAge": 86400}, "indexTrend": {"maxAge": 1, "symbol": "SP5", "peRatio": 19.7411, "pegRatio": 1.34172, "estimates": [{"period": "0q", "growth": 0.549}, {"period": "+1q", "growth": 0.431}, {"period": "0y", "growth": 0.305}, {"period": "+1y", "growth": 0.109}, {"period": "+5y", "growth": 0.120865}, {"period": "-5y"}]}, "industryTrend": {"maxAge": 1, "symbol": null, "estimates": []}, "insiderTransactions": {"transactions": [{"maxAge": 1, "shares": 4000, "filerUrl": "", "transactionText": "", "filerName": "Gupta (M. G.)", "filerRelation": "Director (Non-Executive)", "moneyText": "", "startDate": "2017-07-26", "ownership": "D"}, {"maxAge": 1, "shares": 1000, "filerUrl": "", "transactionText": "", "filerName": "Gupta (M. G.)", "filerRelation": "Director (Non-Executive)", "moneyText": "", "startDate": "2017-07-14", "ownership": "D"}, {"maxAge": 1, "shares": 486000, "filerUrl": "", "transactionText": "", "filerName": "Chaturvedi (Rashmi)", "filerRelation": "Promoter", "moneyText": "", "startDate": "2017-03-28", "ownership": "D"}, {"maxAge": 1, "shares": 373518, "filerUrl": "", "transactionText": "", "filerName": "Chaturvedi (Ashok Kumar)", "filerRelation": "Executive Chairman", "moneyText": "", "startDate": "2017-03-28", "ownership": "D"}, {"maxAge": 1, "shares": 1191518, "filerUrl": "", "transactionText": "", "filerName": "Chaturvedi (Ashok Kumar)", "filerRelation": "Executive Chairman", "moneyText": "", "startDate": "2017-03-28", "ownership": "D"}, {"maxAge": 1, "shares": 430000, "filerUrl": "", "transactionText": "", "filerName": "Chaturvedi (Rashmi)", "filerRelation": "Promoter", "moneyText": "", "startDate": "2017-03-22", "ownership": "D"}, {"maxAge": 1, "shares": 430000, "filerUrl": "", "transactionText": "", "filerName": "Chaturvedi (Ashok Kumar)", "filerRelation": "Executive Chairman", "moneyText": "", "startDate": "2017-03-22", "ownership": "D"}, {"maxAge": 1, "shares": 41518, "filerUrl": "", "transactionText": "", "filerName": "Chaturvedi (Ashok Kumar)", "filerRelation": "Executive Chairman", "moneyText": "", "startDate": "2017-03-22", "ownership": "D"}, {"maxAge": 1, "shares": 60000, "filerUrl": "", "transactionText": "", "filerName": "Lakhi (Dilipkumar V)", "filerRelation": "UNREPORTED", "moneyText": "", "startDate": "2015-10-06", "ownership": "D"}, {"maxAge": 1, "shares": 9228, "filerUrl": "", "transactionText": "", "filerName": "Lakhi (Dilipkumar V)", "filerRelation": "UNREPORTED", "moneyText": "", "startDate": "2015-09-30", "ownership": "D"}, {"maxAge": 1, "shares": 20000, "filerUrl": "", "transactionText": "", "filerName": "Lakhi (Dilipkumar V)", "filerRelation": "UNREPORTED", "moneyText": "", "startDate": "2015-08-10", "ownership": "D"}, {"maxAge": 1, "shares": 15000, "filerUrl": "", "transactionText": "", "filerName": "Lakhi (Dilipkumar V)", "filerRelation": "UNREPORTED", "moneyText": "", "startDate": "2014-09-23", "ownership": "D"}, {"maxAge": 1, "shares": 30000, "filerUrl": "", "transactionText": "", "filerName": "Lakhi (Dilipkumar V)", "filerRelation": "UNREPORTED", "moneyText": "", "startDate": "2014-09-19", "ownership": "D"}, {"maxAge": 1, "shares": 30000, "filerUrl": "", "transactionText": "", "filerName": "Lakhi (Dilipkumar V)", "filerRelation": "UNREPORTED", "moneyText": "", "startDate": "2014-09-11", "ownership": "D"}, {"maxAge": 1, "shares": 10000, "filerUrl": "", "transactionText": "", "filerName": "Lakhi (Dilipkumar V)", "filerRelation": "UNREPORTED", "moneyText": "", "startDate": "2014-09-10", "ownership": "D"}, {"maxAge": 1, "shares": 81000, "filerUrl": "", "transactionText": "", "filerName": "Lakhi (Dilipkumar V)", "filerRelation": "UNREPORTED", "moneyText": "", "startDate": "2014-09-09", "ownership": "D"}, {"maxAge": 1, "shares": 10000, "filerUrl": "", "transactionText": "", "filerName": "Lakhi (Dilipkumar V)", "filerRelation": "UNREPORTED", "moneyText": "", "startDate": "2014-09-02", "ownership": "D"}, {"maxAge": 1, "shares": 8742, "filerUrl": "", "transactionText": "", "filerName": "Lakhi (Dilipkumar V)", "filerRelation": "UNREPORTED", "moneyText": "", "startDate": "2014-09-01", "ownership": "D"}, {"maxAge": 1, "shares": 10000, "filerUrl": "", "transactionText": "", "filerName": "Lakhi (Dilipkumar V)", "filerRelation": "UNREPORTED", "moneyText": "", "startDate": "2014-08-28", "ownership": "D"}, {"maxAge": 1, "shares": 5985, "filerUrl": "", "transactionText": "", "filerName": "Lakhi (Dilipkumar V)", "filerRelation": "UNREPORTED", "moneyText": "", "startDate": "2014-08-27", "ownership": "D"}, {"maxAge": 1, "shares": 319165, "filerUrl": "", "transactionText": "", "filerName": "Lakhi (Dilipkumar V)", "filerRelation": "UNREPORTED", "moneyText": "", "startDate": "2014-08-26", "ownership": "D"}, {"maxAge": 1, "shares": 800000, "filerUrl": "", "transactionText": "", "filerName": "Anshika Consultants Pvt Ltd", "filerRelation": "Promoter", "moneyText": "", "startDate": "2013-12-03", "ownership": "D"}, {"maxAge": 1, "shares": 2800000, "filerUrl": "", "transactionText": "", "filerName": "Anant Overseas Pvt. Ltd.", "filerRelation": "Promoter", "moneyText": "", "startDate": "2013-12-03", "ownership": "D"}, {"maxAge": 1, "shares": 1500000, "filerUrl": "", "transactionText": "", "filerName": "Apoorva Extrusion Pvt. Ltd.", "filerRelation": "Promoter", "moneyText": "", "startDate": "2013-12-03", "ownership": "D"}, {"maxAge": 1, "shares": 500000, "filerUrl": "", "transactionText": "", "filerName": "Anshika Investments Pvt. Ltd.", "filerRelation": "Promoter", "moneyText": "", "startDate": "2013-12-03", "ownership": "D"}, {"maxAge": 1, "shares": 700000, "filerUrl": "", "transactionText": "", "filerName": "Chaturvedi (Ashok Kumar)", "filerRelation": "Executive Chairman", "moneyText": "", "startDate": "2013-11-22", "ownership": "D"}, {"maxAge": 1, "shares": 915141, "filerUrl": "", "transactionText": "", "filerName": "Chaturvedi (Rashmi)", "filerRelation": "Promoter", "moneyText": "", "startDate": "2013-11-22", "ownership": "D"}, {"maxAge": 1, "shares": 1615141, "filerUrl": "", "transactionText": "", "filerName": "Anant Overseas Pvt. Ltd.", "filerRelation": "Promoter", "moneyText": "", "startDate": "2013-11-22", "ownership": "D"}, {"maxAge": 1, "shares": 2230377, "filerUrl": "", "transactionText": "", "filerName": "Lakhi (Dilipkumar V)", "filerRelation": "UNREPORTED", "moneyText": "", "startDate": "2011-09-17", "ownership": "D"}, {"maxAge": 1, "shares": 4000, "filerUrl": "", "transactionText": "", "filerName": "Agrawal (R P)", "filerRelation": "UNREPORTED", "moneyText": "", "startDate": "2010-09-06", "ownership": "D"}, {"maxAge": 1, "shares": 1916290, "filerUrl": "", "transactionText": "", "filerName": "Lakhi (Dilipkumar V)", "filerRelation": "UNREPORTED", "moneyText": "", "startDate": "2009-11-24", "ownership": "D"}, {"maxAge": 1, "shares": 3887522, "filerUrl": "", "transactionText": "", "filerName": "Lakhi (Dilipkumar V)", "filerRelation": "UNREPORTED", "moneyText": "", "startDate": "2009-11-23", "ownership": "D"}, {"maxAge": 1, "shares": 5822, "filerUrl": "", "transactionText": "", "filerName": "Anshika Consultants Pvt Ltd", "filerRelation": "Institution- Corporation", "moneyText": "", "startDate": "2009-11-03", "ownership": "D"}], "maxAge": 1}, "quoteType": {"exchange": "BSE", "quoteType": "EQUITY", "symbol": "UFLEX.BO", "underlyingSymbol": "UFLEX.BO", "shortName": "UFLEX LTD.", "longName": "Uflex Limited", "firstTradeDateEpochUtc": "2000-04-12 09:15:00", "timeZoneFullName": "Asia/Kolkata", "timeZoneShortName": "IST", "uuid": "266b0b5f-d6aa-3c63-a458-65be32399bbf", "gmtOffSetMilliseconds": 19800000, "maxAge": 1}, "incomeStatementHistory": {"incomeStatementHistory": [{"maxAge": 1, "endDate": "2020-03-31", "totalRevenue": 73327172000, "costOfRevenue": 42411068000, "grossProfit": 30916104000, "researchDevelopment": {}, "sellingGeneralAdministrative": 7559775000, "nonRecurring": {}, "otherOperatingExpenses": 12594121000, "totalOperatingExpenses": 66560757000, "operatingIncome": 6766415000, "totalOtherIncomeExpenseNet": -1957862000, "ebit": 6766415000, "interestExpense": -1945992000, "incomeBeforeTax": 4808553000, "incomeTaxExpense": 1099809000, "minorityInterest": {}, "netIncomeFromContinuingOps": 3708744000, "discontinuedOperations": {}, "extraordinaryItems": {}, "effectOfAccountingCharges": {}, "otherItems": {}, "netIncome": 3698180000, "netIncomeApplicableToCommonShares": 3698180000}, {"maxAge": 1, "endDate": "2019-03-31", "totalRevenue": 78453184000, "costOfRevenue": 48470176000, "grossProfit": 29983008000, "researchDevelopment": {}, "sellingGeneralAdministrative": 7062578000, "nonRecurring": {}, "otherOperatingExpenses": 13340593000, "totalOperatingExpenses": 72648910000, "operatingIncome": 5804274000, "totalOtherIncomeExpenseNet": -1716752000, "ebit": 5804274000, "interestExpense": -1805748000, "incomeBeforeTax": 4087522000, "incomeTaxExpense": 935374000, "minorityInterest": {}, "netIncomeFromContinuingOps": 3152148000, "discontinuedOperations": {}, "extraordinaryItems": {}, "effectOfAccountingCharges": {}, "otherItems": {}, "netIncome": 3138358000, "netIncomeApplicableToCommonShares": 3138358000}, {"maxAge": 1, "endDate": "2018-03-31", "totalRevenue": 67207361000, "costOfRevenue": 40182676000, "grossProfit": 27024685000, "researchDevelopment": {}, "sellingGeneralAdministrative": 6376987000, "nonRecurring": {}, "otherOperatingExpenses": 11921132000, "totalOperatingExpenses": 61965312000, "operatingIncome": 5242049000, "totalOtherIncomeExpenseNet": -1702979000, "ebit": 5242049000, "interestExpense": -1573429000, "incomeBeforeTax": 3539070000, "incomeTaxExpense": 417024000, "minorityInterest": {}, "netIncomeFromContinuingOps": 3122046000, "discontinuedOperations": {}, "extraordinaryItems": {}, "effectOfAccountingCharges": {}, "otherItems": {}, "netIncome": 3104812000, "netIncomeApplicableToCommonShares": 3104812000}, {"maxAge": 1, "endDate": "2017-03-31", "totalRevenue": 64397965000, "costOfRevenue": 35181573000, "grossProfit": 29216392000, "researchDevelopment": {}, "sellingGeneralAdministrative": 5872472000, "nonRecurring": {}, "otherOperatingExpenses": 14325681000, "totalOperatingExpenses": 58522689000, "operatingIncome": 5875276000, "totalOtherIncomeExpenseNet": -1930166000, "ebit": 5875276000, "interestExpense": -1446265000, "incomeBeforeTax": 3945110000, "incomeTaxExpense": 437607000, "minorityInterest": {}, "netIncomeFromContinuingOps": 3507503000, "discontinuedOperations": {}, "extraordinaryItems": {}, "effectOfAccountingCharges": {}, "otherItems": {}, "netIncome": 3484556000, "netIncomeApplicableToCommonShares": 3484556000}], "maxAge": 86400}, "fundOwnership": {"ownershipList": [{"maxAge": 1, "reportDate": "2020-07-31", "organization": "DFA Emerging Markets Core Equity Portfolio", "pctHeld": 0.0041, "position": 293343, "value": 77750562}, {"maxAge": 1, "reportDate": "2020-07-31", "organization": "DFA Investment Dimensions-DFA Emerging Mkts Value", "pctHeld": 0.0039, "position": 282352, "value": 74837397}, {"maxAge": 1, "reportDate": "2020-07-31", "organization": "DFA Emerging Markets Small Cap Series", "pctHeld": 0.0027, "position": 192417, "value": 51000125}, {"maxAge": 1, "reportDate": "2020-06-30", "organization": "Lazard Emerging Markets Equity Blend Portfolio", "pctHeld": 0.0007, "position": 47212, "value": 9843702}, {"maxAge": 1, "reportDate": "2020-07-31", "organization": "DFA Investment Dimensions-Emerging Markets Social Core Equity", "pctHeld": 0.0002, "position": 15527, "value": 4115431}, {"maxAge": 1, "reportDate": "2020-07-31", "organization": "DFA T.A. World Ex U.S. Core Equity Portfolio", "pctHeld": 0.0002, "position": 15054, "value": 3990062}, {"maxAge": 1, "reportDate": "2020-07-31", "organization": "DFA Investment Dimensions-World Ex U.S. Core Equity Port", "pctHeld": 0.0002, "position": 11771, "value": 3119903}, {"maxAge": 1, "reportDate": "2020-07-31", "organization": "DFA Emerging Markets Sustainability Core 1 Portfolio", "pctHeld": 0.0001, "position": 7791, "value": 2065004}, {"maxAge": 1, "reportDate": "2020-07-31", "organization": "John Hancock Var Ins Tr-Emerging Markets Value Tr", "pctHeld": 0.0001, "position": 7789, "value": 2064474}, {"maxAge": 1, "reportDate": "2020-07-31", "organization": "DFA Investment Dimensions-DFA World Ex U.S. Targeted Value Port", "pctHeld": 0.0001, "position": 7003, "value": 1856145}], "maxAge": 1}, "summaryDetail": {"maxAge": 1, "priceHint": 2, "previousClose": 399.6, "open": 401.0, "dayLow": 398.8, "dayHigh": 413.05, "regularMarketPreviousClose": 399.6, "regularMarketOpen": 401.0, "regularMarketDayLow": 398.8, "regularMarketDayHigh": 413.05, "trailingPE": 6.159651, "forwardPE": 8.085509, "volume": 31580, "regularMarketVolume": 31580, "averageVolume": 14640, "averageVolume10days": 10307, "averageDailyVolume10Day": 10307, "bid": 404.5, "ask": 405.2, "bidSize": 0, "askSize": 0, "marketCap": 29292595200, "fiftyTwoWeekLow": 119.95, "fiftyTwoWeekHigh": 413.05, "fiftyDayAverage": 371.98636, "twoHundredDayAverage": 339.62646, "trailingAnnualDividendRate": 2.0, "trailingAnnualDividendYield": 0.005005005, "currency": "INR", "fromCurrency": null, "lastMarket": null, "algorithm": null, "tradeable": false}, "sectorTrend": {"maxAge": 1, "symbol": null, "estimates": []}, "incomeStatementHistoryQuarterly": {"incomeStatementHistory": [{"maxAge": 1, "endDate": "2020-06-30", "totalRevenue": 19926800000, "costOfRevenue": 11410900000, "grossProfit": 8515900000, "researchDevelopment": {}, "sellingGeneralAdministrative": 1671700000, "nonRecurring": {}, "otherOperatingExpenses": 2681700000, "totalOperatingExpenses": 16809200000, "operatingIncome": 3117600000, "totalOtherIncomeExpenseNet": -490900000, "ebit": 3117600000, "interestExpense": -539500000, "incomeBeforeTax": 2626700000, "incomeTaxExpense": 661300000, "minorityInterest": {}, "netIncomeFromContinuingOps": 1965400000, "discontinuedOperations": {}, "extraordinaryItems": {}, "effectOfAccountingCharges": {}, "otherItems": {}, "netIncome": 1964500000, "netIncomeApplicableToCommonShares": 1964500000}, {"maxAge": 1, "endDate": "2020-03-31", "totalRevenue": 16889172000, "costOfRevenue": 6633768000, "grossProfit": 10255404000, "researchDevelopment": {}, "sellingGeneralAdministrative": 2181775000, "nonRecurring": {}, "otherOperatingExpenses": 5488021000, "totalOperatingExpenses": 15288557000, "operatingIncome": 1600615000, "totalOtherIncomeExpenseNet": -390062000, "ebit": 1600615000, "interestExpense": -229992000, "incomeBeforeTax": 1210553000, "incomeTaxExpense": 201609000, "minorityInterest": {}, "netIncomeFromContinuingOps": 1008944000, "discontinuedOperations": {}, "extraordinaryItems": {}, "effectOfAccountingCharges": {}, "otherItems": {}, "netIncome": 1005780000, "netIncomeApplicableToCommonShares": 1005780000}, {"maxAge": 1, "endDate": "2019-12-31", "totalRevenue": 17933800000, "costOfRevenue": 11114800000, "grossProfit": 6819000000, "researchDevelopment": {}, "sellingGeneralAdministrative": 1821200000, "nonRecurring": {}, "otherOperatingExpenses": 2313300000, "totalOperatingExpenses": 16257800000, "operatingIncome": 1676000000, "totalOtherIncomeExpenseNet": -487900000, "ebit": 1676000000, "interestExpense": -567400000, "incomeBeforeTax": 1188100000, "incomeTaxExpense": 340000000, "minorityInterest": {}, "netIncomeFromContinuingOps": 848100000, "discontinuedOperations": {}, "extraordinaryItems": {}, "effectOfAccountingCharges": {}, "otherItems": {}, "netIncome": 845700000, "netIncomeApplicableToCommonShares": 845700000}, {"maxAge": 1, "endDate": "2019-09-30", "totalRevenue": 18721500000, "costOfRevenue": 11857700000, "grossProfit": 6863800000, "researchDevelopment": {}, "sellingGeneralAdministrative": 1692100000, "nonRecurring": {}, "otherOperatingExpenses": 2415500000, "totalOperatingExpenses": 16950900000, "operatingIncome": 1770600000, "totalOtherIncomeExpenseNet": -537500000, "ebit": 1770600000, "interestExpense": -569200000, "incomeBeforeTax": 1233100000, "incomeTaxExpense": 290500000, "minorityInterest": {}, "netIncomeFromContinuingOps": 942600000, "discontinuedOperations": {}, "extraordinaryItems": {}, "effectOfAccountingCharges": {}, "otherItems": {}, "netIncome": 939900000, "netIncomeApplicableToCommonShares": 939900000}], "maxAge": 86400}, "cashflowStatementHistoryQuarterly": {"cashflowStatements": [{"maxAge": 1, "endDate": "2020-06-30", "netIncome": 1964500000, "changeToLiabilities": 0}, {"maxAge": 1, "endDate": "2020-03-31", "netIncome": 1005780000, "changeToLiabilities": 0}, {"maxAge": 1, "endDate": "2019-12-31", "netIncome": 845700000, "changeToLiabilities": 0}, {"maxAge": 1, "endDate": "2019-09-30", "netIncome": 939900000, "changeToLiabilities": 0}], "maxAge": 86400}, "insiderHolders": {"holders": [{"maxAge": 1, "name": "Agrawal (R P)", "relation": "UNREPORTED", "url": "", "transactionDescription": "Sale", "latestTransDate": "2010-09-06", "positionDirect": 1000, "positionDirectDate": "2010-09-06"}, {"maxAge": 1, "name": "Anant Overseas Pvt. Ltd.", "relation": "Promoter", "url": "", "transactionDescription": "Other", "latestTransDate": "2013-12-03", "positionDirect": 1000000, "positionDirectDate": "2013-12-03"}, {"maxAge": 1, "name": "Anshika Consultants Pvt Ltd", "relation": "Promoter", "url": "", "transactionDescription": "Other", "latestTransDate": "2013-12-03", "positionDirect": 3778524, "positionDirectDate": "2013-12-03"}, {"maxAge": 1, "name": "Anshika Investments Pvt. Ltd.", "relation": "Promoter", "url": "", "transactionDescription": "Other", "latestTransDate": "2013-12-03", "positionDirect": 5771092, "positionDirectDate": "2013-12-03"}, {"maxAge": 1, "name": "Apoorva Extrusion Pvt. Ltd.", "relation": "Promoter", "url": "", "transactionDescription": "Other", "latestTransDate": "2013-12-03", "positionDirect": 4323162, "positionDirectDate": "2013-12-03"}, {"maxAge": 1, "name": "Chaturvedi (Ashok Kumar)", "relation": "Executive Chairman", "url": "", "transactionDescription": "Sale", "latestTransDate": "2017-03-28", "positionDirect": 502533, "positionDirectDate": "2017-03-28"}, {"maxAge": 1, "name": "Chaturvedi (Rashmi)", "relation": "Promoter", "url": "", "transactionDescription": "Sale", "latestTransDate": "2017-03-28", "positionDirect": 125145, "positionDirectDate": "2017-03-28"}, {"maxAge": 1, "name": "Gupta (M. G.)", "relation": "Director (Non-Executive)", "url": "", "transactionDescription": "Sale", "latestTransDate": "2017-07-26", "positionDirect": 3061, "positionDirectDate": "2017-07-26"}, {"maxAge": 1, "name": "Lakhi (Dilipkumar V)", "relation": "UNREPORTED", "url": "", "transactionDescription": "Sale", "latestTransDate": "2015-10-06", "positionDirect": 2964315, "positionDirectDate": "2015-10-06"}], "maxAge": 1}, "earnings": {"maxAge": 86400, "earningsChart": {"quarterly": [{"date": "2Q2017", "actual": 12.89, "estimate": 14.63}, {"date": "3Q2017", "actual": 13.06, "estimate": 13.51}, {"date": "2Q2018", "actual": 13.03, "estimate": 11.7}, {"date": "3Q2018", "actual": 13.25, "estimate": 13.38}], "currentQuarterEstimateDate": "4Q", "currentQuarterEstimateYear": 2018, "earningsDate": ["2020-08-19 05:30:S"]}, "financialsChart": {"yearly": [{"date": 2017, "revenue": 64397965000, "earnings": 3484556000}, {"date": 2018, "revenue": 67207361000, "earnings": 3104812000}, {"date": 2019, "revenue": 78453184000, "earnings": 3138358000}, {"date": 2020, "revenue": 73327172000, "earnings": 3698180000}], "quarterly": [{"date": "3Q2019", "revenue": 18721500000, "earnings": 939900000}, {"date": "4Q2019", "revenue": 17933800000, "earnings": 845700000}, {"date": "1Q2020", "revenue": 16889172000, "earnings": 1005780000}, {"date": "2Q2020", "revenue": 19926800000, "earnings": 1964500000}]}, "financialCurrency": "INR"}, "calendarEvents": {"maxAge": 1, "earnings": {"earningsDate": ["2020-08-19 05:30:S"]}}, "upgradeDowngradeHistory": {"history": [], "maxAge": 86400}, "price": {"maxAge": 1, "regularMarketChangePercent": 0.015140111, "regularMarketChange": 6.049988, "regularMarketTime": "2021-04-30 15:29:49", "priceHint": 2, "regularMarketPrice": 405.65, "regularMarketDayHigh": 413.05, "regularMarketDayLow": 398.8, "regularMarketVolume": 31580, "averageDailyVolume10Day": 10307, "averageDailyVolume3Month": 14640, "regularMarketPreviousClose": 399.6, "regularMarketSource": "FREE_REALTIME", "regularMarketOpen": 401.0, "exchange": "BSE", "exchangeName": "BSE", "exchangeDataDelayedBy": 0, "marketState": "CLOSED", "quoteType": "EQUITY", "symbol": "UFLEX.BO", "underlyingSymbol": null, "shortName": "UFLEX LTD.", "longName": "Uflex Limited", "currency": "INR", "quoteSourceName": "Delayed Quote", "currencySymbol": "\u20b9", "fromCurrency": null, "lastMarket": null, "marketCap": 29292595200}, "balanceSheetHistory": {"balanceSheetStatements": [{"maxAge": 1, "endDate": "2020-03-31", "cash": 3310627000, "netReceivables": 19813480000, "inventory": 8549457000, "otherCurrentAssets": 5064526000, "totalCurrentAssets": 36738090000, "longTermInvestments": 1888608000, "propertyPlantEquipment": 57593656000, "intangibleAssets": 423674000, "otherAssets": 3421262000, "totalAssets": 100065290000, "accountsPayable": 10524767000, "shortLongTermDebt": 2190203000, "otherCurrentLiab": 3074552000, "longTermDebt": 24511401000, "otherLiab": 2345381000, "totalCurrentLiabilities": 25978798000, "totalLiab": 53094208000, "commonStock": 722115000, "retainedEarnings": 36581446000, "treasuryStock": 3956458000, "capitalSurplus": 5711063000, "otherStockholderEquity": 3956458000, "totalStockholderEquity": 46971082000, "netTangibleAssets": 46547408000}, {"maxAge": 1, "endDate": "2019-03-31", "cash": 2125202000, "shortTermInvestments": 786600000, "netReceivables": 20518910000, "inventory": 8435404000, "otherCurrentAssets": 4465081000, "totalCurrentAssets": 35544597000, "longTermInvestments": 416488000, "propertyPlantEquipment": 39503274000, "goodWill": 20000, "intangibleAssets": 549079000, "otherAssets": 3582880000, "totalAssets": 79596338000, "accountsPayable": 10563006000, "shortLongTermDebt": 3528702000, "otherCurrentLiab": 1926914000, "longTermDebt": 8763668000, "otherLiab": 2149492000, "totalCurrentLiabilities": 25639841000, "totalLiab": 36553001000, "commonStock": 722115000, "retainedEarnings": 33031570000, "treasuryStock": 3578589000, "capitalSurplus": 5711063000, "otherStockholderEquity": 3578589000, "totalStockholderEquity": 43043337000, "netTangibleAssets": 42494238000}, {"maxAge": 1, "endDate": "2018-03-31", "cash": 2232471000, "netReceivables": 19527827000, "inventory": 7968427000, "otherCurrentAssets": 5139194000, "totalCurrentAssets": 34867919000, "longTermInvestments": 434386000, "propertyPlantEquipment": 38916958000, "goodWill": 20000, "intangibleAssets": 539983000, "otherAssets": 2122765000, "totalAssets": 76882031000, "accountsPayable": 11964150000, "shortLongTermDebt": 3257676000, "otherCurrentLiab": 1941112000, "longTermDebt": 10549489000, "otherLiab": 1579578000, "totalCurrentLiabilities": 24956809000, "totalLiab": 37085876000, "commonStock": 722115000, "retainedEarnings": 29953714000, "treasuryStock": 3409263000, "capitalSurplus": 5711063000, "otherStockholderEquity": 3409263000, "totalStockholderEquity": 39796155000, "netTangibleAssets": 39256152000}, {"maxAge": 1, "endDate": "2017-03-31", "cash": 2309298000, "netReceivables": 16799731000, "inventory": 6786168000, "otherCurrentAssets": 4131361000, "totalCurrentAssets": 30026558000, "longTermInvestments": 431852000, "propertyPlantEquipment": 38088135000, "goodWill": 2030000, "intangibleAssets": 493626000, "otherAssets": 2442131000, "totalAssets": 71484332000, "accountsPayable": 9572988000, "shortLongTermDebt": 3207010000, "otherCurrentLiab": 2208912000, "longTermDebt": 10297740000, "otherLiab": 1537834000, "totalCurrentLiabilities": 23208057000, "totalLiab": 35043631000, "commonStock": 722115000, "retainedEarnings": 27148519000, "treasuryStock": 2859004000, "capitalSurplus": 5711063000, "otherStockholderEquity": 2859004000, "totalStockholderEquity": 36440701000, "netTangibleAssets": 35945045000}], "maxAge": 86400}, "earningsTrend": {"trend": [{"maxAge": 1, "period": "0q", "endDate": "2018-12-31", "growth": {}, "earningsEstimate": {"avg": 0.0, "low": 0.0, "high": 0.0, "yearAgoEps": 12.89, "numberOfAnalysts": 0, "growth": {}}, "revenueEstimate": {"avg": 0, "low": 0, "high": 0, "numberOfAnalysts": 0, "yearAgoRevenue": {}, "growth": {}}, "epsTrend": {"current": 0.0, "7daysAgo": 0.0, "30daysAgo": 0.0, "60daysAgo": 0.0, "90daysAgo": 0.0}, "epsRevisions": {"upLast7days": 0, "upLast30days": 0, "downLast30days": 0, "downLast90days": {}}}, {"maxAge": 1, "period": "+1q", "endDate": "2019-03-31", "growth": {}, "earningsEstimate": {"avg": 0.0, "low": 0.0, "high": 0.0, "yearAgoEps": 13.06, "numberOfAnalysts": 0, "growth": {}}, "revenueEstimate": {"avg": 0, "low": 0, "high": 0, "numberOfAnalysts": 0, "yearAgoRevenue": {}, "growth": {}}, "epsTrend": {"current": 0.0, "7daysAgo": 0.0, "30daysAgo": 0.0, "60daysAgo": 0.0, "90daysAgo": 0.0}, "epsRevisions": {"upLast7days": 0, "upLast30days": 0, "downLast30days": 0, "downLast90days": {}}}, {"maxAge": 1, "period": "0y", "endDate": "2019-03-31", "growth": {}, "earningsEstimate": {"avg": 0.0, "low": 0.0, "high": 0.0, "yearAgoEps": {}, "numberOfAnalysts": 0, "growth": {}}, "revenueEstimate": {"avg": 73723600000, "low": 73723600000, "high": 73723600000, "numberOfAnalysts": 1, "yearAgoRevenue": 68085300000, "growth": 0.083000004}, "epsTrend": {"current": 0.0, "7daysAgo": 46.98, "30daysAgo": 46.98, "60daysAgo": 46.98, "90daysAgo": 46.98}, "epsRevisions": {"upLast7days": 0, "upLast30days": 0, "downLast30days": 0, "downLast90days": {}}}, {"maxAge": 1, "period": "+1y", "endDate": "2020-03-31", "growth": {}, "earningsEstimate": {"avg": 0.0, "low": 0.0, "high": 0.0, "yearAgoEps": {}, "numberOfAnalysts": 0, "growth": {}}, "revenueEstimate": {"avg": 78884300000, "low": 78884300000, "high": 78884300000, "numberOfAnalysts": 1, "yearAgoRevenue": 73723600000, "growth": 0.07}, "epsTrend": {"current": 0.0, "7daysAgo": 51.69, "30daysAgo": 51.69, "60daysAgo": 51.69, "90daysAgo": 51.69}, "epsRevisions": {"upLast7days": 0, "upLast30days": 0, "downLast30days": 0, "downLast90days": {}}}, {"maxAge": 1, "period": "+5y", "endDate": null, "growth": {}, "earningsEstimate": {"avg": {}, "low": {}, "high": {}, "yearAgoEps": {}, "numberOfAnalysts": {}, "growth": {}}, "revenueEstimate": {"avg": {}, "low": {}, "high": {}, "numberOfAnalysts": {}, "yearAgoRevenue": {}, "growth": {}}, "epsTrend": {"current": {}, "7daysAgo": {}, "30daysAgo": {}, "60daysAgo": {}, "90daysAgo": {}}, "epsRevisions": {"upLast7days": {}, "upLast30days": {}, "downLast30days": {}, "downLast90days": {}}}, {"maxAge": 1, "period": "-5y", "endDate": null, "growth": {}, "earningsEstimate": {"avg": {}, "low": {}, "high": {}, "yearAgoEps": {}, "numberOfAnalysts": {}, "growth": {}}, "revenueEstimate": {"avg": {}, "low": {}, "high": {}, "numberOfAnalysts": {}, "yearAgoRevenue": {}, "growth": {}}, "epsTrend": {"current": {}, "7daysAgo": {}, "30daysAgo": {}, "60daysAgo": {}, "90daysAgo": {}}, "epsRevisions": {"upLast7days": {}, "upLast30days": {}, "downLast30days": {}, "downLast90days": {}}}], "maxAge": 1}, "financialData": {"maxAge": 86400, "currentPrice": 405.65, "targetHighPrice": 538.0, "targetLowPrice": 538.0, "targetMeanPrice": 538.0, "targetMedianPrice": 538.0, "recommendationKey": "none", "numberOfAnalystOpinions": 1, "grossProfits": 30916104000, "financialCurrency": "INR"}}}