{"UGARSUGAR.NS": {"assetProfile": {"address1": "Ugar Khurd District", "city": "Belgaum", "zip": "591316", "country": "India", "phone": "91 83 3927 4000", "fax": "91 83 3927 2232", "website": "http://web.ugarsugar.com", "industry": "Confectioners", "sector": "Consumer Defensive", "longBusinessSummary": "The Ugar Sugar Works Limited manufactures and sells sugar, and industrial and potable alcohol primarily in India. The company offers white crystal sugar and its byproducts, including bagasse, filter cake, and final molasses. It also provides various distillery products, such as Indian made liquor products under the Old Castle Premium Whisky, U.S. Whisky, U.S. Brandy, U.S. Gin, Ugar XXX Rum, Gokak Falls Whisky, Milan Whisky, Hawk Gin, and Gagarin Vodka brands; ethanol; rectified spirit; malt spirit; and extra neutral alcohol. In addition, the company offers distillery byproducts comprising fermentation sludge, which is used in poultry feeds; fusel oil that is used in amyl alcohols/perfumes; and carbon dioxide for industrial purpose, as well as low grade potash, which is used in crops primarily sugarcane crop. Further, it operates a 44 megawatt bagasse based cogeneration power plant and distributes electricity; and provides confectionery products. The company also exports its products. The Ugar Sugar Works Limited was founded in 1939 and is based in Belgaum, India.", "fullTimeEmployees": 1040, "companyOfficers": [{"maxAge": 1, "name": "Mr. Niraj Shishir Shirgaokar B.E.", "age": 48, "title": "MD & Director", "yearBorn": 1972, "fiscalYear": 2020, "totalPay": 13520000, "exercisedValue": 0, "unexercisedValue": 0}, {"maxAge": 1, "name": "Mr. Chandan Sanjeev Shirgaokar", "age": 43, "title": "MD & Director", "yearBorn": 1977, "fiscalYear": 2020, "totalPay": 24635000, "exercisedValue": 0, "unexercisedValue": 0}, {"maxAge": 1, "name": "Mr. Tushar V. Deshpande", "title": "Company Sec. & Compliance Officer", "exercisedValue": 0, "unexercisedValue": 0}], "compensationAsOfEpochDate": "2020-12-31 05:30:00", "maxAge": 86400}, "cashflowStatementHistory": {"cashflowStatements": [{"maxAge": 1, "endDate": "2020-03-31", "netIncome": 137654000, "depreciation": 136692000, "changeToNetincome": 472694000, "changeToAccountReceivables": -252037000, "changeToLiabilities": -730109000, "changeToInventory": 694087000, "totalCashFromOperatingActivities": 459744000, "capitalExpenditures": -13433000, "investments": 268000, "otherCashflowsFromInvestingActivities": 1008000, "totalCashflowsFromInvestingActivities": -12157000, "netBorrowings": 61359000, "otherCashflowsFromFinancingActivities": -430275000, "totalCashFromFinancingActivities": -368916000, "changeInCash": 79378000}, {"maxAge": 1, "endDate": "2019-03-31", "netIncome": 43454000, "depreciation": 154158000, "changeToNetincome": 374524000, "changeToAccountReceivables": 133042000, "changeToLiabilities": -496116000, "changeToInventory": -670298000, "totalCashFromOperatingActivities": -460855000, "capitalExpenditures": -29303000, "investments": 2952000, "otherCashflowsFromInvestingActivities": 1058000, "totalCashflowsFromInvestingActivities": -25293000, "netBorrowings": 677352000, "otherCashflowsFromFinancingActivities": -384961000, "totalCashFromFinancingActivities": 292391000, "changeInCash": -193755000}, {"maxAge": 1, "endDate": "2018-03-31", "netIncome": -681908000, "depreciation": 194470000, "changeToNetincome": 305349000, "changeToAccountReceivables": -521581000, "changeToLiabilities": 2953651000, "changeToInventory": -1881000000, "totalCashFromOperatingActivities": 369302000, "capitalExpenditures": -149739000, "investments": 14437000, "otherCashflowsFromInvestingActivities": 728000, "totalCashflowsFromInvestingActivities": -133849000, "dividendsPaid": -22500000, "netBorrowings": 164689000, "otherCashflowsFromFinancingActivities": -295002000, "totalCashFromFinancingActivities": -152813000, "changeInCash": 82640000}, {"maxAge": 1, "endDate": "2017-03-31", "netIncome": 259719000, "depreciation": 146766000, "changeToNetincome": 205899000, "changeToAccountReceivables": 1453344000, "changeToLiabilities": -2366261000, "changeToInventory": 174332000, "totalCashFromOperatingActivities": -126129000, "capitalExpenditures": -207484000, "investments": -222000, "otherCashflowsFromInvestingActivities": 7609000, "totalCashflowsFromInvestingActivities": -199247000, "dividendsPaid": -28125000, "netBorrowings": 779084000, "otherCashflowsFromFinancingActivities": -315461000, "totalCashFromFinancingActivities": 435498000, "changeInCash": 110122000}], "maxAge": 86400}, "institutionOwnership": {"ownershipList": [], "maxAge": 1}, "majorHoldersBreakdown": {"maxAge": 1, "insidersPercentHeld": 0.48691002, "institutionsPercentHeld": 0.0, "institutionsFloatPercentHeld": 0.0, "institutionsCount": 0}, "balanceSheetHistoryQuarterly": {"balanceSheetStatements": [{"maxAge": 1, "endDate": "2020-12-31"}, {"maxAge": 1, "endDate": "2020-09-30", "cash": 136137000, "netReceivables": 432058000, "inventory": 2435791000, "otherCurrentAssets": 1132732000, "totalCurrentAssets": 4136718000, "longTermInvestments": 37173000, "propertyPlantEquipment": 1323795000, "intangibleAssets": 335000, "otherAssets": 42627000, "totalAssets": 5540648000, "accountsPayable": 157870000, "shortLongTermDebt": 1245755000, "otherCurrentLiab": 138195000, "longTermDebt": 589348000, "otherLiab": 130794000, "totalCurrentLiabilities": 4449331000, "totalLiab": 5169473000, "commonStock": 112500000, "treasuryStock": 258675000, "otherStockholderEquity": 258675000, "totalStockholderEquity": 371175000, "netTangibleAssets": 370840000}, {"maxAge": 1, "endDate": "2020-06-30", "totalStockholderEquity": 648555000, "netTangibleAssets": 648028000}, {"maxAge": 1, "endDate": "2020-03-31", "cash": 113914000, "netReceivables": 632236000, "inventory": 5887722000, "otherCurrentAssets": 203889000, "totalCurrentAssets": 6846650000, "longTermInvestments": 36967000, "propertyPlantEquipment": 1381192000, "intangibleAssets": 527000, "otherAssets": 43779000, "totalAssets": 8309115000, "accountsPayable": 1711323000, "shortLongTermDebt": 167575000, "otherCurrentLiab": 96291000, "longTermDebt": 484825000, "otherLiab": 144121000, "totalCurrentLiabilities": 7031614000, "totalLiab": 7660560000, "commonStock": 112500000, "retainedEarnings": 364362000, "treasuryStock": 14193000, "capitalSurplus": 157500000, "otherStockholderEquity": 14193000, "totalStockholderEquity": 648555000, "netTangibleAssets": 648028000}], "maxAge": 86400}, "indexTrend": {"maxAge": 1, "symbol": "SP5", "peRatio": 19.7411, "pegRatio": 1.34172, "estimates": [{"period": "0q", "growth": 0.549}, {"period": "+1q", "growth": 0.431}, {"period": "0y", "growth": 0.305}, {"period": "+1y", "growth": 0.109}, {"period": "+5y", "growth": 0.120865}, {"period": "-5y"}]}, "defaultKeyStatistics": {"maxAge": 1, "priceHint": 2, "enterpriseValue": 2454090240, "profitMargins": 0.05452, "floatShares": 53252632, "sharesOutstanding": 112500000, "heldPercentInsiders": 0.48691002, "heldPercentInstitutions": 0.0, "category": null, "bookValue": 5.765, "priceToBook": 4.137034, "fundFamily": null, "legalType": null, "lastFiscalYearEnd": "2020-03-31 05:30:00", "nextFiscalYearEnd": "2022-03-31 05:30:00", "mostRecentQuarter": "2020-12-31 05:30:00", "earningsQuarterlyGrowth": 0.29, "netIncomeToCommon": 466070016, "trailingEps": 4.163, "lastSplitFactor": "8:5", "lastSplitDate": "2005-06-29 05:30:00", "enterpriseToRevenue": 0.287, "enterpriseToEbitda": 2.462}, "summaryProfile": {"address1": "Ugar Khurd District", "city": "Belgaum", "zip": "591316", "country": "India", "phone": "91 83 3927 4000", "fax": "91 83 3927 2232", "website": "http://web.ugarsugar.com", "industry": "Confectioners", "sector": "Consumer Defensive", "longBusinessSummary": "The Ugar Sugar Works Limited manufactures and sells sugar, and industrial and potable alcohol primarily in India. The company offers white crystal sugar and its byproducts, including bagasse, filter cake, and final molasses. It also provides various distillery products, such as Indian made liquor products under the Old Castle Premium Whisky, U.S. Whisky, U.S. Brandy, U.S. Gin, Ugar XXX Rum, Gokak Falls Whisky, Milan Whisky, Hawk Gin, and Gagarin Vodka brands; ethanol; rectified spirit; malt spirit; and extra neutral alcohol. In addition, the company offers distillery byproducts comprising fermentation sludge, which is used in poultry feeds; fusel oil that is used in amyl alcohols/perfumes; and carbon dioxide for industrial purpose, as well as low grade potash, which is used in crops primarily sugarcane crop. Further, it operates a 44 megawatt bagasse based cogeneration power plant and distributes electricity; and provides confectionery products. The company also exports its products. The Ugar Sugar Works Limited was founded in 1939 and is based in Belgaum, India.", "fullTimeEmployees": 1040, "companyOfficers": [], "maxAge": 86400}, "netSharePurchaseActivity": {"maxAge": 1, "period": "6m", "buyInfoCount": 0, "buyInfoShares": 0, "sellInfoCount": 0, "netInfoCount": 0, "netInfoShares": 0, "netPercentInsiderShares": 0.0, "totalInsiderShares": 54812892}, "insiderTransactions": {"transactions": [{"maxAge": 1, "shares": 111474, "filerUrl": "", "transactionText": "Acquisition at price 0.00 per share.", "filerName": "Shirgaokar (Chandan Sanjeev)", "filerRelation": "Promoter", "moneyText": "", "startDate": "2021-03-31", "ownership": "D"}, {"maxAge": 1, "shares": 29600, "filerUrl": "", "transactionText": "Acquisition at price 0.00 per share.", "filerName": "Shirgaokar (Sohan Sanjeev)", "filerRelation": "Promoter", "moneyText": "", "startDate": "2021-03-31", "ownership": "D"}, {"maxAge": 1, "shares": 85000, "filerUrl": "", "transactionText": "Acquisition at price 0.00 per share.", "filerName": "Shirgaokar (Sohan Sanjeev)", "filerRelation": "Director", "moneyText": "", "startDate": "2021-03-30", "ownership": "D"}, {"maxAge": 1, "shares": 1000, "filerUrl": "", "transactionText": "", "filerName": "Shirgaokar (Jeevan vasantrao)", "filerRelation": "Promoter", "moneyText": "", "startDate": "2020-12-15", "ownership": "D"}, {"maxAge": 1, "shares": 1000, "filerUrl": "", "transactionText": "", "filerName": "Shirgaokar (Harshada A)", "filerRelation": "Promoter", "moneyText": "", "startDate": "2020-12-14", "ownership": "D"}, {"maxAge": 1, "shares": 1000, "filerUrl": "", "transactionText": "", "filerName": "Shirgaokar (Avinash V)", "filerRelation": "Promoter", "moneyText": "", "startDate": "2020-12-14", "ownership": "D"}, {"maxAge": 1, "shares": 1000, "filerUrl": "", "transactionText": "", "filerName": "Shirgaokar (Anuja J)", "filerRelation": "Promoter", "moneyText": "", "startDate": "2020-12-14", "ownership": "D"}, {"maxAge": 1, "shares": 93437, "filerUrl": "", "transactionText": "", "filerName": "Shirgaokar (Chandan Sanjeev)", "filerRelation": "Promoter", "moneyText": "", "startDate": "2019-12-31", "ownership": "D"}, {"maxAge": 1, "shares": 160000, "filerUrl": "", "transactionText": "", "filerName": "Shirgaokar (Sohan Sanjeev)", "filerRelation": "Director (Non-Executive)", "moneyText": "", "startDate": "2019-09-07", "ownership": "D"}, {"maxAge": 1, "shares": 18941052, "filerUrl": "", "transactionText": "", "filerName": "S B Reshellers Pvt Ltd", "filerRelation": "Promoter", "moneyText": "", "startDate": "2019-09-07", "ownership": "D"}, {"maxAge": 1, "shares": 800000, "filerUrl": "", "transactionText": "", "filerName": "S B Reshellers Pvt Ltd", "filerRelation": "Promoter", "moneyText": "", "startDate": "2011-11-23", "ownership": "D"}], "maxAge": 1}, "quoteType": {"exchange": "NSI", "quoteType": "EQUITY", "symbol": "UGARSUGAR.NS", "underlyingSymbol": "UGARSUGAR.NS", "shortName": "UGAR SUGAR WORKS", "longName": "The Ugar Sugar Works Limited", "firstTradeDateEpochUtc": "2010-08-23 09:15:00", "timeZoneFullName": "Asia/Kolkata", "timeZoneShortName": "IST", "uuid": "607005cb-24c4-3b9f-b50c-e36ddb32cb6a", "gmtOffSetMilliseconds": 19800000, "maxAge": 1}, "incomeStatementHistory": {"incomeStatementHistory": [{"maxAge": 1, "endDate": "2020-03-31", "totalRevenue": 8703843000, "costOfRevenue": 7079129000, "grossProfit": 1624714000, "researchDevelopment": {}, "sellingGeneralAdministrative": 705061000, "nonRecurring": {}, "otherOperatingExpenses": 217399000, "totalOperatingExpenses": 8139044000, "operatingIncome": 564799000, "totalOtherIncomeExpenseNet": -425745000, "ebit": 564799000, "interestExpense": -407457000, "incomeBeforeTax": 139054000, "incomeTaxExpense": 1400000, "minorityInterest": {}, "netIncomeFromContinuingOps": 137654000, "discontinuedOperations": {}, "extraordinaryItems": {}, "effectOfAccountingCharges": {}, "otherItems": {}, "netIncome": 137654000, "netIncomeApplicableToCommonShares": 137654000}, {"maxAge": 1, "endDate": "2019-03-31", "totalRevenue": 7502427000, "costOfRevenue": 6192970000, "grossProfit": 1309457000, "researchDevelopment": {}, "sellingGeneralAdministrative": 643398000, "nonRecurring": {}, "otherOperatingExpenses": 166448000, "totalOperatingExpenses": 7157355000, "operatingIncome": 345072000, "totalOtherIncomeExpenseNet": -290334000, "ebit": 345072000, "interestExpense": -367794000, "incomeBeforeTax": 54738000, "incomeTaxExpense": 11284000, "minorityInterest": {}, "netIncomeFromContinuingOps": 43454000, "discontinuedOperations": {}, "extraordinaryItems": {}, "effectOfAccountingCharges": {}, "otherItems": {}, "netIncome": 43454000, "netIncomeApplicableToCommonShares": 43454000}, {"maxAge": 1, "endDate": "2018-03-31", "totalRevenue": 6498837000, "costOfRevenue": 5891789000, "grossProfit": 607048000, "researchDevelopment": {}, "sellingGeneralAdministrative": 662303000, "nonRecurring": {}, "otherOperatingExpenses": 156460000, "totalOperatingExpenses": 6905344000, "operatingIncome": -406507000, "totalOtherIncomeExpenseNet": -256793000, "ebit": -406507000, "interestExpense": -275905000, "incomeBeforeTax": -663300000, "incomeTaxExpense": 18608000, "minorityInterest": {}, "netIncomeFromContinuingOps": -681908000, "discontinuedOperations": {}, "extraordinaryItems": {}, "effectOfAccountingCharges": {}, "otherItems": {}, "netIncome": -681908000, "netIncomeApplicableToCommonShares": -681908000}, {"maxAge": 1, "endDate": "2017-03-31", "totalRevenue": 5853650000, "costOfRevenue": 4390158000, "grossProfit": 1463492000, "researchDevelopment": {}, "sellingGeneralAdministrative": 653889000, "nonRecurring": {}, "otherOperatingExpenses": 133432000, "totalOperatingExpenses": 5324317000, "operatingIncome": 529333000, "totalOtherIncomeExpenseNet": -249752000, "ebit": 529333000, "interestExpense": -290156000, "incomeBeforeTax": 279581000, "incomeTaxExpense": 19862000, "minorityInterest": {}, "netIncomeFromContinuingOps": 259719000, "discontinuedOperations": {}, "extraordinaryItems": {}, "effectOfAccountingCharges": {}, "otherItems": {}, "netIncome": 259719000, "netIncomeApplicableToCommonShares": 259719000}], "maxAge": 86400}, "fundOwnership": {"ownershipList": [], "maxAge": 1}, "summaryDetail": {"maxAge": 1, "priceHint": 2, "previousClose": 21.8, "open": 22.3, "dayLow": 22.0, "dayHigh": 25.85, "regularMarketPreviousClose": 21.8, "regularMarketOpen": 22.3, "regularMarketDayLow": 22.0, "regularMarketDayHigh": 25.85, "dividendRate": 0.1, "dividendYield": 0.0046, "exDividendDate": "2020-09-10 05:30:00", "payoutRatio": 0.0242, "trailingPE": 5.7290416, "volume": 6521221, "regularMarketVolume": 6521221, "averageVolume": 249042, "averageVolume10days": 150505, "averageDailyVolume10Day": 150505, "bid": 0.0, "ask": 23.85, "bidSize": 0, "askSize": 0, "marketCap": 2683124992, "fiftyTwoWeekLow": 10.85, "fiftyTwoWeekHigh": 25.85, "priceToSalesTrailing12Months": 0.3138461, "fiftyDayAverage": 16.97353, "twoHundredDayAverage": 15.69539, "trailingAnnualDividendRate": 0.1, "trailingAnnualDividendYield": 0.004587156, "currency": "INR", "fromCurrency": null, "lastMarket": null, "algorithm": null, "tradeable": false}, "incomeStatementHistoryQuarterly": {"incomeStatementHistory": [{"maxAge": 1, "endDate": "2020-12-31", "totalRevenue": 2764629000, "costOfRevenue": 2025148000, "grossProfit": 739481000, "researchDevelopment": {}, "sellingGeneralAdministrative": 209583000, "nonRecurring": {}, "otherOperatingExpenses": 59961000, "totalOperatingExpenses": 2325795000, "operatingIncome": 438834000, "totalOtherIncomeExpenseNet": -96494000, "ebit": 438834000, "interestExpense": -96494000, "incomeBeforeTax": 342340000, "incomeTaxExpense": 13627000, "minorityInterest": {}, "netIncomeFromContinuingOps": 328713000, "discontinuedOperations": {}, "extraordinaryItems": {}, "effectOfAccountingCharges": {}, "otherItems": {}, "netIncome": 328713000, "netIncomeApplicableToCommonShares": 328713000}, {"maxAge": 1, "endDate": "2020-09-30", "totalRevenue": 1913492000, "costOfRevenue": 1751713000, "grossProfit": 161779000, "researchDevelopment": {}, "sellingGeneralAdministrative": 149874000, "nonRecurring": {}, "otherOperatingExpenses": 40151000, "totalOperatingExpenses": 1972613000, "operatingIncome": -59121000, "totalOtherIncomeExpenseNet": -85814000, "ebit": -59121000, "interestExpense": -92221000, "incomeBeforeTax": -144935000, "incomeTaxExpense": -6235000, "minorityInterest": {}, "netIncomeFromContinuingOps": -138700000, "discontinuedOperations": {}, "extraordinaryItems": {}, "effectOfAccountingCharges": {}, "otherItems": {}, "netIncome": -138700000, "netIncomeApplicableToCommonShares": -138700000}, {"maxAge": 1, "endDate": "2020-06-30", "totalRevenue": 2090302000, "costOfRevenue": 1942258000, "grossProfit": 148044000, "researchDevelopment": {}, "sellingGeneralAdministrative": 112829000, "nonRecurring": {}, "otherOperatingExpenses": 26809000, "totalOperatingExpenses": 2112560000, "operatingIncome": -22258000, "totalOtherIncomeExpenseNet": -109453000, "ebit": -22258000, "interestExpense": -112497000, "incomeBeforeTax": -131711000, "incomeTaxExpense": -8779000, "minorityInterest": {}, "netIncomeFromContinuingOps": -122932000, "discontinuedOperations": {}, "extraordinaryItems": {}, "effectOfAccountingCharges": {}, "otherItems": {}, "netIncome": -122932000, "netIncomeApplicableToCommonShares": -122932000}, {"maxAge": 1, "endDate": "2020-03-31", "totalRevenue": 2260443000, "costOfRevenue": 1453676000, "grossProfit": 806767000, "researchDevelopment": {}, "sellingGeneralAdministrative": 230849000, "nonRecurring": {}, "otherOperatingExpenses": 18820000, "totalOperatingExpenses": 1736521000, "operatingIncome": 523922000, "totalOtherIncomeExpenseNet": -117918000, "ebit": 523922000, "interestExpense": -81800000, "incomeBeforeTax": 406004000, "incomeTaxExpense": 7015000, "minorityInterest": {}, "netIncomeFromContinuingOps": 398989000, "discontinuedOperations": {}, "extraordinaryItems": {}, "effectOfAccountingCharges": {}, "otherItems": {}, "netIncome": 398989000, "netIncomeApplicableToCommonShares": 398989000}], "maxAge": 86400}, "cashflowStatementHistoryQuarterly": {"cashflowStatements": [{"maxAge": 1, "endDate": "2020-12-31", "netIncome": 328713000, "changeToLiabilities": 0}, {"maxAge": 1, "endDate": "2020-09-30", "netIncome": -138700000, "changeToLiabilities": 0}, {"maxAge": 1, "endDate": "2020-06-30", "netIncome": -122932000, "changeToLiabilities": 0}, {"maxAge": 1, "endDate": "2020-03-31", "netIncome": 398989000, "changeToLiabilities": 0}], "maxAge": 86400}, "insiderHolders": {"holders": [{"maxAge": 1, "name": "S B Reshellers Pvt Ltd", "relation": "Promoter", "url": "", "transactionDescription": "Other", "latestTransDate": "2019-09-07", "positionDirect": 19651514, "positionDirectDate": "2019-09-07"}, {"maxAge": 1, "name": "Shirgaokar (Anuja J)", "relation": "Promoter", "url": "", "transactionDescription": "Acquisition", "latestTransDate": "2020-12-14", "positionDirect": 35200, "positionDirectDate": "2020-12-14"}, {"maxAge": 1, "name": "Shirgaokar (Avinash V)", "relation": "Promoter", "url": "", "transactionDescription": "Acquisition", "latestTransDate": "2020-12-14", "positionDirect": 140840, "positionDirectDate": "2020-12-14"}, {"maxAge": 1, "name": "Shirgaokar (Chandan Sanjeev)", "relation": "Promoter", "url": "", "transactionDescription": "Acquisition", "latestTransDate": "2021-03-31", "positionDirect": 700015, "positionDirectDate": "2021-03-31"}, {"maxAge": 1, "name": "Shirgaokar (Harshada A)", "relation": "Promoter", "url": "", "transactionDescription": "Acquisition", "latestTransDate": "2020-12-14", "positionDirect": 1500, "positionDirectDate": "2020-12-14"}, {"maxAge": 1, "name": "Shirgaokar (Jeevan vasantrao)", "relation": "Promoter", "url": "", "transactionDescription": "Acquisition", "latestTransDate": "2020-12-15", "positionDirect": 85311, "positionDirectDate": "2020-12-15"}, {"maxAge": 1, "name": "Shirgaokar (Sohan Sanjeev)", "relation": "Promoter", "url": "", "transactionDescription": "Acquisition", "latestTransDate": "2021-03-31", "positionDirect": 259632, "positionDirectDate": "2021-03-31"}], "maxAge": 1}, "calendarEvents": {"maxAge": 1, "earnings": {"earningsDate": []}, "exDividendDate": "2020-09-10 05:30:00"}, "upgradeDowngradeHistory": {"history": [], "maxAge": 86400}, "price": {"maxAge": 1, "regularMarketChangePercent": 0.09403675, "regularMarketChange": 2.0500011, "regularMarketTime": "2021-04-30 15:29:56", "priceHint": 2, "regularMarketPrice": 23.85, "regularMarketDayHigh": 25.85, "regularMarketDayLow": 22.0, "regularMarketVolume": 6521221, "averageDailyVolume10Day": 150505, "averageDailyVolume3Month": 249042, "regularMarketPreviousClose": 21.8, "regularMarketSource": "FREE_REALTIME", "regularMarketOpen": 22.3, "exchange": "NSI", "exchangeName": "NSE", "exchangeDataDelayedBy": 15, "marketState": "CLOSED", "quoteType": "EQUITY", "symbol": "UGARSUGAR.NS", "underlyingSymbol": null, "shortName": "UGAR SUGAR WORKS", "longName": "The Ugar Sugar Works Limited", "currency": "INR", "quoteSourceName": "Delayed Quote", "currencySymbol": "\u20b9", "fromCurrency": null, "lastMarket": null, "marketCap": 2683124992}, "balanceSheetHistory": {"balanceSheetStatements": [{"maxAge": 1, "endDate": "2020-03-31", "cash": 113914000, "netReceivables": 632236000, "inventory": 5887722000, "otherCurrentAssets": 203889000, "totalCurrentAssets": 6846650000, "longTermInvestments": 36967000, "propertyPlantEquipment": 1381192000, "intangibleAssets": 527000, "otherAssets": 43779000, "totalAssets": 8309115000, "accountsPayable": 1711323000, "shortLongTermDebt": 167575000, "otherCurrentLiab": 96291000, "longTermDebt": 484825000, "otherLiab": 144121000, "totalCurrentLiabilities": 7031614000, "totalLiab": 7660560000, "commonStock": 112500000, "retainedEarnings": 364362000, "treasuryStock": 14193000, "capitalSurplus": 157500000, "otherStockholderEquity": 14193000, "totalStockholderEquity": 648555000, "netTangibleAssets": 648028000}, {"maxAge": 1, "endDate": "2019-03-31", "cash": 34536000, "netReceivables": 336523000, "inventory": 6578484000, "otherCurrentAssets": 259781000, "totalCurrentAssets": 7216997000, "longTermInvestments": 42103000, "propertyPlantEquipment": 1520036000, "intangibleAssets": 1814000, "otherAssets": 47988000, "totalAssets": 8828938000, "accountsPayable": 2030777000, "shortLongTermDebt": 105214000, "otherCurrentLiab": 105479000, "otherLiab": 205232000, "totalCurrentLiabilities": 8112379000, "totalLiab": 8317611000, "commonStock": 112500000, "retainedEarnings": 226758000, "treasuryStock": 14569000, "capitalSurplus": 157500000, "otherStockholderEquity": 14569000, "totalStockholderEquity": 511327000, "netTangibleAssets": 509513000}, {"maxAge": 1, "endDate": "2018-03-31", "cash": 228291000, "netReceivables": 457042000, "inventory": 5906201000, "otherCurrentAssets": 265456000, "totalCurrentAssets": 6865709000, "longTermInvestments": 44689000, "propertyPlantEquipment": 1641411000, "intangibleAssets": 1990000, "otherAssets": 48343000, "totalAssets": 8602142000, "accountsPayable": 2631119000, "shortLongTermDebt": 380478000, "otherCurrentLiab": 105961000, "longTermDebt": 105695000, "otherLiab": 218755000, "totalCurrentLiabilities": 7824354000, "totalLiab": 8148804000, "commonStock": 112500000, "retainedEarnings": 183304000, "treasuryStock": 34000, "capitalSurplus": 157500000, "otherStockholderEquity": 34000, "totalStockholderEquity": 453338000, "netTangibleAssets": 451348000}, {"maxAge": 1, "endDate": "2017-03-31", "cash": 145651000, "shortTermInvestments": 4235000, "netReceivables": 140355000, "inventory": 4020456000, "otherCurrentAssets": 54606000, "totalCurrentAssets": 4372881000, "longTermInvestments": 62789000, "propertyPlantEquipment": 1674127000, "intangibleAssets": 72000, "otherAssets": 63807000, "totalAssets": 6173676000, "accountsPayable": 83526000, "shortLongTermDebt": 392933000, "otherCurrentLiab": 53104000, "longTermDebt": 496891000, "otherLiab": 231313000, "totalCurrentLiabilities": 4308507000, "totalLiab": 5036711000, "commonStock": 112500000, "retainedEarnings": 892416000, "treasuryStock": -25451000, "capitalSurplus": 157500000, "otherStockholderEquity": -25451000, "totalStockholderEquity": 1136965000, "netTangibleAssets": 1136893000}], "maxAge": 86400}, "financialData": {"maxAge": 86400, "currentPrice": 23.85, "recommendationKey": "none", "ebitda": 996590528, "totalRevenue": 8549173760, "debtToEquity": 1234.322, "revenuePerShare": 76.422, "grossProfits": 1624714000, "earningsGrowth": 0.292, "revenueGrowth": 0.065, "grossMargins": 0.21613, "ebitdaMargins": 0.116569996, "operatingMargins": 0.102110006, "profitMargins": 0.05452, "financialCurrency": "INR"}}}