{"UGARSUGAR.BO": {"recommendationTrend": {"trend": [{"period": "0m", "strongBuy": 0, "buy": 0, "hold": 0, "sell": 0, "strongSell": 0}, {"period": "-1m", "strongBuy": 0, "buy": 0, "hold": 0, "sell": 0, "strongSell": 0}, {"period": "-2m", "strongBuy": 0, "buy": 0, "hold": 0, "sell": 0, "strongSell": 0}, {"period": "-3m", "strongBuy": 0, "buy": 0, "hold": 0, "sell": 0, "strongSell": 0}], "maxAge": 86400}, "cashflowStatementHistory": {"cashflowStatements": [{"maxAge": 1, "endDate": "2020-03-31", "netIncome": 137654000, "depreciation": 136692000, "changeToNetincome": 472694000, "changeToAccountReceivables": -252037000, "changeToLiabilities": -730109000, "changeToInventory": 694087000, "totalCashFromOperatingActivities": 459744000, "capitalExpenditures": -13433000, "investments": 268000, "otherCashflowsFromInvestingActivities": 1008000, "totalCashflowsFromInvestingActivities": -12157000, "netBorrowings": 61359000, "otherCashflowsFromFinancingActivities": -430275000, "totalCashFromFinancingActivities": -368916000, "changeInCash": 79378000}, {"maxAge": 1, "endDate": "2019-03-31", "netIncome": 43454000, "depreciation": 154158000, "changeToNetincome": 374524000, "changeToAccountReceivables": 133042000, "changeToLiabilities": -496116000, "changeToInventory": -670298000, "totalCashFromOperatingActivities": -460855000, "capitalExpenditures": -29303000, "investments": 2952000, "otherCashflowsFromInvestingActivities": 1058000, "totalCashflowsFromInvestingActivities": -25293000, "netBorrowings": 677352000, "otherCashflowsFromFinancingActivities": -384961000, "totalCashFromFinancingActivities": 292391000, "changeInCash": -193755000}, {"maxAge": 1, "endDate": "2018-03-31", "netIncome": -681908000, "depreciation": 194470000, "changeToNetincome": 305349000, "changeToAccountReceivables": -521581000, "changeToLiabilities": 2953651000, "changeToInventory": -1881000000, "totalCashFromOperatingActivities": 369302000, "capitalExpenditures": -149739000, "investments": 14437000, "otherCashflowsFromInvestingActivities": 728000, "totalCashflowsFromInvestingActivities": -133849000, "dividendsPaid": -22500000, "netBorrowings": 164689000, "otherCashflowsFromFinancingActivities": -295002000, "totalCashFromFinancingActivities": -152813000, "changeInCash": 82640000}, {"maxAge": 1, "endDate": "2017-03-31", "netIncome": 259719000, "depreciation": 146766000, "changeToNetincome": 205899000, "changeToAccountReceivables": 1453344000, "changeToLiabilities": -2366261000, "changeToInventory": 174332000, "totalCashFromOperatingActivities": -126129000, "capitalExpenditures": -207484000, "investments": -222000, "otherCashflowsFromInvestingActivities": 7609000, "totalCashflowsFromInvestingActivities": -199247000, "dividendsPaid": -28125000, "netBorrowings": 779084000, "otherCashflowsFromFinancingActivities": -315461000, "totalCashFromFinancingActivities": 435498000, "changeInCash": 110122000}], "maxAge": 86400}, "institutionOwnership": {"ownershipList": [], "maxAge": 1}, "balanceSheetHistoryQuarterly": {"balanceSheetStatements": [{"maxAge": 1, "endDate": "2020-06-30", "totalStockholderEquity": 648555000, "netTangibleAssets": 648028000}, {"maxAge": 1, "endDate": "2020-03-31", "cash": 113914000, "netReceivables": 632236000, "inventory": 5887722000, "otherCurrentAssets": 203889000, "totalCurrentAssets": 6846650000, "longTermInvestments": 36967000, "propertyPlantEquipment": 1381192000, "intangibleAssets": 527000, "otherAssets": 43779000, "totalAssets": 8309115000, "accountsPayable": 1711323000, "shortLongTermDebt": 167575000, "otherCurrentLiab": 96291000, "longTermDebt": 484825000, "otherLiab": 144121000, "totalCurrentLiabilities": 7031614000, "totalLiab": 7660560000, "commonStock": 112500000, "retainedEarnings": 364362000, "treasuryStock": 14193000, "capitalSurplus": 157500000, "otherStockholderEquity": 14193000, "totalStockholderEquity": 648555000, "netTangibleAssets": 648028000}, {"maxAge": 1, "endDate": "2019-12-31", "totalStockholderEquity": 3109000, "netTangibleAssets": 2201000}, {"maxAge": 1, "endDate": "2019-09-30", "cash": 82944000, "shortTermInvestments": 365000, "netReceivables": 452077000, "inventory": 3221784000, "otherCurrentAssets": 306489000, "totalCurrentAssets": 4063294000, "longTermInvestments": 37182000, "propertyPlantEquipment": 1456478000, "intangibleAssets": 908000, "otherAssets": 63443000, "totalAssets": 5621305000, "accountsPayable": 135038000, "shortLongTermDebt": 1375452000, "otherCurrentLiab": 116529000, "longTermDebt": 579768000, "otherLiab": 252998000, "totalCurrentLiabilities": 4785430000, "totalLiab": 5618196000, "commonStock": 112500000, "treasuryStock": -109391000, "otherStockholderEquity": -109391000, "totalStockholderEquity": 3109000, "netTangibleAssets": 2201000}], "maxAge": 86400}, "earningsHistory": {"history": [{"maxAge": 1, "epsActual": {}, "epsEstimate": {}, "epsDifference": {}, "surprisePercent": {}, "quarter": {}, "period": "-4q"}, {"maxAge": 1, "epsActual": {}, "epsEstimate": {}, "epsDifference": {}, "surprisePercent": {}, "quarter": {}, "period": "-3q"}, {"maxAge": 1, "epsActual": {}, "epsEstimate": {}, "epsDifference": {}, "surprisePercent": {}, "quarter": {}, "period": "-2q"}, {"maxAge": 1, "epsActual": {}, "epsEstimate": {}, "epsDifference": {}, "surprisePercent": {}, "quarter": {}, "period": "-1q"}], "maxAge": 86400}, "indexTrend": {"maxAge": 1, "symbol": "SP5", "peRatio": 19.7411, "pegRatio": 1.34172, "estimates": [{"period": "0q", "growth": 0.549}, {"period": "+1q", "growth": 0.431}, {"period": "0y", "growth": 0.305}, {"period": "+1y", "growth": 0.109}, {"period": "+5y", "growth": 0.120865}, {"period": "-5y"}]}, "industryTrend": {"maxAge": 1, "symbol": null, "estimates": []}, "insiderTransactions": {"transactions": [{"maxAge": 1, "shares": 93437, "filerUrl": "", "transactionText": "", "filerName": "Shirgaokar (Chandan Sanjeev)", "filerRelation": "Promoter", "moneyText": "", "startDate": "2019-12-31", "ownership": "D"}, {"maxAge": 1, "shares": 18941052, "filerUrl": "", "transactionText": "", "filerName": "S B Reshellers Pvt Ltd", "filerRelation": "Promoter", "moneyText": "", "startDate": "2019-09-07", "ownership": "D"}, {"maxAge": 1, "shares": 160000, "filerUrl": "", "transactionText": "", "filerName": "Shirgaokar (Sohan Sanjeev)", "filerRelation": "Director (Non-Executive)", "moneyText": "", "startDate": "2019-09-07", "ownership": "D"}, {"maxAge": 1, "shares": 800000, "filerUrl": "", "transactionText": "", "filerName": "S B Reshellers Pvt Ltd", "filerRelation": "Promoter", "moneyText": "", "startDate": "2011-11-23", "ownership": "D"}], "maxAge": 1}, "quoteType": {"exchange": "BSE", "quoteType": "EQUITY", "symbol": "UGARSUGAR.BO", "underlyingSymbol": "UGARSUGAR.BO", "shortName": "UGAR SUGAR WORKS LTD.", "longName": "The Ugar Sugar Works Limited", "firstTradeDateEpochUtc": "2002-02-06 09:15:00", "timeZoneFullName": "Asia/Kolkata", "timeZoneShortName": "IST", "uuid": "74102841-2ca9-3229-8cbd-338ef301c16c", "gmtOffSetMilliseconds": 19800000, "maxAge": 1}, "incomeStatementHistory": {"incomeStatementHistory": [{"maxAge": 1, "endDate": "2020-03-31", "totalRevenue": 8703843000, "costOfRevenue": 7079129000, "grossProfit": 1624714000, "researchDevelopment": {}, "sellingGeneralAdministrative": 705061000, "nonRecurring": {}, "otherOperatingExpenses": 217399000, "totalOperatingExpenses": 8139044000, "operatingIncome": 564799000, "totalOtherIncomeExpenseNet": -425745000, "ebit": 564799000, "interestExpense": -407457000, "incomeBeforeTax": 139054000, "incomeTaxExpense": 1400000, "minorityInterest": {}, "netIncomeFromContinuingOps": 137654000, "discontinuedOperations": {}, "extraordinaryItems": {}, "effectOfAccountingCharges": {}, "otherItems": {}, "netIncome": 137654000, "netIncomeApplicableToCommonShares": 137654000}, {"maxAge": 1, "endDate": "2019-03-31", "totalRevenue": 7502427000, "costOfRevenue": 6192970000, "grossProfit": 1309457000, "researchDevelopment": {}, "sellingGeneralAdministrative": 643398000, "nonRecurring": {}, "otherOperatingExpenses": 166448000, "totalOperatingExpenses": 7157355000, "operatingIncome": 345072000, "totalOtherIncomeExpenseNet": -290334000, "ebit": 345072000, "interestExpense": -367794000, "incomeBeforeTax": 54738000, "incomeTaxExpense": 11284000, "minorityInterest": {}, "netIncomeFromContinuingOps": 43454000, "discontinuedOperations": {}, "extraordinaryItems": {}, "effectOfAccountingCharges": {}, "otherItems": {}, "netIncome": 43454000, "netIncomeApplicableToCommonShares": 43454000}, {"maxAge": 1, "endDate": "2018-03-31", "totalRevenue": 6498837000, "costOfRevenue": 5891789000, "grossProfit": 607048000, "researchDevelopment": {}, "sellingGeneralAdministrative": 662303000, "nonRecurring": {}, "otherOperatingExpenses": 156460000, "totalOperatingExpenses": 6905344000, "operatingIncome": -406507000, "totalOtherIncomeExpenseNet": -256793000, "ebit": -406507000, "interestExpense": -275905000, "incomeBeforeTax": -663300000, "incomeTaxExpense": 18608000, "minorityInterest": {}, "netIncomeFromContinuingOps": -681908000, "discontinuedOperations": {}, "extraordinaryItems": {}, "effectOfAccountingCharges": {}, "otherItems": {}, "netIncome": -681908000, "netIncomeApplicableToCommonShares": -681908000}, {"maxAge": 1, "endDate": "2017-03-31", "totalRevenue": 5853650000, "costOfRevenue": 4390158000, "grossProfit": 1463492000, "researchDevelopment": {}, "sellingGeneralAdministrative": 653889000, "nonRecurring": {}, "otherOperatingExpenses": 133432000, "totalOperatingExpenses": 5324317000, "operatingIncome": 529333000, "totalOtherIncomeExpenseNet": -249752000, "ebit": 529333000, "interestExpense": -290156000, "incomeBeforeTax": 279581000, "incomeTaxExpense": 19862000, "minorityInterest": {}, "netIncomeFromContinuingOps": 259719000, "discontinuedOperations": {}, "extraordinaryItems": {}, "effectOfAccountingCharges": {}, "otherItems": {}, "netIncome": 259719000, "netIncomeApplicableToCommonShares": 259719000}], "maxAge": 86400}, "fundOwnership": {"ownershipList": [], "maxAge": 1}, "summaryDetail": {"maxAge": 1, "priceHint": 2, "previousClose": 21.95, "open": 22.4, "dayLow": 22.1, "dayHigh": 25.9, "regularMarketPreviousClose": 21.95, "regularMarketOpen": 22.4, "regularMarketDayLow": 22.1, "regularMarketDayHigh": 25.9, "trailingPE": 7.1130333, "volume": 916163, "regularMarketVolume": 916163, "averageVolume": 61296, "averageVolume10days": 14339, "averageDailyVolume10Day": 14339, "bid": 23.85, "ask": 0.0, "bidSize": 0, "askSize": 0, "marketCap": 2683124992, "fiftyTwoWeekLow": 7.23, "fiftyTwoWeekHigh": 25.9, "fiftyDayAverage": 16.92788, "twoHundredDayAverage": 15.0175, "trailingAnnualDividendRate": 0.1, "trailingAnnualDividendYield": 0.0045558084, "currency": "INR", "fromCurrency": null, "lastMarket": null, "algorithm": null, "tradeable": false}, "sectorTrend": {"maxAge": 1, "symbol": null, "estimates": []}, "incomeStatementHistoryQuarterly": {"incomeStatementHistory": [{"maxAge": 1, "endDate": "2020-06-30", "totalRevenue": 2090302000, "costOfRevenue": 1942258000, "grossProfit": 148044000, "researchDevelopment": {}, "sellingGeneralAdministrative": 112829000, "nonRecurring": {}, "otherOperatingExpenses": 26809000, "totalOperatingExpenses": 2112560000, "operatingIncome": -22258000, "totalOtherIncomeExpenseNet": -109453000, "ebit": -22258000, "interestExpense": -112497000, "incomeBeforeTax": -131711000, "incomeTaxExpense": -8779000, "minorityInterest": {}, "netIncomeFromContinuingOps": -122932000, "discontinuedOperations": {}, "extraordinaryItems": {}, "effectOfAccountingCharges": {}, "otherItems": {}, "netIncome": -122932000, "netIncomeApplicableToCommonShares": -122932000}, {"maxAge": 1, "endDate": "2020-03-31", "totalRevenue": 2260443000, "costOfRevenue": 1453676000, "grossProfit": 806767000, "researchDevelopment": {}, "sellingGeneralAdministrative": 230849000, "nonRecurring": {}, "otherOperatingExpenses": 18820000, "totalOperatingExpenses": 1736521000, "operatingIncome": 523922000, "totalOtherIncomeExpenseNet": -117918000, "ebit": 523922000, "interestExpense": -81800000, "incomeBeforeTax": 406004000, "incomeTaxExpense": 7015000, "minorityInterest": {}, "netIncomeFromContinuingOps": 398989000, "discontinuedOperations": {}, "extraordinaryItems": {}, "effectOfAccountingCharges": {}, "otherItems": {}, "netIncome": 398989000, "netIncomeApplicableToCommonShares": 398989000}, {"maxAge": 1, "endDate": "2019-12-31", "totalRevenue": 2596542000, "costOfRevenue": 1998827000, "grossProfit": 597715000, "researchDevelopment": {}, "sellingGeneralAdministrative": 187390000, "nonRecurring": {}, "otherOperatingExpenses": 53234000, "totalOperatingExpenses": 2274459000, "operatingIncome": 322083000, "totalOtherIncomeExpenseNet": -55367000, "ebit": 322083000, "interestExpense": -64845000, "incomeBeforeTax": 266716000, "incomeTaxExpense": 11907000, "minorityInterest": {}, "netIncomeFromContinuingOps": 254809000, "discontinuedOperations": {}, "extraordinaryItems": {}, "effectOfAccountingCharges": {}, "otherItems": {}, "netIncome": 254809000, "netIncomeApplicableToCommonShares": 254809000}, {"maxAge": 1, "endDate": "2019-09-30", "totalRevenue": 1658513000, "costOfRevenue": 1442604000, "grossProfit": 215909000, "researchDevelopment": {}, "sellingGeneralAdministrative": 139486000, "nonRecurring": {}, "otherOperatingExpenses": 44384000, "totalOperatingExpenses": 1661119000, "operatingIncome": -2606000, "totalOtherIncomeExpenseNet": -143050000, "ebit": -2606000, "interestExpense": -146926000, "incomeBeforeTax": -145656000, "incomeTaxExpense": 6746000, "minorityInterest": {}, "netIncomeFromContinuingOps": -152402000, "discontinuedOperations": {}, "extraordinaryItems": {}, "effectOfAccountingCharges": {}, "otherItems": {}, "netIncome": -152402000, "netIncomeApplicableToCommonShares": -152402000}], "maxAge": 86400}, "cashflowStatementHistoryQuarterly": {"cashflowStatements": [{"maxAge": 1, "endDate": "2020-06-30", "netIncome": -122932000, "changeToLiabilities": 0}, {"maxAge": 1, "endDate": "2020-03-31", "netIncome": 398989000, "changeToLiabilities": 0}, {"maxAge": 1, "endDate": "2019-12-31", "netIncome": 254809000, "changeToLiabilities": 0}, {"maxAge": 1, "endDate": "2019-09-30", "netIncome": -152402000, "changeToLiabilities": 0}], "maxAge": 86400}, "insiderHolders": {"holders": [{"maxAge": 1, "name": "S B Reshellers Pvt Ltd", "relation": "Promoter", "url": "", "transactionDescription": "Other", "latestTransDate": "2019-09-07", "positionDirect": 19651514, "positionDirectDate": "2019-09-07"}, {"maxAge": 1, "name": "Shirgaokar (Chandan Sanjeev)", "relation": "Promoter", "url": "", "transactionDescription": "Acquisition", "latestTransDate": "2019-12-31", "positionDirect": 588541, "positionDirectDate": "2019-12-31"}, {"maxAge": 1, "name": "Shirgaokar (Sohan Sanjeev)", "relation": "Director (Non-Executive)", "url": "", "transactionDescription": "Other", "latestTransDate": "2019-09-07", "positionDirect": 145032, "positionDirectDate": "2019-09-07"}], "maxAge": 1}, "earnings": {"maxAge": 86400, "earningsChart": {"quarterly": [], "earningsDate": []}, "financialsChart": {"yearly": [{"date": 2017, "revenue": 5853650000, "earnings": 259719000}, {"date": 2018, "revenue": 6498837000, "earnings": -681908000}, {"date": 2019, "revenue": 7502427000, "earnings": 43454000}, {"date": 2020, "revenue": 8703843000, "earnings": 137654000}], "quarterly": [{"date": "3Q2019", "revenue": 1658513000, "earnings": -152402000}, {"date": "4Q2019", "revenue": 2596542000, "earnings": 254809000}, {"date": "1Q2020", "revenue": 2260443000, "earnings": 398989000}, {"date": "2Q2020", "revenue": 2090302000, "earnings": -122932000}]}, "financialCurrency": "INR"}, "calendarEvents": {"maxAge": 1, "earnings": {"earningsDate": []}}, "upgradeDowngradeHistory": {"history": [], "maxAge": 86400}, "price": {"maxAge": 1, "regularMarketChangePercent": 0.086560346, "regularMarketChange": 1.8999996, "regularMarketTime": "2021-04-30 15:41:51", "priceHint": 2, "regularMarketPrice": 23.85, "regularMarketDayHigh": 25.9, "regularMarketDayLow": 22.1, "regularMarketVolume": 916163, "averageDailyVolume10Day": 14339, "averageDailyVolume3Month": 61296, "regularMarketPreviousClose": 21.95, "regularMarketSource": "FREE_REALTIME", "regularMarketOpen": 22.4, "exchange": "BSE", "exchangeName": "BSE", "exchangeDataDelayedBy": 0, "marketState": "CLOSED", "quoteType": "EQUITY", "symbol": "UGARSUGAR.BO", "underlyingSymbol": null, "shortName": "UGAR SUGAR WORKS LTD.", "longName": "The Ugar Sugar Works Limited", "currency": "INR", "quoteSourceName": "Delayed Quote", "currencySymbol": "\u20b9", "fromCurrency": null, "lastMarket": null, "marketCap": 2683124992}, "balanceSheetHistory": {"balanceSheetStatements": [{"maxAge": 1, "endDate": "2020-03-31", "cash": 113914000, "netReceivables": 632236000, "inventory": 5887722000, "otherCurrentAssets": 203889000, "totalCurrentAssets": 6846650000, "longTermInvestments": 36967000, "propertyPlantEquipment": 1381192000, "intangibleAssets": 527000, "otherAssets": 43779000, "totalAssets": 8309115000, "accountsPayable": 1711323000, "shortLongTermDebt": 167575000, "otherCurrentLiab": 96291000, "longTermDebt": 484825000, "otherLiab": 144121000, "totalCurrentLiabilities": 7031614000, "totalLiab": 7660560000, "commonStock": 112500000, "retainedEarnings": 364362000, "treasuryStock": 14193000, "capitalSurplus": 157500000, "otherStockholderEquity": 14193000, "totalStockholderEquity": 648555000, "netTangibleAssets": 648028000}, {"maxAge": 1, "endDate": "2019-03-31", "cash": 34536000, "netReceivables": 336523000, "inventory": 6578484000, "otherCurrentAssets": 259781000, "totalCurrentAssets": 7216997000, "longTermInvestments": 42103000, "propertyPlantEquipment": 1520036000, "intangibleAssets": 1814000, "otherAssets": 47988000, "totalAssets": 8828938000, "accountsPayable": 2030777000, "shortLongTermDebt": 105214000, "otherCurrentLiab": 105479000, "otherLiab": 205232000, "totalCurrentLiabilities": 8112379000, "totalLiab": 8317611000, "commonStock": 112500000, "retainedEarnings": 226758000, "treasuryStock": 14569000, "capitalSurplus": 157500000, "otherStockholderEquity": 14569000, "totalStockholderEquity": 511327000, "netTangibleAssets": 509513000}, {"maxAge": 1, "endDate": "2018-03-31", "cash": 228291000, "netReceivables": 457042000, "inventory": 5906201000, "otherCurrentAssets": 265456000, "totalCurrentAssets": 6865709000, "longTermInvestments": 44689000, "propertyPlantEquipment": 1641411000, "intangibleAssets": 1990000, "otherAssets": 48343000, "totalAssets": 8602142000, "accountsPayable": 2631119000, "shortLongTermDebt": 380478000, "otherCurrentLiab": 105961000, "longTermDebt": 105695000, "otherLiab": 218755000, "totalCurrentLiabilities": 7824354000, "totalLiab": 8148804000, "commonStock": 112500000, "retainedEarnings": 183304000, "treasuryStock": 34000, "capitalSurplus": 157500000, "otherStockholderEquity": 34000, "totalStockholderEquity": 453338000, "netTangibleAssets": 451348000}, {"maxAge": 1, "endDate": "2017-03-31", "cash": 145651000, "shortTermInvestments": 4235000, "netReceivables": 140355000, "inventory": 4020456000, "otherCurrentAssets": 54606000, "totalCurrentAssets": 4372881000, "longTermInvestments": 62789000, "propertyPlantEquipment": 1674127000, "intangibleAssets": 72000, "otherAssets": 63807000, "totalAssets": 6173676000, "accountsPayable": 83526000, "shortLongTermDebt": 392933000, "otherCurrentLiab": 53104000, "longTermDebt": 496891000, "otherLiab": 231313000, "totalCurrentLiabilities": 4308507000, "totalLiab": 5036711000, "commonStock": 112500000, "retainedEarnings": 892416000, "treasuryStock": -25451000, "capitalSurplus": 157500000, "otherStockholderEquity": -25451000, "totalStockholderEquity": 1136965000, "netTangibleAssets": 1136893000}], "maxAge": 86400}, "earningsTrend": {"trend": [{"maxAge": 1, "period": "0q", "endDate": null, "growth": {}, "earningsEstimate": {"avg": 0.0, "low": 0.0, "high": 0.0, "yearAgoEps": {}, "numberOfAnalysts": 0, "growth": {}}, "revenueEstimate": {"avg": 0, "low": 0, "high": 0, "numberOfAnalysts": 0, "yearAgoRevenue": {}, "growth": {}}, "epsTrend": {"current": 0.0, "7daysAgo": 0.0, "30daysAgo": 0.0, "60daysAgo": 0.0, "90daysAgo": 0.0}, "epsRevisions": {"upLast7days": 0, "upLast30days": 0, "downLast30days": 0, "downLast90days": {}}}, {"maxAge": 1, "period": "+1q", "endDate": null, "growth": {}, "earningsEstimate": {"avg": 0.0, "low": 0.0, "high": 0.0, "yearAgoEps": {}, "numberOfAnalysts": 0, "growth": {}}, "revenueEstimate": {"avg": 0, "low": 0, "high": 0, "numberOfAnalysts": 0, "yearAgoRevenue": {}, "growth": {}}, "epsTrend": {"current": 0.0, "7daysAgo": 0.0, "30daysAgo": 0.0, "60daysAgo": 0.0, "90daysAgo": 0.0}, "epsRevisions": {"upLast7days": 0, "upLast30days": 0, "downLast30days": 0, "downLast90days": {}}}, {"maxAge": 1, "period": "0y", "endDate": null, "growth": {}, "earningsEstimate": {"avg": 0.0, "low": 0.0, "high": 0.0, "yearAgoEps": {}, "numberOfAnalysts": 0, "growth": {}}, "revenueEstimate": {"avg": 0, "low": 0, "high": 0, "numberOfAnalysts": 0, "yearAgoRevenue": {}, "growth": {}}, "epsTrend": {"current": 0.0, "7daysAgo": 0.0, "30daysAgo": 0.0, "60daysAgo": 0.0, "90daysAgo": 0.0}, "epsRevisions": {"upLast7days": 0, "upLast30days": 0, "downLast30days": 0, "downLast90days": {}}}, {"maxAge": 1, "period": "+1y", "endDate": null, "growth": {}, "earningsEstimate": {"avg": 0.0, "low": 0.0, "high": 0.0, "yearAgoEps": {}, "numberOfAnalysts": 0, "growth": {}}, "revenueEstimate": {"avg": 0, "low": 0, "high": 0, "numberOfAnalysts": 0, "yearAgoRevenue": {}, "growth": {}}, "epsTrend": {"current": 0.0, "7daysAgo": 0.0, "30daysAgo": 0.0, "60daysAgo": 0.0, "90daysAgo": 0.0}, "epsRevisions": {"upLast7days": 0, "upLast30days": 0, "downLast30days": 0, "downLast90days": {}}}, {"maxAge": 1, "period": "+5y", "endDate": null, "growth": {}, "earningsEstimate": {"avg": {}, "low": {}, "high": {}, "yearAgoEps": {}, "numberOfAnalysts": {}, "growth": {}}, "revenueEstimate": {"avg": {}, "low": {}, "high": {}, "numberOfAnalysts": {}, "yearAgoRevenue": {}, "growth": {}}, "epsTrend": {"current": {}, "7daysAgo": {}, "30daysAgo": {}, "60daysAgo": {}, "90daysAgo": {}}, "epsRevisions": {"upLast7days": {}, "upLast30days": {}, "downLast30days": {}, "downLast90days": {}}}, {"maxAge": 1, "period": "-5y", "endDate": null, "growth": {}, "earningsEstimate": {"avg": {}, "low": {}, "high": {}, "yearAgoEps": {}, "numberOfAnalysts": {}, "growth": {}}, "revenueEstimate": {"avg": {}, "low": {}, "high": {}, "numberOfAnalysts": {}, "yearAgoRevenue": {}, "growth": {}}, "epsTrend": {"current": {}, "7daysAgo": {}, "30daysAgo": {}, "60daysAgo": {}, "90daysAgo": {}}, "epsRevisions": {"upLast7days": {}, "upLast30days": {}, "downLast30days": {}, "downLast90days": {}}}], "maxAge": 1}, "financialData": {"maxAge": 86400, "currentPrice": 23.85, "recommendationKey": "none", "grossProfits": 1624714000, "financialCurrency": "INR"}}}