{"UJAAS.BO": {"recommendationTrend": {"trend": [{"period": "0m", "strongBuy": 0, "buy": 0, "hold": 0, "sell": 0, "strongSell": 0}, {"period": "-1m", "strongBuy": 0, "buy": 0, "hold": 0, "sell": 0, "strongSell": 0}, {"period": "-2m", "strongBuy": 0, "buy": 0, "hold": 0, "sell": 0, "strongSell": 0}, {"period": "-3m", "strongBuy": 0, "buy": 0, "hold": 0, "sell": 0, "strongSell": 0}], "maxAge": 86400}, "cashflowStatementHistory": {"cashflowStatements": [{"maxAge": 1, "endDate": "2020-03-31", "netIncome": -133526000, "depreciation": 79130000, "changeToNetincome": 49234000, "changeToAccountReceivables": 509799000, "changeToLiabilities": -189752000, "changeToInventory": 115056000, "totalCashFromOperatingActivities": 429941000, "capitalExpenditures": -137000, "investments": 25948000, "otherCashflowsFromInvestingActivities": 117459000, "totalCashflowsFromInvestingActivities": 146840000, "netBorrowings": -414323000, "otherCashflowsFromFinancingActivities": -138542000, "totalCashFromFinancingActivities": -552855000, "changeInCash": 23926000, "issuanceOfStock": 10000}, {"maxAge": 1, "endDate": "2019-03-31", "netIncome": 66082000, "depreciation": 81717000, "changeToNetincome": 81228000, "changeToAccountReceivables": 357644000, "changeToLiabilities": -1196062000, "changeToInventory": 435782000, "totalCashFromOperatingActivities": -172536000, "capitalExpenditures": -501000, "investments": 3000000, "otherCashflowsFromInvestingActivities": 239087000, "totalCashflowsFromInvestingActivities": 250057000, "netBorrowings": 25583000, "otherCashflowsFromFinancingActivities": -165831000, "totalCashFromFinancingActivities": -140217000, "changeInCash": -62696000, "issuanceOfStock": 31000}, {"maxAge": 1, "endDate": "2018-03-31", "netIncome": 169572000, "depreciation": 80863000, "changeToNetincome": 50468000, "changeToAccountReceivables": -57530000, "changeToLiabilities": -57919000, "changeToInventory": -528407000, "totalCashFromOperatingActivities": -341616000, "capitalExpenditures": -18935000, "investments": 261423000, "otherCashflowsFromInvestingActivities": -25806000, "totalCashflowsFromInvestingActivities": 216682000, "dividendsPaid": -10000000, "netBorrowings": 213511000, "otherCashflowsFromFinancingActivities": -172796000, "totalCashFromFinancingActivities": 30715000, "changeInCash": -94219000, "issuanceOfStock": 31000}, {"maxAge": 1, "endDate": "2017-03-31", "netIncome": 364709000, "depreciation": 80764000, "changeToNetincome": 146483000, "changeToAccountReceivables": -822462000, "changeToLiabilities": 122015000, "changeToInventory": -57238000, "totalCashFromOperatingActivities": -164837000, "capitalExpenditures": -21268000, "investments": -6241000, "otherCashflowsFromInvestingActivities": 247836000, "totalCashflowsFromInvestingActivities": 220327000, "dividendsPaid": -10000000, "netBorrowings": 133794000, "otherCashflowsFromFinancingActivities": -182270000, "totalCashFromFinancingActivities": -48476000, "changeInCash": 7014000, "issuanceOfStock": 31000}], "maxAge": 86400}, "institutionOwnership": {"ownershipList": [], "maxAge": 1}, "balanceSheetHistoryQuarterly": {"balanceSheetStatements": [{"maxAge": 1, "endDate": "2020-06-30", "totalStockholderEquity": 2081311000, "netTangibleAssets": 2077962000}, {"maxAge": 1, "endDate": "2020-03-31", "cash": 88723000, "shortTermInvestments": 51810000, "netReceivables": 1010782000, "inventory": 427793000, "otherCurrentAssets": 160883000, "totalCurrentAssets": 1739991000, "longTermInvestments": 55784000, "propertyPlantEquipment": 1558732000, "intangibleAssets": 3349000, "otherAssets": 122345000, "totalAssets": 3480201000, "accountsPayable": 76301000, "shortLongTermDebt": 81622000, "otherCurrentLiab": 19961000, "longTermDebt": 524426000, "otherLiab": 328728000, "totalCurrentLiabilities": 545736000, "totalLiab": 1398890000, "commonStock": 200041000, "treasuryStock": 1881270000, "otherStockholderEquity": 1881270000, "totalStockholderEquity": 2081311000, "netTangibleAssets": 2077962000}, {"maxAge": 1, "endDate": "2019-12-31", "totalStockholderEquity": 2307869000, "netTangibleAssets": 2305943000}, {"maxAge": 1, "endDate": "2019-09-30", "cash": 123512000, "shortTermInvestments": 142691000, "netReceivables": 1477475000, "inventory": 476497000, "otherCurrentAssets": 154262000, "totalCurrentAssets": 2374437000, "longTermInvestments": 40550000, "propertyPlantEquipment": 1605652000, "intangibleAssets": 1926000, "otherAssets": 5050000, "totalAssets": 4027615000, "accountsPayable": 74260000, "shortLongTermDebt": 112777000, "otherCurrentLiab": 74035000, "longTermDebt": 524315000, "otherLiab": 295528000, "totalCurrentLiabilities": 899903000, "totalLiab": 1719746000, "commonStock": 200031000, "treasuryStock": 2107838000, "otherStockholderEquity": 2107838000, "totalStockholderEquity": 2307869000, "netTangibleAssets": 2305943000}], "maxAge": 86400}, "earningsHistory": {"history": [{"maxAge": 1, "epsActual": {}, "epsEstimate": {}, "epsDifference": {}, "surprisePercent": {}, "quarter": {}, "period": "-4q"}, {"maxAge": 1, "epsActual": {}, "epsEstimate": {}, "epsDifference": {}, "surprisePercent": {}, "quarter": {}, "period": "-3q"}, {"maxAge": 1, "epsActual": {}, "epsEstimate": {}, "epsDifference": {}, "surprisePercent": {}, "quarter": {}, "period": "-2q"}, {"maxAge": 1, "epsActual": {}, "epsEstimate": {}, "epsDifference": {}, "surprisePercent": {}, "quarter": {}, "period": "-1q"}], "maxAge": 86400}, "indexTrend": {"maxAge": 1, "symbol": "SP5", "peRatio": 19.7411, "pegRatio": 1.34172, "estimates": [{"period": "0q", "growth": 0.549}, {"period": "+1q", "growth": 0.431}, {"period": "0y", "growth": 0.305}, {"period": "+1y", "growth": 0.109}, {"period": "+5y", "growth": 0.120865}, {"period": "-5y"}]}, "industryTrend": {"maxAge": 1, "symbol": null, "estimates": []}, "insiderTransactions": {"transactions": [{"maxAge": 1, "shares": 0, "filerUrl": "", "transactionText": "", "filerName": "SVA Family Welfare Trust", "filerRelation": "Promoter", "moneyText": "", "startDate": "2020-09-30", "ownership": "I"}, {"maxAge": 1, "shares": 17500000, "filerUrl": "", "transactionText": "", "filerName": "SVA Family Welfare Trust", "filerRelation": "Promoter", "moneyText": "", "startDate": "2020-09-29", "ownership": "D"}, {"maxAge": 1, "shares": 5000000, "value": 240499, "filerUrl": "", "transactionText": "Sale at price 0.05 per share.", "filerName": "SVA Family Welfare Trust", "filerRelation": "Promoter", "moneyText": "", "startDate": "2020-09-28", "ownership": "D"}, {"maxAge": 1, "shares": 5100000, "value": 426359, "filerUrl": "", "transactionText": "Sale at price 0.08 per share.", "filerName": "SVA Family Welfare Trust", "filerRelation": "Institution- Corporation", "moneyText": "", "startDate": "2020-07-23", "ownership": "D"}, {"maxAge": 1, "shares": 8979320, "value": 755160, "filerUrl": "", "transactionText": "Sale at price 0.08 per share.", "filerName": "SVA Family Welfare Trust", "filerRelation": "Promoter", "moneyText": "", "startDate": "2020-07-21", "ownership": "D"}, {"maxAge": 1, "shares": 0, "filerUrl": "", "transactionText": "", "filerName": "Shri Ram Chandra Maharaja Trust", "filerRelation": "Institution- Corporation", "moneyText": "", "startDate": "2017-12-28", "ownership": "I"}, {"maxAge": 1, "shares": 2980000, "filerUrl": "", "transactionText": "", "filerName": "Mundra (Anurag S.)", "filerRelation": "Joint Managing director", "moneyText": "", "startDate": "2017-02-22", "ownership": "D"}, {"maxAge": 1, "shares": 3230000, "filerUrl": "", "transactionText": "", "filerName": "SVA Family Welfare Trust", "filerRelation": "Institution- Corporation", "moneyText": "", "startDate": "2017-02-22", "ownership": "D"}, {"maxAge": 1, "shares": 1390000, "filerUrl": "", "transactionText": "", "filerName": "Shri Ram Chandra Maharaja Trust", "filerRelation": "Institution- Corporation", "moneyText": "", "startDate": "2017-02-22", "ownership": "D"}, {"maxAge": 1, "shares": 1090000, "filerUrl": "", "transactionText": "", "filerName": "Mundra (Vikalp)", "filerRelation": "Joint Managing director", "moneyText": "", "startDate": "2017-02-22", "ownership": "D"}, {"maxAge": 1, "shares": 6871000, "filerUrl": "", "transactionText": "", "filerName": "Mundra (Shyamsunder Gendalal)", "filerRelation": "Managing Director", "moneyText": "", "startDate": "2017-02-22", "ownership": "D"}, {"maxAge": 1, "shares": 1387119, "filerUrl": "", "transactionText": "", "filerName": "Neema (Priti)", "filerRelation": "UNREPORTED", "moneyText": "", "startDate": "2016-11-02", "ownership": "D"}, {"maxAge": 1, "shares": 0, "filerUrl": "", "transactionText": "", "filerName": "Neema (Amit)", "filerRelation": "UNREPORTED", "moneyText": "", "startDate": "2016-11-02", "ownership": "I"}, {"maxAge": 1, "shares": 20000, "filerUrl": "", "transactionText": "", "filerName": "Neema (Anurag)", "filerRelation": "UNREPORTED", "moneyText": "", "startDate": "2016-11-01", "ownership": "D"}, {"maxAge": 1, "shares": 25634, "filerUrl": "", "transactionText": "", "filerName": "Neema (Pranita)", "filerRelation": "UNREPORTED", "moneyText": "", "startDate": "2016-11-01", "ownership": "D"}, {"maxAge": 1, "shares": 150180, "filerUrl": "", "transactionText": "", "filerName": "Neema (Amit)", "filerRelation": "UNREPORTED", "moneyText": "", "startDate": "2016-11-01", "ownership": "D"}, {"maxAge": 1, "shares": 11000, "filerUrl": "", "transactionText": "", "filerName": "Neema (Amit) HUF", "filerRelation": "UNREPORTED", "moneyText": "", "startDate": "2014-06-10", "ownership": "D"}], "maxAge": 1}, "quoteType": {"exchange": "BSE", "quoteType": "EQUITY", "symbol": "UJAAS.BO", "underlyingSymbol": "UJAAS.BO", "shortName": "UJAAS ENERGY LIMITED", "longName": "Ujaas Energy Limited", "firstTradeDateEpochUtc": "2011-10-20 09:15:00", "timeZoneFullName": "Asia/Kolkata", "timeZoneShortName": "IST", "uuid": "4b4a7da7-ede9-3ebe-ad06-bdeb3cd039ce", "gmtOffSetMilliseconds": 19800000, "maxAge": 1}, "incomeStatementHistory": {"incomeStatementHistory": [{"maxAge": 1, "endDate": "2020-03-31", "totalRevenue": 508828000, "costOfRevenue": 273942000, "grossProfit": 234886000, "researchDevelopment": {}, "sellingGeneralAdministrative": 51376000, "nonRecurring": {}, "otherOperatingExpenses": 266484000, "totalOperatingExpenses": 670932000, "operatingIncome": -162104000, "totalOtherIncomeExpenseNet": -101933000, "ebit": -162104000, "interestExpense": -138542000, "incomeBeforeTax": -264037000, "incomeTaxExpense": -130511000, "minorityInterest": {}, "netIncomeFromContinuingOps": -133526000, "discontinuedOperations": {}, "extraordinaryItems": {}, "effectOfAccountingCharges": {}, "otherItems": {}, "netIncome": -133526000, "netIncomeApplicableToCommonShares": -133526000}, {"maxAge": 1, "endDate": "2019-03-31", "totalRevenue": 1560015000, "costOfRevenue": 1134760000, "grossProfit": 425255000, "researchDevelopment": {}, "sellingGeneralAdministrative": 118171000, "nonRecurring": {}, "otherOperatingExpenses": 100728000, "totalOperatingExpenses": 1440096000, "operatingIncome": 119919000, "totalOtherIncomeExpenseNet": -108155000, "ebit": 119919000, "interestExpense": -165831000, "incomeBeforeTax": 11764000, "incomeTaxExpense": -54318000, "minorityInterest": {}, "netIncomeFromContinuingOps": 66082000, "discontinuedOperations": {}, "extraordinaryItems": {}, "effectOfAccountingCharges": {}, "otherItems": {}, "netIncome": 66082000, "netIncomeApplicableToCommonShares": 66082000}, {"maxAge": 1, "endDate": "2018-03-31", "totalRevenue": 3341731000, "costOfRevenue": 2547642000, "grossProfit": 794089000, "researchDevelopment": {}, "sellingGeneralAdministrative": 220828000, "nonRecurring": {}, "otherOperatingExpenses": 163045000, "totalOperatingExpenses": 3013715000, "operatingIncome": 328016000, "totalOtherIncomeExpenseNet": -143418000, "ebit": 328016000, "interestExpense": -136922000, "incomeBeforeTax": 184598000, "incomeTaxExpense": 15026000, "minorityInterest": {}, "netIncomeFromContinuingOps": 169572000, "discontinuedOperations": {}, "extraordinaryItems": {}, "effectOfAccountingCharges": {}, "otherItems": {}, "netIncome": 169572000, "netIncomeApplicableToCommonShares": 169572000}, {"maxAge": 1, "endDate": "2017-03-31", "totalRevenue": 4863478000, "costOfRevenue": 3783617000, "grossProfit": 1079861000, "researchDevelopment": {}, "sellingGeneralAdministrative": 177511000, "nonRecurring": {}, "otherOperatingExpenses": 161763000, "totalOperatingExpenses": 4204547000, "operatingIncome": 658931000, "totalOtherIncomeExpenseNet": -173332000, "ebit": 658931000, "interestExpense": -144720000, "incomeBeforeTax": 485599000, "incomeTaxExpense": 120890000, "minorityInterest": {}, "netIncomeFromContinuingOps": 364709000, "discontinuedOperations": {}, "extraordinaryItems": {}, "effectOfAccountingCharges": {}, "otherItems": {}, "netIncome": 364709000, "netIncomeApplicableToCommonShares": 364709000}], "maxAge": 86400}, "fundOwnership": {"ownershipList": [], "maxAge": 1}, "summaryDetail": {"maxAge": 1, "priceHint": 4, "previousClose": 2.47, "open": 2.46, "dayLow": 2.4, "dayHigh": 2.48, "regularMarketPreviousClose": 2.47, "regularMarketOpen": 2.46, "regularMarketDayLow": 2.4, "regularMarketDayHigh": 2.48, "trailingPE": 4.120603, "forwardPE": 0.8848921, "volume": 171837, "regularMarketVolume": 171837, "averageVolume": 2106676, "averageVolume10days": 770842, "averageDailyVolume10Day": 770842, "bid": 2.46, "ask": 2.46, "bidSize": 0, "askSize": 0, "marketCap": 492713408, "fiftyTwoWeekLow": 2.18, "fiftyTwoWeekHigh": 10.46, "fiftyDayAverage": 3.1472728, "twoHundredDayAverage": 3.8788972, "trailingAnnualDividendRate": 0.05, "trailingAnnualDividendYield": 0.020242915, "currency": "INR", "fromCurrency": null, "lastMarket": null, "algorithm": null, "tradeable": false}, "sectorTrend": {"maxAge": 1, "symbol": null, "estimates": []}, "incomeStatementHistoryQuarterly": {"incomeStatementHistory": [{"maxAge": 1, "endDate": "2020-06-30", "totalRevenue": 139281000, "costOfRevenue": 67323000, "grossProfit": 71958000, "researchDevelopment": {}, "sellingGeneralAdministrative": 6063000, "nonRecurring": {}, "otherOperatingExpenses": 13939000, "totalOperatingExpenses": 106169000, "operatingIncome": 33112000, "totalOtherIncomeExpenseNet": -29108000, "ebit": 33112000, "interestExpense": -31914000, "incomeBeforeTax": 4004000, "incomeTaxExpense": -695000, "minorityInterest": {}, "netIncomeFromContinuingOps": 4699000, "discontinuedOperations": {}, "extraordinaryItems": {}, "effectOfAccountingCharges": {}, "otherItems": {}, "netIncome": 4699000, "netIncomeApplicableToCommonShares": 4699000}, {"maxAge": 1, "endDate": "2020-03-31", "totalRevenue": 95743000, "costOfRevenue": 94394000, "grossProfit": 1349000, "researchDevelopment": {}, "sellingGeneralAdministrative": 12361000, "nonRecurring": {}, "otherOperatingExpenses": 208633000, "totalOperatingExpenses": 334667000, "operatingIncome": -238924000, "totalOtherIncomeExpenseNet": -33224000, "ebit": -238924000, "interestExpense": -35588000, "incomeBeforeTax": -272148000, "incomeTaxExpense": -41945000, "minorityInterest": {}, "netIncomeFromContinuingOps": -230203000, "discontinuedOperations": {}, "extraordinaryItems": {}, "effectOfAccountingCharges": {}, "otherItems": {}, "netIncome": -230203000, "netIncomeApplicableToCommonShares": -230203000}, {"maxAge": 1, "endDate": "2019-12-31", "totalRevenue": 126060000, "costOfRevenue": 40445000, "grossProfit": 85615000, "researchDevelopment": {}, "sellingGeneralAdministrative": 11665000, "nonRecurring": {}, "otherOperatingExpenses": 23608000, "totalOperatingExpenses": 95467000, "operatingIncome": 30593000, "totalOtherIncomeExpenseNet": -29270000, "ebit": 30593000, "interestExpense": -31630000, "incomeBeforeTax": 1323000, "incomeTaxExpense": -3966000, "minorityInterest": {}, "netIncomeFromContinuingOps": 5289000, "discontinuedOperations": {}, "extraordinaryItems": {}, "effectOfAccountingCharges": {}, "otherItems": {}, "netIncome": 5289000, "netIncomeApplicableToCommonShares": 5289000}, {"maxAge": 1, "endDate": "2019-09-30", "totalRevenue": 164759000, "costOfRevenue": 100443000, "grossProfit": 64316000, "researchDevelopment": {}, "sellingGeneralAdministrative": 12267000, "nonRecurring": {}, "otherOperatingExpenses": 20245000, "totalOperatingExpenses": 152987000, "operatingIncome": 11772000, "totalOtherIncomeExpenseNet": -8002000, "ebit": 11772000, "interestExpense": -36335000, "incomeBeforeTax": 3770000, "incomeTaxExpense": -86298000, "minorityInterest": {}, "netIncomeFromContinuingOps": 90068000, "discontinuedOperations": {}, "extraordinaryItems": {}, "effectOfAccountingCharges": {}, "otherItems": {}, "netIncome": 90068000, "netIncomeApplicableToCommonShares": 90068000}], "maxAge": 86400}, "cashflowStatementHistoryQuarterly": {"cashflowStatements": [{"maxAge": 1, "endDate": "2020-06-30", "netIncome": 4699000, "changeToLiabilities": 0}, {"maxAge": 1, "endDate": "2020-03-31", "netIncome": -230203000, "changeToLiabilities": 0}, {"maxAge": 1, "endDate": "2019-12-31", "netIncome": 5289000, "changeToLiabilities": 0}, {"maxAge": 1, "endDate": "2019-09-30", "netIncome": 90068000, "changeToLiabilities": 0}], "maxAge": 86400}, "insiderHolders": {"holders": [{"maxAge": 1, "name": "Mundra (Anurag S.)", "relation": "Joint Managing director", "url": "", "transactionDescription": "Acquisition", "latestTransDate": "2017-02-22", "positionDirect": 6852400, "positionDirectDate": "2017-02-22"}, {"maxAge": 1, "name": "Mundra (Shyamsunder Gendalal)", "relation": "Managing Director", "url": "", "transactionDescription": "Sale", "latestTransDate": "2017-02-22", "positionDirect": 48644880, "positionDirectDate": "2017-02-22"}, {"maxAge": 1, "name": "Mundra (Vikalp)", "relation": "Joint Managing director", "url": "", "transactionDescription": "Acquisition", "latestTransDate": "2017-02-22", "positionDirect": 6605840, "positionDirectDate": "2017-02-22"}, {"maxAge": 1, "name": "Neema (Amit)", "relation": "UNREPORTED", "url": "", "transactionDescription": "Sale", "latestTransDate": "2016-11-02", "positionIndirect": 10, "positionIndirectDate": 1478044800}, {"maxAge": 1, "name": "Neema (Amit) HUF", "relation": "UNREPORTED", "url": "", "transactionDescription": "Sale", "latestTransDate": "2014-06-10", "positionDirect": 153190, "positionDirectDate": "2014-06-10"}, {"maxAge": 1, "name": "Neema (Anurag)", "relation": "UNREPORTED", "url": "", "transactionDescription": "Sale", "latestTransDate": "2016-11-01", "positionDirect": 0, "positionDirectDate": "2016-11-01"}, {"maxAge": 1, "name": "Neema (Pranita)", "relation": "UNREPORTED", "url": "", "transactionDescription": "Sale", "latestTransDate": "2016-11-01", "positionDirect": 0, "positionDirectDate": "2016-11-01"}, {"maxAge": 1, "name": "Neema (Priti)", "relation": "UNREPORTED", "url": "", "transactionDescription": "Sale", "latestTransDate": "2016-11-02", "positionDirect": 0, "positionDirectDate": "2016-11-02"}, {"maxAge": 1, "name": "SVA Family Welfare Trust", "relation": "Promoter", "url": "", "transactionDescription": "Sale", "latestTransDate": "2020-09-30", "positionIndirect": 13084560, "positionIndirectDate": 1601424000}, {"maxAge": 1, "name": "Shri Ram Chandra Maharaja Trust", "relation": "Institution- Corporation", "url": "", "transactionDescription": "Sale", "latestTransDate": "2017-12-28", "positionIndirect": 4386680, "positionIndirectDate": 1514419200}], "maxAge": 1}, "earnings": {"maxAge": 86400, "earningsChart": {"quarterly": [], "earningsDate": ["2020-07-18 05:30:S"]}, "financialsChart": {"yearly": [{"date": 2017, "revenue": 4863478000, "earnings": 364709000}, {"date": 2018, "revenue": 3341731000, "earnings": 169572000}, {"date": 2019, "revenue": 1560015000, "earnings": 66082000}, {"date": 2020, "revenue": 508828000, "earnings": -133526000}], "quarterly": [{"date": "3Q2019", "revenue": 164759000, "earnings": 90068000}, {"date": "4Q2019", "revenue": 126060000, "earnings": 5289000}, {"date": "1Q2020", "revenue": 95743000, "earnings": -230203000}, {"date": "2Q2020", "revenue": 139281000, "earnings": 4699000}]}, "financialCurrency": "INR"}, "calendarEvents": {"maxAge": 1, "earnings": {"earningsDate": ["2020-07-18 05:30:S"]}}, "upgradeDowngradeHistory": {"history": [], "maxAge": 86400}, "price": {"maxAge": 1, "regularMarketChangePercent": -0.004048579, "regularMarketChange": -0.00999999, "regularMarketTime": "2021-04-30 15:52:09", "priceHint": 4, "regularMarketPrice": 2.46, "regularMarketDayHigh": 2.48, "regularMarketDayLow": 2.4, "regularMarketVolume": 171837, "averageDailyVolume10Day": 770842, "averageDailyVolume3Month": 2106676, "regularMarketPreviousClose": 2.47, "regularMarketSource": "FREE_REALTIME", "regularMarketOpen": 2.46, "exchange": "BSE", "exchangeName": "BSE", "exchangeDataDelayedBy": 0, "marketState": "CLOSED", "quoteType": "EQUITY", "symbol": "UJAAS.BO", "underlyingSymbol": null, "shortName": "UJAAS ENERGY LIMITED", "longName": "Ujaas Energy Limited", "currency": "INR", "quoteSourceName": "Delayed Quote", "currencySymbol": "\u20b9", "fromCurrency": null, "lastMarket": null, "marketCap": 492713408}, "balanceSheetHistory": {"balanceSheetStatements": [{"maxAge": 1, "endDate": "2020-03-31", "cash": 88723000, "shortTermInvestments": 51810000, "netReceivables": 1010782000, "inventory": 427793000, "otherCurrentAssets": 160883000, "totalCurrentAssets": 1739991000, "longTermInvestments": 55784000, "propertyPlantEquipment": 1558732000, "intangibleAssets": 3349000, "otherAssets": 122345000, "totalAssets": 3480201000, "accountsPayable": 76301000, "shortLongTermDebt": 81622000, "otherCurrentLiab": 19961000, "longTermDebt": 524426000, "otherLiab": 328728000, "totalCurrentLiabilities": 545736000, "totalLiab": 1398890000, "commonStock": 200041000, "treasuryStock": 1881270000, "otherStockholderEquity": 1881270000, "totalStockholderEquity": 2081311000, "netTangibleAssets": 2077962000}, {"maxAge": 1, "endDate": "2019-03-31", "cash": 6508000, "netReceivables": 1608446000, "inventory": 542850000, "otherCurrentAssets": 404847000, "totalCurrentAssets": 2582302000, "longTermInvestments": 25427000, "propertyPlantEquipment": 1647867000, "intangibleAssets": 2277000, "otherAssets": 76705000, "totalAssets": 4334578000, "accountsPayable": 230187000, "shortLongTermDebt": 103790000, "otherCurrentLiab": 93153000, "longTermDebt": 576250000, "otherLiab": 382426000, "totalCurrentLiabilities": 1159970000, "totalLiab": 2118646000, "commonStock": 200031000, "retainedEarnings": 1169536000, "treasuryStock": 41000, "capitalSurplus": 846324000, "otherStockholderEquity": 41000, "totalStockholderEquity": 2215932000, "netTangibleAssets": 2213655000}, {"maxAge": 1, "endDate": "2018-03-31", "cash": 69204000, "netReceivables": 1876818000, "inventory": 978632000, "otherCurrentAssets": 683113000, "totalCurrentAssets": 3630632000, "longTermInvestments": 27642000, "propertyPlantEquipment": 1738996000, "intangibleAssets": 3350000, "otherAssets": 105762000, "totalAssets": 5506382000, "accountsPayable": 1275753000, "shortLongTermDebt": 103790000, "otherCurrentLiab": 255018000, "longTermDebt": 680040000, "otherLiab": 437869000, "totalCurrentLiabilities": 2238255000, "totalLiab": 3356164000, "commonStock": 200000000, "retainedEarnings": 1100806000, "treasuryStock": 3088000, "capitalSurplus": 846324000, "otherStockholderEquity": 3088000, "totalStockholderEquity": 2150218000, "netTangibleAssets": 2146868000}, {"maxAge": 1, "endDate": "2017-03-31", "cash": 163423000, "netReceivables": 1926294000, "inventory": 450225000, "otherCurrentAssets": 444534000, "totalCurrentAssets": 3285915000, "longTermInvestments": 3000000, "propertyPlantEquipment": 1802910000, "intangibleAssets": 2700000, "otherAssets": 190913000, "totalAssets": 5285438000, "accountsPayable": 1314555000, "shortLongTermDebt": 104904000, "otherCurrentLiab": 299532000, "longTermDebt": 783830000, "otherLiab": 507383000, "totalCurrentLiabilities": 2008228000, "totalLiab": 3299441000, "commonStock": 200000000, "retainedEarnings": 939546000, "treasuryStock": 127000, "capitalSurplus": 846324000, "otherStockholderEquity": 127000, "totalStockholderEquity": 1985997000, "netTangibleAssets": 1983297000}], "maxAge": 86400}, "earningsTrend": {"trend": [{"maxAge": 1, "period": "0q", "endDate": null, "growth": {}, "earningsEstimate": {"avg": 0.0, "low": 0.0, "high": 0.0, "yearAgoEps": {}, "numberOfAnalysts": 0, "growth": {}}, "revenueEstimate": {"avg": 0, "low": 0, "high": 0, "numberOfAnalysts": 0, "yearAgoRevenue": {}, "growth": {}}, "epsTrend": {"current": 0.0, "7daysAgo": 0.0, "30daysAgo": 0.0, "60daysAgo": 0.0, "90daysAgo": 0.0}, "epsRevisions": {"upLast7days": 0, "upLast30days": 0, "downLast30days": 0, "downLast90days": {}}}, {"maxAge": 1, "period": "+1q", "endDate": null, "growth": {}, "earningsEstimate": {"avg": 0.0, "low": 0.0, "high": 0.0, "yearAgoEps": {}, "numberOfAnalysts": 0, "growth": {}}, "revenueEstimate": {"avg": 0, "low": 0, "high": 0, "numberOfAnalysts": 0, "yearAgoRevenue": {}, "growth": {}}, "epsTrend": {"current": 0.0, "7daysAgo": 0.0, "30daysAgo": 0.0, "60daysAgo": 0.0, "90daysAgo": 0.0}, "epsRevisions": {"upLast7days": 0, "upLast30days": 0, "downLast30days": 0, "downLast90days": {}}}, {"maxAge": 1, "period": "0y", "endDate": null, "growth": {}, "earningsEstimate": {"avg": 0.0, "low": 0.0, "high": 0.0, "yearAgoEps": {}, "numberOfAnalysts": 0, "growth": {}}, "revenueEstimate": {"avg": 0, "low": 0, "high": 0, "numberOfAnalysts": 0, "yearAgoRevenue": {}, "growth": {}}, "epsTrend": {"current": 0.0, "7daysAgo": 0.0, "30daysAgo": 0.0, "60daysAgo": 0.0, "90daysAgo": 0.0}, "epsRevisions": {"upLast7days": 0, "upLast30days": 0, "downLast30days": 0, "downLast90days": {}}}, {"maxAge": 1, "period": "+1y", "endDate": null, "growth": {}, "earningsEstimate": {"avg": 0.0, "low": 0.0, "high": 0.0, "yearAgoEps": {}, "numberOfAnalysts": 0, "growth": {}}, "revenueEstimate": {"avg": 0, "low": 0, "high": 0, "numberOfAnalysts": 0, "yearAgoRevenue": {}, "growth": {}}, "epsTrend": {"current": 0.0, "7daysAgo": 0.0, "30daysAgo": 0.0, "60daysAgo": 0.0, "90daysAgo": 0.0}, "epsRevisions": {"upLast7days": 0, "upLast30days": 0, "downLast30days": 0, "downLast90days": {}}}, {"maxAge": 1, "period": "+5y", "endDate": null, "growth": {}, "earningsEstimate": {"avg": {}, "low": {}, "high": {}, "yearAgoEps": {}, "numberOfAnalysts": {}, "growth": {}}, "revenueEstimate": {"avg": {}, "low": {}, "high": {}, "numberOfAnalysts": {}, "yearAgoRevenue": {}, "growth": {}}, "epsTrend": {"current": {}, "7daysAgo": {}, "30daysAgo": {}, "60daysAgo": {}, "90daysAgo": {}}, "epsRevisions": {"upLast7days": {}, "upLast30days": {}, "downLast30days": {}, "downLast90days": {}}}, {"maxAge": 1, "period": "-5y", "endDate": null, "growth": {}, "earningsEstimate": {"avg": {}, "low": {}, "high": {}, "yearAgoEps": {}, "numberOfAnalysts": {}, "growth": {}}, "revenueEstimate": {"avg": {}, "low": {}, "high": {}, "numberOfAnalysts": {}, "yearAgoRevenue": {}, "growth": {}}, "epsTrend": {"current": {}, "7daysAgo": {}, "30daysAgo": {}, "60daysAgo": {}, "90daysAgo": {}}, "epsRevisions": {"upLast7days": {}, "upLast30days": {}, "downLast30days": {}, "downLast90days": {}}}], "maxAge": 1}, "financialData": {"maxAge": 86400, "currentPrice": 2.46, "targetHighPrice": 55.0, "targetLowPrice": 55.0, "targetMeanPrice": 55.0, "targetMedianPrice": 55.0, "recommendationKey": "none", "numberOfAnalystOpinions": 1, "grossProfits": 234886000, "financialCurrency": "INR"}}}