{"UJAAS.NS": {"assetProfile": {"address1": "Survey No. 211/1", "address2": "Opposite Sector-C and Metalman Sanwer Road Industrial Area", "city": "Indore", "zip": "452015", "country": "India", "phone": "91 73 1471 5300", "fax": "91 73 1471 5344", "website": "http://www.ujaas.com", "industry": "Solar", "sector": "Technology", "longBusinessSummary": "Ujaas Energy Limited manufactures and sells solar power systems in India. It operates through Solar Power Generation and Maintenance; Manufacturing and Sale of Solar Power Plant; and EV segments. The company also develops, operates, owns, and maintains solar energy power plants under the UJAAS brand; and provides engineering, procurement, and construction solutions. Its products include various transformers, including convertor and special purpose transformers, power transformers, distribution transformers, and arc furnace and induction furnace transformers; and offers electric scooters. The company was formerly known as M and B Switchgears Limited and changed its name to Ujaas Energy Limited in August 2013. Ujaas Energy Limited was founded in 1979 and is based in Indore, India.", "fullTimeEmployees": 124, "companyOfficers": [{"maxAge": 1, "name": "Mrs. Shyam Sunder Gendalal Mundra", "age": 77, "title": "Chairman & MD", "yearBorn": 1943, "fiscalYear": 2020, "totalPay": 0, "exercisedValue": 0, "unexercisedValue": 0}, {"maxAge": 1, "name": "Mr. Anurag Shyamsunder Mundra", "age": 44, "title": "Joint MD, CFO & Wholetime Director", "yearBorn": 1976, "fiscalYear": 2020, "totalPay": 0, "exercisedValue": 0, "unexercisedValue": 0}, {"maxAge": 1, "name": "Mr. Vikalp S. Mundra", "age": 49, "title": "Joint MD & Wholetime Director", "yearBorn": 1971, "fiscalYear": 2020, "totalPay": 0, "exercisedValue": 0, "unexercisedValue": 0}, {"maxAge": 1, "name": "Mr. Rajesh  Mehta", "age": 47, "title": "Gen. Mang. of Operations", "yearBorn": 1973, "fiscalYear": 2018, "exercisedValue": 0, "unexercisedValue": 0}, {"maxAge": 1, "name": "Mr. Karan  Kapoor", "title": "Company Sec. & Compliance Officer", "exercisedValue": 0, "unexercisedValue": 0}, {"maxAge": 1, "name": "Mr. Manohar  Menghwani", "age": 49, "title": "Gen. Mang. of Marketing", "yearBorn": 1971, "fiscalYear": 2010, "exercisedValue": 0, "unexercisedValue": 0}, {"maxAge": 1, "name": "Mr. Nitirajsinh  Chudasama", "title": "Head of Sales", "fiscalYear": 2019, "exercisedValue": 0, "unexercisedValue": 0}, {"maxAge": 1, "name": "Mr. Amit  Neema", "age": 49, "title": "Head of Project Bus.", "yearBorn": 1971, "fiscalYear": 2018, "exercisedValue": 0, "unexercisedValue": 0}, {"maxAge": 1, "name": "Mr. Sumit K. Somani", "age": 40, "title": "Bus. Head of Park & VP", "yearBorn": 1980, "exercisedValue": 0, "unexercisedValue": 0}, {"maxAge": 1, "name": "Mr. Pawan  Kothari", "age": 36, "title": "Assistant VP of Strategy", "yearBorn": 1984, "fiscalYear": 2018, "exercisedValue": 0, "unexercisedValue": 0}], "compensationAsOfEpochDate": "2020-12-31 05:30:00", "maxAge": 86400}, "recommendationTrend": {"trend": [{"period": "0m", "strongBuy": 0, "buy": 0, "hold": 0, "sell": 0, "strongSell": 0}, {"period": "-1m", "strongBuy": 0, "buy": 0, "hold": 0, "sell": 0, "strongSell": 0}, {"period": "-2m", "strongBuy": 0, "buy": 0, "hold": 0, "sell": 0, "strongSell": 0}, {"period": "-3m", "strongBuy": 0, "buy": 0, "hold": 0, "sell": 0, "strongSell": 0}], "maxAge": 86400}, "cashflowStatementHistory": {"cashflowStatements": [{"maxAge": 1, "endDate": "2020-03-31", "netIncome": -133526000, "depreciation": 78430000, "changeToNetincome": 49235000, "changeToAccountReceivables": 509799000, "changeToLiabilities": -189752000, "changeToInventory": 115056000, "totalCashFromOperatingActivities": 429942000, "capitalExpenditures": -137000, "investments": 25948000, "otherCashflowsFromInvestingActivities": 117459000, "totalCashflowsFromInvestingActivities": 146840000, "netBorrowings": -414323000, "otherCashflowsFromFinancingActivities": -138542000, "totalCashFromFinancingActivities": -552855000, "changeInCash": 23927000, "issuanceOfStock": 10000}, {"maxAge": 1, "endDate": "2019-03-31", "netIncome": 66082000, "depreciation": 81717000, "changeToNetincome": 81228000, "changeToAccountReceivables": 357644000, "changeToLiabilities": -1196062000, "changeToInventory": 435782000, "totalCashFromOperatingActivities": -172536000, "capitalExpenditures": -501000, "investments": 3000000, "otherCashflowsFromInvestingActivities": 239087000, "totalCashflowsFromInvestingActivities": 250057000, "netBorrowings": 25583000, "otherCashflowsFromFinancingActivities": -165831000, "totalCashFromFinancingActivities": -140217000, "changeInCash": -62696000, "issuanceOfStock": 31000}, {"maxAge": 1, "endDate": "2018-03-31", "netIncome": 169572000, "depreciation": 80863000, "changeToNetincome": 50468000, "changeToAccountReceivables": -57530000, "changeToLiabilities": -57919000, "changeToInventory": -528407000, "totalCashFromOperatingActivities": -341616000, "capitalExpenditures": -18935000, "investments": 261423000, "otherCashflowsFromInvestingActivities": -25806000, "totalCashflowsFromInvestingActivities": 216682000, "dividendsPaid": -10000000, "netBorrowings": 213511000, "otherCashflowsFromFinancingActivities": -172796000, "totalCashFromFinancingActivities": 30715000, "changeInCash": -94219000, "issuanceOfStock": 31000}, {"maxAge": 1, "endDate": "2017-03-31", "netIncome": 364709000, "depreciation": 80764000, "changeToNetincome": 146483000, "changeToAccountReceivables": -822462000, "changeToLiabilities": 122015000, "changeToInventory": -57238000, "totalCashFromOperatingActivities": -164837000, "capitalExpenditures": -21268000, "investments": -6241000, "otherCashflowsFromInvestingActivities": 247836000, "totalCashflowsFromInvestingActivities": 220327000, "dividendsPaid": -10000000, "netBorrowings": 133794000, "otherCashflowsFromFinancingActivities": -182270000, "totalCashFromFinancingActivities": -48476000, "changeInCash": 7014000, "issuanceOfStock": 31000}], "maxAge": 86400}, "indexTrend": {"maxAge": 1, "symbol": "SP5", "peRatio": 19.7411, "pegRatio": 1.34172, "estimates": [{"period": "0q", "growth": 0.549}, {"period": "+1q", "growth": 0.431}, {"period": "0y", "growth": 0.305}, {"period": "+1y", "growth": 0.109}, {"period": "+5y", "growth": 0.120865}, {"period": "-5y"}]}, "defaultKeyStatistics": {"maxAge": 1, "priceHint": 4, "enterpriseValue": 1417534464, "profitMargins": 0.1037, "floatShares": 123175938, "sharesOutstanding": 200290000, "heldPercentInsiders": 0.00014999999, "heldPercentInstitutions": 0.0, "beta": -0.411401, "category": null, "bookValue": 9.732, "priceToBook": 0.2568845, "fundFamily": null, "legalType": null, "lastFiscalYearEnd": "2020-03-31 05:30:00", "nextFiscalYearEnd": "2022-03-31 05:30:00", "mostRecentQuarter": "2020-12-31 05:30:00", "netIncomeToCommon": 120159000, "trailingEps": 0.597, "lastSplitFactor": "10:1", "lastSplitDate": "2012-12-21 05:30:00", "enterpriseToRevenue": 1.223, "enterpriseToEbitda": 4.645}, "industryTrend": {"maxAge": 1, "symbol": null, "estimates": []}, "quoteType": {"exchange": "NSI", "quoteType": "EQUITY", "symbol": "UJAAS.NS", "underlyingSymbol": "UJAAS.NS", "shortName": "UJAAS ENERGY LTD", "longName": "Ujaas Energy Limited", "firstTradeDateEpochUtc": "2011-10-20 09:15:00", "timeZoneFullName": "Asia/Kolkata", "timeZoneShortName": "IST", "uuid": "72603ea0-2bfd-37f7-a0a0-cc850442cb01", "gmtOffSetMilliseconds": 19800000, "maxAge": 1}, "incomeStatementHistory": {"incomeStatementHistory": [{"maxAge": 1, "endDate": "2020-03-31", "totalRevenue": 508828000, "costOfRevenue": 328647000, "grossProfit": 180181000, "researchDevelopment": {}, "sellingGeneralAdministrative": 140602000, "nonRecurring": {}, "otherOperatingExpenses": {}, "totalOperatingExpenses": 730344000, "operatingIncome": -221516000, "totalOtherIncomeExpenseNet": -42521000, "ebit": -221516000, "interestExpense": -79130000, "incomeBeforeTax": -264037000, "incomeTaxExpense": -130511000, "minorityInterest": {}, "netIncomeFromContinuingOps": -133526000, "discontinuedOperations": {}, "extraordinaryItems": {}, "effectOfAccountingCharges": {}, "otherItems": {}, "netIncome": -133526000, "netIncomeApplicableToCommonShares": -133526000}, {"maxAge": 1, "endDate": "2019-03-31", "totalRevenue": 1560015000, "costOfRevenue": 1242253000, "grossProfit": 317762000, "researchDevelopment": {}, "sellingGeneralAdministrative": 176509000, "nonRecurring": {}, "otherOperatingExpenses": {}, "totalOperatingExpenses": 1523137000, "operatingIncome": 36878000, "totalOtherIncomeExpenseNet": -25114000, "ebit": 36878000, "interestExpense": -82790000, "incomeBeforeTax": 11764000, "incomeTaxExpense": -54318000, "minorityInterest": {}, "netIncomeFromContinuingOps": 66082000, "discontinuedOperations": {}, "extraordinaryItems": {}, "effectOfAccountingCharges": {}, "otherItems": {}, "netIncome": 66082000, "netIncomeApplicableToCommonShares": 66082000}, {"maxAge": 1, "endDate": "2018-03-31", "totalRevenue": 3341731000, "costOfRevenue": 2547642000, "grossProfit": 794089000, "researchDevelopment": {}, "sellingGeneralAdministrative": 220828000, "nonRecurring": {}, "otherOperatingExpenses": 163045000, "totalOperatingExpenses": 3013715000, "operatingIncome": 328016000, "totalOtherIncomeExpenseNet": -143418000, "ebit": 328016000, "interestExpense": -136922000, "incomeBeforeTax": 184598000, "incomeTaxExpense": 15026000, "minorityInterest": {}, "netIncomeFromContinuingOps": 169572000, "discontinuedOperations": {}, "extraordinaryItems": {}, "effectOfAccountingCharges": {}, "otherItems": {}, "netIncome": 169572000, "netIncomeApplicableToCommonShares": 169572000}, {"maxAge": 1, "endDate": "2017-03-31", "totalRevenue": 4863478000, "costOfRevenue": 3783617000, "grossProfit": 1079861000, "researchDevelopment": {}, "sellingGeneralAdministrative": 177511000, "nonRecurring": {}, "otherOperatingExpenses": 161763000, "totalOperatingExpenses": 4204547000, "operatingIncome": 658931000, "totalOtherIncomeExpenseNet": -173332000, "ebit": 658931000, "interestExpense": -144720000, "incomeBeforeTax": 485599000, "incomeTaxExpense": 120890000, "minorityInterest": {}, "netIncomeFromContinuingOps": 364709000, "discontinuedOperations": {}, "extraordinaryItems": {}, "effectOfAccountingCharges": {}, "otherItems": {}, "netIncome": 364709000, "netIncomeApplicableToCommonShares": 364709000}], "maxAge": 86400}, "fundOwnership": {"ownershipList": [], "maxAge": 1}, "summaryDetail": {"maxAge": 1, "priceHint": 4, "previousClose": 2.45, "open": 2.5, "dayLow": 2.45, "dayHigh": 2.5, "regularMarketPreviousClose": 2.45, "regularMarketOpen": 2.5, "regularMarketDayLow": 2.45, "regularMarketDayHigh": 2.5, "exDividendDate": "2017-09-11 05:30:00", "payoutRatio": 0.0, "beta": -0.411401, "trailingPE": 4.187605, "volume": 519692, "regularMarketVolume": 519692, "averageVolume": 2029058, "averageVolume10days": 655945, "averageDailyVolume10Day": 655945, "bid": 0.0, "ask": 0.0, "bidSize": 0, "askSize": 0, "marketCap": 504812480, "fiftyTwoWeekLow": 2.4, "fiftyTwoWeekHigh": 9.95, "priceToSalesTrailing12Months": 0.435665, "fiftyDayAverage": 2.789394, "twoHundredDayAverage": 3.2167857, "trailingAnnualDividendRate": 0.05, "trailingAnnualDividendYield": 0.020408163, "currency": "INR", "fromCurrency": null, "lastMarket": null, "algorithm": null, "tradeable": false}, "insiderHolders": {"holders": [{"maxAge": 1, "name": "Mundra (Anurag S) HUF", "relation": "Promoter", "url": "", "transactionDescription": "Sale", "latestTransDate": "2020-12-10", "positionDirect": 1280, "positionDirectDate": "2020-12-10"}, {"maxAge": 1, "name": "Mundra (Anurag S.)", "relation": "Promoter", "url": "", "transactionDescription": "Sale", "latestTransDate": "2020-12-14", "positionDirect": 516120, "positionDirectDate": "2020-12-14"}, {"maxAge": 1, "name": "Mundra (Geeta)", "relation": "Promoter", "url": "", "transactionDescription": "Sale", "latestTransDate": "2020-12-11", "positionDirect": 1080, "positionDirectDate": "2020-12-11"}, {"maxAge": 1, "name": "Mundra (Shyamsunder Gendalal)", "relation": "Promoter", "url": "", "transactionDescription": "Sale", "latestTransDate": "2020-12-14", "positionDirect": 1880, "positionDirectDate": "2020-12-14"}, {"maxAge": 1, "name": "Mundra (Vandana)", "relation": "Promoter", "url": "", "transactionDescription": "Sale", "latestTransDate": "2020-12-10", "positionDirect": 1000, "positionDirectDate": "2020-12-10"}, {"maxAge": 1, "name": "Mundra (Vikalp)", "relation": "Promoter", "url": "", "transactionDescription": "Sale", "latestTransDate": "2020-12-15", "positionDirect": 1605, "positionDirectDate": "2020-12-15"}, {"maxAge": 1, "name": "Neema (Priti)", "relation": "UNREPORTED", "url": "", "transactionDescription": "Sale", "latestTransDate": "2016-11-02", "positionDirect": 0, "positionDirectDate": "2016-11-02"}, {"maxAge": 1, "name": "SVA Family Welfare Trust", "relation": "Promoter", "url": "", "transactionDescription": "Sale", "latestTransDate": "2020-12-10", "positionDirect": 560, "positionDirectDate": "2020-12-10"}, {"maxAge": 1, "name": "Shri Ram Chandra Maharaja Trust", "relation": "Institution- Corporation", "url": "", "transactionDescription": "Sale", "latestTransDate": "2017-12-28", "positionIndirect": 4386680, "positionIndirectDate": 1514419200}, {"maxAge": 1, "name": "VIKALP S MUNDRA HUF", "relation": "Promoter", "url": "", "transactionDescription": "Sale", "latestTransDate": "2020-12-10", "positionDirect": 923, "positionDirectDate": "2020-12-10"}], "maxAge": 1}, "calendarEvents": {"maxAge": 1, "earnings": {"earningsDate": []}, "exDividendDate": "2017-09-11 05:30:00"}, "upgradeDowngradeHistory": {"history": [], "maxAge": 86400}, "price": {"maxAge": 1, "regularMarketChangePercent": 0.020408144, "regularMarketChange": 0.049999952, "regularMarketTime": "2021-04-30 15:29:44", "priceHint": 4, "regularMarketPrice": 2.5, "regularMarketDayHigh": 2.5, "regularMarketDayLow": 2.45, "regularMarketVolume": 519692, "averageDailyVolume10Day": 655945, "averageDailyVolume3Month": 2029058, "regularMarketPreviousClose": 2.45, "regularMarketSource": "FREE_REALTIME", "regularMarketOpen": 2.5, "exchange": "NSI", "exchangeName": "NSE", "exchangeDataDelayedBy": 15, "marketState": "CLOSED", "quoteType": "EQUITY", "symbol": "UJAAS.NS", "underlyingSymbol": null, "shortName": "UJAAS ENERGY LTD", "longName": "Ujaas Energy Limited", "currency": "INR", "quoteSourceName": "Delayed Quote", "currencySymbol": "\u20b9", "fromCurrency": null, "lastMarket": null, "marketCap": 504812480}, "balanceSheetHistory": {"balanceSheetStatements": [{"maxAge": 1, "endDate": "2020-03-31", "cash": 30435000, "netReceivables": 1021967000, "inventory": 427793000, "otherCurrentAssets": 245528000, "totalCurrentAssets": 1739991000, "longTermInvestments": 117300000, "propertyPlantEquipment": 1558732000, "intangibleAssets": 3349000, "otherAssets": 60829000, "totalAssets": 3480201000, "accountsPayable": 76301000, "shortLongTermDebt": 65591000, "otherCurrentLiab": 27549000, "longTermDebt": 524426000, "otherLiab": 328728000, "totalCurrentLiabilities": 545736000, "totalLiab": 1398890000, "commonStock": 200041000, "retainedEarnings": 1034905000, "treasuryStock": 41000, "capitalSurplus": 846324000, "otherStockholderEquity": 41000, "totalStockholderEquity": 2081311000, "netTangibleAssets": 2077962000}, {"maxAge": 1, "endDate": "2019-03-31", "cash": 6508000, "netReceivables": 1581958000, "inventory": 542850000, "otherCurrentAssets": 431335000, "totalCurrentAssets": 2582302000, "longTermInvestments": 25427000, "propertyPlantEquipment": 1647867000, "intangibleAssets": 2277000, "otherAssets": 76705000, "totalAssets": 4334578000, "accountsPayable": 230187000, "shortLongTermDebt": 103790000, "otherCurrentLiab": 93153000, "longTermDebt": 576250000, "otherLiab": 382426000, "totalCurrentLiabilities": 1159970000, "totalLiab": 2118646000, "commonStock": 200031000, "retainedEarnings": 1169536000, "treasuryStock": 41000, "capitalSurplus": 846324000, "otherStockholderEquity": 41000, "totalStockholderEquity": 2215932000, "netTangibleAssets": 2213655000}, {"maxAge": 1, "endDate": "2018-03-31", "cash": 69204000, "netReceivables": 1876818000, "inventory": 978632000, "otherCurrentAssets": 683113000, "totalCurrentAssets": 3630632000, "longTermInvestments": 27642000, "propertyPlantEquipment": 1738996000, "intangibleAssets": 3350000, "otherAssets": 105762000, "totalAssets": 5506382000, "accountsPayable": 1275753000, "shortLongTermDebt": 103790000, "otherCurrentLiab": 255018000, "longTermDebt": 680040000, "otherLiab": 437869000, "totalCurrentLiabilities": 2238255000, "totalLiab": 3356164000, "commonStock": 200000000, "retainedEarnings": 1100806000, "treasuryStock": 3088000, "capitalSurplus": 846324000, "otherStockholderEquity": 3088000, "totalStockholderEquity": 2150218000, "netTangibleAssets": 2146868000}, {"maxAge": 1, "endDate": "2017-03-31", "cash": 163423000, "netReceivables": 1926294000, "inventory": 450225000, "otherCurrentAssets": 444534000, "totalCurrentAssets": 3285915000, "longTermInvestments": 3000000, "propertyPlantEquipment": 1802910000, "intangibleAssets": 2700000, "otherAssets": 190913000, "totalAssets": 5285438000, "accountsPayable": 1314555000, "shortLongTermDebt": 104904000, "otherCurrentLiab": 299532000, "longTermDebt": 783830000, "otherLiab": 507383000, "totalCurrentLiabilities": 2008228000, "totalLiab": 3299441000, "commonStock": 200000000, "retainedEarnings": 939546000, "treasuryStock": 127000, "capitalSurplus": 846324000, "otherStockholderEquity": 127000, "totalStockholderEquity": 1985997000, "netTangibleAssets": 1983297000}], "maxAge": 86400}, "earningsTrend": {"trend": [{"maxAge": 1, "period": "0q", "endDate": null, "growth": {}, "earningsEstimate": {"avg": 0.0, "low": 0.0, "high": 0.0, "yearAgoEps": {}, "numberOfAnalysts": 0, "growth": {}}, "revenueEstimate": {"avg": 0, "low": 0, "high": 0, "numberOfAnalysts": 0, "yearAgoRevenue": {}, "growth": {}}, "epsTrend": {"current": 0.0, "7daysAgo": 0.0, "30daysAgo": 0.0, "60daysAgo": 0.0, "90daysAgo": 0.0}, "epsRevisions": {"upLast7days": 0, "upLast30days": 0, "downLast30days": 0, "downLast90days": {}}}, {"maxAge": 1, "period": "+1q", "endDate": null, "growth": {}, "earningsEstimate": {"avg": 0.0, "low": 0.0, "high": 0.0, "yearAgoEps": {}, "numberOfAnalysts": 0, "growth": {}}, "revenueEstimate": {"avg": 0, "low": 0, "high": 0, "numberOfAnalysts": 0, "yearAgoRevenue": {}, "growth": {}}, "epsTrend": {"current": 0.0, "7daysAgo": 0.0, "30daysAgo": 0.0, "60daysAgo": 0.0, "90daysAgo": 0.0}, "epsRevisions": {"upLast7days": 0, "upLast30days": 0, "downLast30days": 0, "downLast90days": {}}}, {"maxAge": 1, "period": "0y", "endDate": null, "growth": {}, "earningsEstimate": {"avg": 0.0, "low": 0.0, "high": 0.0, "yearAgoEps": {}, "numberOfAnalysts": 0, "growth": {}}, "revenueEstimate": {"avg": 0, "low": 0, "high": 0, "numberOfAnalysts": 0, "yearAgoRevenue": {}, "growth": {}}, "epsTrend": {"current": 0.0, "7daysAgo": 0.0, "30daysAgo": 0.0, "60daysAgo": 0.0, "90daysAgo": 0.0}, "epsRevisions": {"upLast7days": 0, "upLast30days": 0, "downLast30days": 0, "downLast90days": {}}}, {"maxAge": 1, "period": "+1y", "endDate": null, "growth": {}, "earningsEstimate": {"avg": 0.0, "low": 0.0, "high": 0.0, "yearAgoEps": {}, "numberOfAnalysts": 0, "growth": {}}, "revenueEstimate": {"avg": 0, "low": 0, "high": 0, "numberOfAnalysts": 0, "yearAgoRevenue": {}, "growth": {}}, "epsTrend": {"current": 0.0, "7daysAgo": 0.0, "30daysAgo": 0.0, "60daysAgo": 0.0, "90daysAgo": 0.0}, "epsRevisions": {"upLast7days": 0, "upLast30days": 0, "downLast30days": 0, "downLast90days": {}}}, {"maxAge": 1, "period": "+5y", "endDate": null, "growth": {}, "earningsEstimate": {"avg": {}, "low": {}, "high": {}, "yearAgoEps": {}, "numberOfAnalysts": {}, "growth": {}}, "revenueEstimate": {"avg": {}, "low": {}, "high": {}, "numberOfAnalysts": {}, "yearAgoRevenue": {}, "growth": {}}, "epsTrend": {"current": {}, "7daysAgo": {}, "30daysAgo": {}, "60daysAgo": {}, "90daysAgo": {}}, "epsRevisions": {"upLast7days": {}, "upLast30days": {}, "downLast30days": {}, "downLast90days": {}}}, {"maxAge": 1, "period": "-5y", "endDate": null, "growth": 0.78113, "earningsEstimate": {"avg": {}, "low": {}, "high": {}, "yearAgoEps": {}, "numberOfAnalysts": {}, "growth": {}}, "revenueEstimate": {"avg": {}, "low": {}, "high": {}, "numberOfAnalysts": {}, "yearAgoRevenue": {}, "growth": {}}, "epsTrend": {"current": {}, "7daysAgo": {}, "30daysAgo": {}, "60daysAgo": {}, "90daysAgo": {}}, "epsRevisions": {"upLast7days": {}, "upLast30days": {}, "downLast30days": {}, "downLast90days": {}}}], "maxAge": 1}, "institutionOwnership": {"ownershipList": [], "maxAge": 1}, "majorHoldersBreakdown": {"maxAge": 1, "insidersPercentHeld": 0.00014999999, "institutionsPercentHeld": 0.0, "institutionsFloatPercentHeld": 0.0, "institutionsCount": 0}, "balanceSheetHistoryQuarterly": {"balanceSheetStatements": [{"maxAge": 1, "endDate": "2020-12-31", "totalStockholderEquity": 1942025000, "netTangibleAssets": 1940690000}, {"maxAge": 1, "endDate": "2020-09-30", "cash": 63287000, "shortTermInvestments": 52246000, "netReceivables": 1003323000, "inventory": 319324000, "otherCurrentAssets": 119467000, "totalCurrentAssets": 1557647000, "longTermInvestments": 193120000, "propertyPlantEquipment": 1522457000, "intangibleAssets": 1335000, "otherAssets": 4616000, "totalAssets": 3279175000, "accountsPayable": 36614000, "shortLongTermDebt": 663112000, "otherCurrentLiab": 11224000, "otherLiab": 255658000, "totalCurrentLiabilities": 1081492000, "totalLiab": 1337150000, "commonStock": 200290000, "treasuryStock": 1741735000, "otherStockholderEquity": 1741735000, "totalStockholderEquity": 1942025000, "netTangibleAssets": 1940690000}, {"maxAge": 1, "endDate": "2020-06-30", "totalStockholderEquity": 2081311000, "netTangibleAssets": 2077962000}, {"maxAge": 1, "endDate": "2020-03-31", "cash": 30435000, "netReceivables": 1021967000, "inventory": 427793000, "otherCurrentAssets": 245528000, "totalCurrentAssets": 1739991000, "longTermInvestments": 117300000, "propertyPlantEquipment": 1558732000, "intangibleAssets": 3349000, "otherAssets": 60829000, "totalAssets": 3480201000, "accountsPayable": 76301000, "shortLongTermDebt": 65591000, "otherCurrentLiab": 27549000, "longTermDebt": 524426000, "otherLiab": 328728000, "totalCurrentLiabilities": 545736000, "totalLiab": 1398890000, "commonStock": 200041000, "retainedEarnings": 1034905000, "treasuryStock": 41000, "capitalSurplus": 846324000, "otherStockholderEquity": 41000, "totalStockholderEquity": 2081311000, "netTangibleAssets": 2077962000}], "maxAge": 86400}, "earningsHistory": {"history": [{"maxAge": 1, "epsActual": {}, "epsEstimate": {}, "epsDifference": {}, "surprisePercent": {}, "quarter": {}, "period": "-4q"}, {"maxAge": 1, "epsActual": {}, "epsEstimate": {}, "epsDifference": {}, "surprisePercent": {}, "quarter": {}, "period": "-3q"}, {"maxAge": 1, "epsActual": {}, "epsEstimate": {}, "epsDifference": {}, "surprisePercent": {}, "quarter": {}, "period": "-2q"}, {"maxAge": 1, "epsActual": {}, "epsEstimate": {}, "epsDifference": {}, "surprisePercent": {}, "quarter": {}, "period": "-1q"}], "maxAge": 86400}, "summaryProfile": {"address1": "Survey No. 211/1", "address2": "Opposite Sector-C and Metalman Sanwer Road Industrial Area", "city": "Indore", "zip": "452015", "country": "India", "phone": "91 73 1471 5300", "fax": "91 73 1471 5344", "website": "http://www.ujaas.com", "industry": "Solar", "sector": "Technology", "longBusinessSummary": "Ujaas Energy Limited manufactures and sells solar power systems in India. It operates through Solar Power Generation and Maintenance; Manufacturing and Sale of Solar Power Plant; and EV segments. The company also develops, operates, owns, and maintains solar energy power plants under the UJAAS brand; and provides engineering, procurement, and construction solutions. Its products include various transformers, including convertor and special purpose transformers, power transformers, distribution transformers, and arc furnace and induction furnace transformers; and offers electric scooters. The company was formerly known as M and B Switchgears Limited and changed its name to Ujaas Energy Limited in August 2013. Ujaas Energy Limited was founded in 1979 and is based in Indore, India.", "fullTimeEmployees": 124, "companyOfficers": [], "maxAge": 86400}, "netSharePurchaseActivity": {"maxAge": 1, "period": "6m", "buyInfoCount": 0, "buyInfoShares": 0, "sellInfoCount": 0, "netInfoCount": 0, "netInfoShares": 0, "netPercentInsiderShares": 0.0, "totalInsiderShares": 30043}, "insiderTransactions": {"transactions": [{"maxAge": 1, "shares": 6604235, "value": 245017, "filerUrl": "", "transactionText": "Sale at price 0.04 per share.", "filerName": "Mundra (Vikalp)", "filerRelation": "Promoter", "moneyText": "", "startDate": "2020-12-15", "ownership": "D"}, {"maxAge": 1, "shares": 328000, "value": 12759, "filerUrl": "", "transactionText": "Sale at price 0.04 per share.", "filerName": "Mundra (Shyamsunder Gendalal)", "filerRelation": "Promoter", "moneyText": "", "startDate": "2020-12-14", "ownership": "D"}, {"maxAge": 1, "shares": 15517000, "value": 603611, "filerUrl": "", "transactionText": "Sale at price 0.04 per share.", "filerName": "Mundra (Shyamsunder Gendalal)", "filerRelation": "Promoter", "moneyText": "", "startDate": "2020-12-14", "ownership": "D"}, {"maxAge": 1, "shares": 500000, "value": 18150, "filerUrl": "", "transactionText": "Sale at price 0.04 per share.", "filerName": "Mundra (Anurag S.)", "filerRelation": "Promoter", "moneyText": "", "startDate": "2020-12-14", "ownership": "D"}, {"maxAge": 1, "shares": 6836280, "value": 248156, "filerUrl": "", "transactionText": "Sale at price 0.04 per share.", "filerName": "Mundra (Anurag S.)", "filerRelation": "Promoter", "moneyText": "", "startDate": "2020-12-14", "ownership": "D"}, {"maxAge": 1, "shares": 5447000, "value": 228774, "filerUrl": "", "transactionText": "Sale at price 0.04 per share.", "filerName": "Mundra (Geeta)", "filerRelation": "Promoter", "moneyText": "", "startDate": "2020-12-11", "ownership": "D"}, {"maxAge": 1, "shares": 30800000, "value": 1250480, "filerUrl": "", "transactionText": "Sale at price 0.04 per share.", "filerName": "Mundra (Shyamsunder Gendalal)", "filerRelation": "Promoter", "moneyText": "", "startDate": "2020-12-11", "ownership": "D"}, {"maxAge": 1, "shares": 1871000, "value": 81014, "filerUrl": "", "transactionText": "Sale at price 0.04 per share.", "filerName": "Mundra (Vandana)", "filerRelation": "Promoter", "moneyText": "", "startDate": "2020-12-10", "ownership": "D"}, {"maxAge": 1, "shares": 435000, "value": 18139, "filerUrl": "", "transactionText": "Sale at price 0.04 per share.", "filerName": "Mundra (Anurag S) HUF", "filerRelation": "Promoter", "moneyText": "", "startDate": "2020-12-10", "ownership": "D"}, {"maxAge": 1, "shares": 13084000, "value": 566537, "filerUrl": "", "transactionText": "Sale at price 0.04 per share.", "filerName": "SVA Family Welfare Trust", "filerRelation": "Promoter", "moneyText": "", "startDate": "2020-12-10", "ownership": "D"}, {"maxAge": 1, "shares": 2351077, "value": 98745, "filerUrl": "", "transactionText": "Sale at price 0.04 per share.", "filerName": "VIKALP S MUNDRA HUF", "filerRelation": "Promoter", "moneyText": "", "startDate": "2020-12-10", "ownership": "D"}, {"maxAge": 1, "shares": 999000, "value": 43856, "filerUrl": "", "transactionText": "Sale at price 0.04 per share.", "filerName": "Mundra (Shyamsunder Gendalal)", "filerRelation": "Promoter", "moneyText": "", "startDate": "2020-12-09", "ownership": "D"}, {"maxAge": 1, "shares": 999000, "value": 43856, "filerUrl": "", "transactionText": "Sale at price 0.04 per share.", "filerName": "Mundra (Shyamsunder Gendalal)", "filerRelation": "Promoter", "moneyText": "", "startDate": "2020-12-09", "ownership": "D"}, {"maxAge": 1, "shares": 0, "filerUrl": "", "transactionText": "", "filerName": "SVA Family Welfare Trust", "filerRelation": "Promoter", "moneyText": "", "startDate": "2020-09-30", "ownership": "I"}, {"maxAge": 1, "shares": 17500000, "filerUrl": "", "transactionText": "", "filerName": "SVA Family Welfare Trust", "filerRelation": "Promoter", "moneyText": "", "startDate": "2020-09-29", "ownership": "D"}, {"maxAge": 1, "shares": 5000000, "value": 240499, "filerUrl": "", "transactionText": "Sale at price 0.05 per share.", "filerName": "SVA Family Welfare Trust", "filerRelation": "Promoter", "moneyText": "", "startDate": "2020-09-28", "ownership": "D"}, {"maxAge": 1, "shares": 5100000, "value": 426359, "filerUrl": "", "transactionText": "Sale at price 0.08 per share.", "filerName": "SVA Family Welfare Trust", "filerRelation": "Institution- Corporation", "moneyText": "", "startDate": "2020-07-23", "ownership": "D"}, {"maxAge": 1, "shares": 8979320, "value": 755160, "filerUrl": "", "transactionText": "Sale at price 0.08 per share.", "filerName": "SVA Family Welfare Trust", "filerRelation": "Promoter", "moneyText": "", "startDate": "2020-07-21", "ownership": "D"}, {"maxAge": 1, "shares": 0, "filerUrl": "", "transactionText": "", "filerName": "Shri Ram Chandra Maharaja Trust", "filerRelation": "Institution- Corporation", "moneyText": "", "startDate": "2017-12-28", "ownership": "I"}, {"maxAge": 1, "shares": 2980000, "filerUrl": "", "transactionText": "", "filerName": "Mundra (Anurag S.)", "filerRelation": "Joint Managing director", "moneyText": "", "startDate": "2017-02-22", "ownership": "D"}, {"maxAge": 1, "shares": 6871000, "filerUrl": "", "transactionText": "", "filerName": "Mundra (Shyamsunder Gendalal)", "filerRelation": "Managing Director", "moneyText": "", "startDate": "2017-02-22", "ownership": "D"}, {"maxAge": 1, "shares": 3230000, "filerUrl": "", "transactionText": "", "filerName": "SVA Family Welfare Trust", "filerRelation": "Institution- Corporation", "moneyText": "", "startDate": "2017-02-22", "ownership": "D"}, {"maxAge": 1, "shares": 1390000, "filerUrl": "", "transactionText": "", "filerName": "Shri Ram Chandra Maharaja Trust", "filerRelation": "Institution- Corporation", "moneyText": "", "startDate": "2017-02-22", "ownership": "D"}, {"maxAge": 1, "shares": 1090000, "filerUrl": "", "transactionText": "", "filerName": "Mundra (Vikalp)", "filerRelation": "Joint Managing director", "moneyText": "", "startDate": "2017-02-22", "ownership": "D"}, {"maxAge": 1, "shares": 1387119, "filerUrl": "", "transactionText": "", "filerName": "Neema (Priti)", "filerRelation": "UNREPORTED", "moneyText": "", "startDate": "2016-11-02", "ownership": "D"}, {"maxAge": 1, "shares": 0, "filerUrl": "", "transactionText": "", "filerName": "Neema (Amit)", "filerRelation": "UNREPORTED", "moneyText": "", "startDate": "2016-11-02", "ownership": "I"}, {"maxAge": 1, "shares": 25634, "filerUrl": "", "transactionText": "", "filerName": "Neema (Pranita)", "filerRelation": "UNREPORTED", "moneyText": "", "startDate": "2016-11-01", "ownership": "D"}, {"maxAge": 1, "shares": 20000, "filerUrl": "", "transactionText": "", "filerName": "Neema (Anurag)", "filerRelation": "UNREPORTED", "moneyText": "", "startDate": "2016-11-01", "ownership": "D"}, {"maxAge": 1, "shares": 150180, "filerUrl": "", "transactionText": "", "filerName": "Neema (Amit)", "filerRelation": "UNREPORTED", "moneyText": "", "startDate": "2016-11-01", "ownership": "D"}, {"maxAge": 1, "shares": 11000, "filerUrl": "", "transactionText": "", "filerName": "Neema (Amit) HUF", "filerRelation": "UNREPORTED", "moneyText": "", "startDate": "2014-06-10", "ownership": "D"}], "maxAge": 1}, "sectorTrend": {"maxAge": 1, "symbol": null, "estimates": []}, "incomeStatementHistoryQuarterly": {"incomeStatementHistory": [{"maxAge": 1, "endDate": "2020-12-31", "totalRevenue": 64278000, "costOfRevenue": 30568000, "grossProfit": 33710000, "researchDevelopment": {}, "sellingGeneralAdministrative": 8811000, "nonRecurring": {}, "otherOperatingExpenses": 46875000, "totalOperatingExpenses": 105170000, "operatingIncome": -40892000, "totalOtherIncomeExpenseNet": -32988000, "ebit": -40892000, "interestExpense": -35036000, "incomeBeforeTax": -73880000, "incomeTaxExpense": -19801000, "minorityInterest": {}, "netIncomeFromContinuingOps": -54079000, "discontinuedOperations": {}, "extraordinaryItems": {}, "effectOfAccountingCharges": {}, "otherItems": {}, "netIncome": -54079000, "netIncomeApplicableToCommonShares": -54079000}, {"maxAge": 1, "endDate": "2020-09-30", "totalRevenue": 70282000, "costOfRevenue": 127726000, "grossProfit": -57444000, "researchDevelopment": {}, "sellingGeneralAdministrative": 10927000, "nonRecurring": {}, "otherOperatingExpenses": 82828000, "totalOperatingExpenses": 240435000, "operatingIncome": -170153000, "totalOtherIncomeExpenseNet": -38150000, "ebit": -170153000, "interestExpense": -50441000, "incomeBeforeTax": -208303000, "incomeTaxExpense": -64634000, "minorityInterest": {}, "netIncomeFromContinuingOps": -143669000, "discontinuedOperations": {}, "extraordinaryItems": {}, "effectOfAccountingCharges": {}, "otherItems": {}, "netIncome": -143669000, "netIncomeApplicableToCommonShares": -143669000}, {"maxAge": 1, "endDate": "2020-06-30", "totalRevenue": 139281000, "costOfRevenue": 67323000, "grossProfit": 71958000, "researchDevelopment": {}, "sellingGeneralAdministrative": 6063000, "nonRecurring": {}, "otherOperatingExpenses": 13939000, "totalOperatingExpenses": 106169000, "operatingIncome": 33112000, "totalOtherIncomeExpenseNet": -29108000, "ebit": 33112000, "interestExpense": -31914000, "incomeBeforeTax": 4004000, "incomeTaxExpense": -695000, "minorityInterest": {}, "netIncomeFromContinuingOps": 4699000, "discontinuedOperations": {}, "extraordinaryItems": {}, "effectOfAccountingCharges": {}, "otherItems": {}, "netIncome": 4699000, "netIncomeApplicableToCommonShares": 4699000}, {"maxAge": 1, "endDate": "2020-03-31", "totalRevenue": 95743000, "costOfRevenue": 149098000, "grossProfit": -53355000, "researchDevelopment": {}, "sellingGeneralAdministrative": 101587000, "nonRecurring": {}, "otherOperatingExpenses": -57851000, "totalOperatingExpenses": 394078000, "operatingIncome": -298335000, "totalOtherIncomeExpenseNet": 26187000, "ebit": -298335000, "interestExpense": -31914000, "incomeBeforeTax": -272148000, "incomeTaxExpense": -41945000, "minorityInterest": {}, "netIncomeFromContinuingOps": -230203000, "discontinuedOperations": {}, "extraordinaryItems": {}, "effectOfAccountingCharges": {}, "otherItems": {}, "netIncome": -230203000, "netIncomeApplicableToCommonShares": -230203000}], "maxAge": 86400}, "cashflowStatementHistoryQuarterly": {"cashflowStatements": [{"maxAge": 1, "endDate": "2020-12-31", "netIncome": -54079000, "changeToLiabilities": 0}, {"maxAge": 1, "endDate": "2020-09-30", "netIncome": -143669000, "changeToLiabilities": 0}, {"maxAge": 1, "endDate": "2020-06-30", "netIncome": 4699000, "changeToLiabilities": 0}, {"maxAge": 1, "endDate": "2020-03-31", "netIncome": -230203000, "changeToLiabilities": 0}], "maxAge": 86400}, "earnings": {"maxAge": 86400, "earningsChart": {"quarterly": [], "earningsDate": []}, "financialsChart": {"yearly": [{"date": 2017, "revenue": 4863478000, "earnings": 364709000}, {"date": 2018, "revenue": 3341731000, "earnings": 169572000}, {"date": 2019, "revenue": 1560015000, "earnings": 66082000}, {"date": 2020, "revenue": 508828000, "earnings": -133526000}], "quarterly": [{"date": "1Q2020", "revenue": 95743000, "earnings": -230203000}, {"date": "2Q2020", "revenue": 139281000, "earnings": 4699000}, {"date": "3Q2020", "revenue": 70282000, "earnings": -143669000}, {"date": "4Q2020", "revenue": 64278000, "earnings": -54079000}]}, "financialCurrency": "INR"}, "financialData": {"maxAge": 86400, "currentPrice": 2.5, "targetHighPrice": 55.0, "targetLowPrice": 55.0, "targetMeanPrice": 55.0, "targetMedianPrice": 55.0, "recommendationMean": 1.0, "recommendationKey": "strong_buy", "numberOfAnalystOpinions": 1, "totalCash": 115533000, "totalCashPerShare": 0.577, "ebitda": 305166496, "totalDebt": 1032336000, "quickRatio": 1.922, "currentRatio": 2.639, "totalRevenue": 1158717056, "debtToEquity": 53.158, "revenuePerShare": 5.76, "grossProfits": 180181000, "revenueGrowth": -0.49, "grossMargins": 0.39471, "ebitdaMargins": 0.26337, "operatingMargins": 0.19313, "profitMargins": 0.1037, "financialCurrency": "INR"}}}