{"UJJIVANSFB.NS": {"assetProfile": {"address1": "Grape Garden", "address2": "6th Block No. 27, 3rd \u00e2\u0080\u0098A\u00e2\u0080\u0099 Cross 18th Main, Koramangala", "city": "Bengaluru", "zip": "560095", "country": "India", "phone": "91 80 4071 2121", "fax": "91 80 4146 8700", "website": "http://www.ujjivansfb.in", "industry": "Banks\u2014Regional", "sector": "Financial Services", "longBusinessSummary": "Ujjivan Small Finance Bank Limited provides various banking products and services in India. The company operates through Treasury, Retail Banking, and Corporate/Wholesale Banking segments. It offers current, savings, salary, and NRI accounts; and fixed, recurring, TASC fixed, and tax saver fixed deposits. The company's loan products include group loans, such as business, family, agriculture and allied, education, business top-up, emergency, and loyalty loans; individual loans comprising individual business, bazar, agriculture, and livestock loans, as well as home improvement and open market livestock loans; housing loans; and loan against properties. Its loan products also consists of micro and small enterprise loans, which include secured enterprise and business loans, overdraft facilities, and business edge term loans; personal loans; financial institutions group loans; and vehicle loans. The company also offers mobile, phone, net, SMS, and missed call banking services; debit cards; and insurance products, such as credit life, endowment, term, POS, ULIP, motor, property, home content, health, and personal accident insurance. As of March 31, 2020, it operated 575 banking outlets and 475 ATMs. The company was incorporated in 2016 and is headquartered in Bengaluru, India. Ujjivan Small Finance Bank Limited is a subsidiary of Ujjivan Financial Services Limited.", "fullTimeEmployees": 16733, "companyOfficers": [{"maxAge": 1, "name": "Mr. Nitin  Chugh", "age": 48, "title": "MD, CEO & Director", "yearBorn": 1972, "fiscalYear": 2020, "totalPay": 8997225, "exercisedValue": 0, "unexercisedValue": 0}, {"maxAge": 1, "name": "Ms. Upma  Goel", "age": 50, "title": "Chief Financial Officer", "yearBorn": 1970, "fiscalYear": 2020, "totalPay": 9110335, "exercisedValue": 0, "unexercisedValue": 0}, {"maxAge": 1, "name": "Mr. Chanchal  Kumar", "title": "Company Sec. & Compliance Officer", "fiscalYear": 2020, "totalPay": 4535739, "exercisedValue": 0, "unexercisedValue": 0}, {"maxAge": 1, "name": "Mr. Lakshman  Velayutham", "age": 48, "title": "Chief Marketing Officer", "yearBorn": 1972, "exercisedValue": 0, "unexercisedValue": 0}, {"maxAge": 1, "name": "Mr. Sanjay  Kao", "age": 62, "title": "Head of HR", "yearBorn": 1958, "exercisedValue": 0, "unexercisedValue": 0}, {"maxAge": 1, "name": "Mr. Rajat Kumar Singh", "age": 35, "title": "Bus. Head of Micro Banking & Rural Banking", "yearBorn": 1985, "exercisedValue": 0, "unexercisedValue": 0}, {"maxAge": 1, "name": "Mr. Jolly  Zachariah", "age": 58, "title": "Head of Channels", "yearBorn": 1962, "exercisedValue": 0, "unexercisedValue": 0}, {"maxAge": 1, "name": "Mr. Rajeev Padmanabh Pawar", "age": 51, "title": "Head of Treasury", "yearBorn": 1969, "exercisedValue": 0, "unexercisedValue": 0}, {"maxAge": 1, "name": "Mr. Venkat  Krishnan V", "title": "Chief Technology Officer", "exercisedValue": 0, "unexercisedValue": 0}, {"maxAge": 1, "name": "Mr. G.  Premkumar", "title": "Head of Admin. & Infra.", "exercisedValue": 0, "unexercisedValue": 0}], "compensationAsOfEpochDate": "2020-12-31 05:30:00", "maxAge": 86400}, "cashflowStatementHistory": {"cashflowStatements": [{"maxAge": 1, "endDate": "2020-03-31", "netIncome": 3499186000, "depreciation": 726290000, "changeToNetincome": 2099617000, "changeToLiabilities": 0, "changeToOperatingActivities": -44594332000, "totalCashFromOperatingActivities": -38269239000, "capitalExpenditures": -895277000, "totalCashflowsFromInvestingActivities": -889371000, "dividendsPaid": -110000000, "netBorrowings": -2128241000, "otherCashflowsFromFinancingActivities": 33987818000, "totalCashFromFinancingActivities": 41770028000, "changeInCash": 2611418000, "issuanceOfStock": 10020451000}, {"maxAge": 1, "endDate": "2019-03-31", "netIncome": 1992171000, "depreciation": 605977000, "changeToNetincome": 744701000, "changeToLiabilities": 0, "changeToOperatingActivities": -34634923000, "totalCashFromOperatingActivities": -31292074000, "capitalExpenditures": -1489926000, "totalCashflowsFromInvestingActivities": -1478593000, "dividendsPaid": -220000000, "netBorrowings": 3132450000, "otherCashflowsFromFinancingActivities": 36024012000, "totalCashFromFinancingActivities": 38936462000, "changeInCash": 6165795000, "issuanceOfStock": 10020451000}, {"maxAge": 1, "endDate": "2018-03-31", "netIncome": 68626000, "depreciation": 413732000, "changeToNetincome": 2772743000, "changeToLiabilities": 0, "changeToOperatingActivities": -15779065000, "totalCashFromOperatingActivities": -12523964000, "capitalExpenditures": -1009622000, "totalCashflowsFromInvestingActivities": -1005943000, "dividendsPaid": -220000000, "netBorrowings": -24385588000, "otherCashflowsFromFinancingActivities": 35661056000, "totalCashFromFinancingActivities": 11275468000, "changeInCash": -2254439000, "issuanceOfStock": 10020451000}, {"maxAge": 1, "endDate": "2017-03-31", "netIncome": 468000, "depreciation": 68054650, "changeToNetincome": 332318584, "changeToLiabilities": 0, "changeToOperatingActivities": -97606920932, "totalCashFromOperatingActivities": -97206079698, "capitalExpenditures": -2145098130, "totalCashflowsFromInvestingActivities": -2145098130, "dividendsPaid": -220000000, "netBorrowings": 83885363029, "otherCashflowsFromFinancingActivities": 2752156645, "totalCashFromFinancingActivities": 108504671540, "changeInCash": 9153493712, "issuanceOfStock": 19200485867}], "maxAge": 86400}, "institutionOwnership": {"ownershipList": [], "maxAge": 1}, "majorHoldersBreakdown": {"maxAge": 1, "insidersPercentHeld": 2.0000001e-05, "institutionsPercentHeld": 0.03266, "institutionsFloatPercentHeld": 0.03266, "institutionsCount": 9}, "balanceSheetHistoryQuarterly": {"balanceSheetStatements": [{"maxAge": 1, "endDate": "2020-12-31", "cash": 12060000000, "netReceivables": 4270000000, "totalCurrentAssets": 16330000000, "longTermInvestments": 34840000000, "propertyPlantEquipment": 2890000000, "otherAssets": 140100000000, "totalAssets": 194160000000, "accountsPayable": 116170000000, "longTermDebt": 33660000000, "otherLiab": 13540000000, "totalCurrentLiabilities": 116170000000, "totalLiab": 163370000000, "commonStock": 17282500000, "treasuryStock": 13507500000, "otherStockholderEquity": 13507500000, "totalStockholderEquity": 30790000000, "netTangibleAssets": 30790000000}, {"maxAge": 1, "endDate": "2020-09-30", "cash": 7555000000, "netReceivables": 3155500000, "totalCurrentAssets": 10710500000, "longTermInvestments": 33494100000, "propertyPlantEquipment": 2968400000, "otherAssets": 140772900000, "totalAssets": 187945900000, "accountsPayable": 107427700000, "longTermDebt": 39489100000, "otherLiab": 7494100000, "totalCurrentLiabilities": 107427700000, "totalLiab": 154410900000, "commonStock": 19282200000, "treasuryStock": 14252800000, "otherStockholderEquity": 14252800000, "totalStockholderEquity": 33535000000, "netTangibleAssets": 33535000000}, {"maxAge": 1, "endDate": "2020-06-30", "cash": 15320000000, "netReceivables": 3170000000, "totalCurrentAssets": 18490000000, "longTermInvestments": 26890000000, "propertyPlantEquipment": 3070000000, "otherAssets": 145630000000, "totalAssets": 194080000000, "accountsPayable": 110570000000, "longTermDebt": 44790000000, "otherLiab": 6210000000, "totalCurrentLiabilities": 110570000000, "totalLiab": 161570000000, "commonStock": 19280000000, "treasuryStock": 13230000000, "otherStockholderEquity": 13230000000, "totalStockholderEquity": 32510000000, "netTangibleAssets": 32510000000}, {"maxAge": 1, "endDate": "2020-03-31", "cash": 3121238000, "otherCurrentAssets": 12239433000, "totalCurrentAssets": 15360671000, "longTermInvestments": 23961375000, "propertyPlantEquipment": 3004832000, "otherAssets": 141785451000, "totalAssets": 184112329000, "accountsPayable": 107804837000, "shortLongTermDebt": 23559492000, "otherCurrentLiab": 481135000, "longTermDebt": 15973167000, "otherLiab": 2963543000, "totalCurrentLiabilities": 133298365000, "totalLiab": 152235075000, "commonStock": 17282232000, "retainedEarnings": 5010199000, "treasuryStock": 366495000, "capitalSurplus": 7218328000, "otherStockholderEquity": 366495000, "totalStockholderEquity": 29877254000, "netTangibleAssets": 29877254000}], "maxAge": 86400}, "indexTrend": {"maxAge": 1, "symbol": "SP5", "peRatio": 19.7411, "pegRatio": 1.34172, "estimates": [{"period": "0q", "growth": 0.549}, {"period": "+1q", "growth": 0.431}, {"period": "0y", "growth": 0.305}, {"period": "+1y", "growth": 0.109}, {"period": "+5y", "growth": 0.120865}, {"period": "-5y"}]}, "defaultKeyStatistics": {"maxAge": 1, "priceHint": 2, "enterpriseValue": 71391068160, "profitMargins": -0.04697, "floatShares": 252436402, "sharesOutstanding": 1728310016, "heldPercentInsiders": 2.0000001e-05, "heldPercentInstitutions": 0.03266, "category": null, "bookValue": 17.779, "priceToBook": 1.6170764, "fundFamily": null, "legalType": null, "lastFiscalYearEnd": "2020-03-31 05:30:00", "nextFiscalYearEnd": "2022-03-31 05:30:00", "mostRecentQuarter": "2020-12-31 05:30:00", "netIncomeToCommon": -682924992, "trailingEps": -0.411, "lastSplitFactor": null, "enterpriseToRevenue": 6.094}, "summaryProfile": {"address1": "Grape Garden", "address2": "6th Block No. 27, 3rd \u00e2\u0080\u0098A\u00e2\u0080\u0099 Cross 18th Main, Koramangala", "city": "Bengaluru", "zip": "560095", "country": "India", "phone": "91 80 4071 2121", "fax": "91 80 4146 8700", "website": "http://www.ujjivansfb.in", "industry": "Banks\u2014Regional", "sector": "Financial Services", "longBusinessSummary": "Ujjivan Small Finance Bank Limited provides various banking products and services in India. The company operates through Treasury, Retail Banking, and Corporate/Wholesale Banking segments. It offers current, savings, salary, and NRI accounts; and fixed, recurring, TASC fixed, and tax saver fixed deposits. The company's loan products include group loans, such as business, family, agriculture and allied, education, business top-up, emergency, and loyalty loans; individual loans comprising individual business, bazar, agriculture, and livestock loans, as well as home improvement and open market livestock loans; housing loans; and loan against properties. Its loan products also consists of micro and small enterprise loans, which include secured enterprise and business loans, overdraft facilities, and business edge term loans; personal loans; financial institutions group loans; and vehicle loans. The company also offers mobile, phone, net, SMS, and missed call banking services; debit cards; and insurance products, such as credit life, endowment, term, POS, ULIP, motor, property, home content, health, and personal accident insurance. As of March 31, 2020, it operated 575 banking outlets and 475 ATMs. The company was incorporated in 2016 and is headquartered in Bengaluru, India. Ujjivan Small Finance Bank Limited is a subsidiary of Ujjivan Financial Services Limited.", "fullTimeEmployees": 16733, "companyOfficers": [], "maxAge": 86400}, "netSharePurchaseActivity": {"maxAge": 1, "period": "6m", "buyInfoCount": 0, "buyInfoShares": 0, "sellInfoCount": 0, "netInfoCount": 0, "netInfoShares": 0, "netPercentInsiderShares": 0.0, "totalInsiderShares": 34637}, "insiderTransactions": {"transactions": [{"maxAge": 1, "shares": 50000, "value": 25300, "filerUrl": "", "transactionText": "Sale at price 0.51 per share.", "filerName": "P S (Martin)", "filerRelation": "UNREPORTED", "moneyText": "", "startDate": "2021-03-05", "ownership": "D"}, {"maxAge": 1, "shares": 35485, "value": 16734, "filerUrl": "", "transactionText": "Sale at price 0.47 per share.", "filerName": "P S (Martin)", "filerRelation": "UNREPORTED", "moneyText": "", "startDate": "2021-02-24", "ownership": "D"}, {"maxAge": 1, "shares": 64515, "value": 30625, "filerUrl": "", "transactionText": "Sale at price 0.47 per share.", "filerName": "P S (Martin)", "filerRelation": "UNREPORTED", "moneyText": "", "startDate": "2021-02-22", "ownership": "D"}], "maxAge": 1}, "quoteType": {"exchange": "NSI", "quoteType": "EQUITY", "symbol": "UJJIVANSFB.NS", "underlyingSymbol": "UJJIVANSFB.NS", "shortName": "Ujjivan Small Financ Bank", "longName": "Ujjivan Small Finance Bank Limited", "firstTradeDateEpochUtc": "2019-12-12 09:15:00", "timeZoneFullName": "Asia/Kolkata", "timeZoneShortName": "IST", "uuid": "79c02acc-47bf-3f8d-9592-06ec42e673f1", "gmtOffSetMilliseconds": 19800000, "maxAge": 1}, "incomeStatementHistory": {"incomeStatementHistory": [{"maxAge": 1, "endDate": "2020-03-31", "totalRevenue": 17848152000, "costOfRevenue": 0, "grossProfit": 17848152000, "researchDevelopment": {}, "sellingGeneralAdministrative": 10747176000, "nonRecurring": {}, "otherOperatingExpenses": 2144646000, "totalOperatingExpenses": 13185755000, "operatingIncome": 4662397000, "totalOtherIncomeExpenseNet": 0, "ebit": 0, "interestExpense": {}, "incomeBeforeTax": 4662397000, "incomeTaxExpense": 1163211000, "minorityInterest": {}, "netIncomeFromContinuingOps": 3499186000, "discontinuedOperations": {}, "extraordinaryItems": {}, "effectOfAccountingCharges": {}, "otherItems": {}, "netIncome": 3499186000, "netIncomeApplicableToCommonShares": 3366575000}, {"maxAge": 1, "endDate": "2019-03-31", "totalRevenue": 12717769000, "costOfRevenue": 0, "grossProfit": 12717769000, "researchDevelopment": {}, "sellingGeneralAdministrative": 8389348000, "nonRecurring": {}, "otherOperatingExpenses": 1644191000, "totalOperatingExpenses": 10033539000, "operatingIncome": 2684230000, "totalOtherIncomeExpenseNet": 0, "ebit": 0, "interestExpense": {}, "incomeBeforeTax": 2684230000, "incomeTaxExpense": 692059000, "minorityInterest": {}, "netIncomeFromContinuingOps": 1992171000, "discontinuedOperations": {}, "extraordinaryItems": {}, "effectOfAccountingCharges": {}, "otherItems": {}, "netIncome": 1992171000, "netIncomeApplicableToCommonShares": 1726950000}, {"maxAge": 1, "endDate": "2018-03-31", "totalRevenue": 6617165000, "costOfRevenue": 0, "grossProfit": 6617165000, "researchDevelopment": {}, "sellingGeneralAdministrative": 5501246000, "nonRecurring": {}, "otherOperatingExpenses": 1027452000, "totalOperatingExpenses": 6528698000, "operatingIncome": 88467000, "totalOtherIncomeExpenseNet": 0, "ebit": 0, "interestExpense": {}, "incomeBeforeTax": 88467000, "incomeTaxExpense": 19841000, "minorityInterest": {}, "netIncomeFromContinuingOps": 68626000, "discontinuedOperations": {}, "extraordinaryItems": {}, "effectOfAccountingCharges": {}, "otherItems": {}, "netIncome": 68626000, "netIncomeApplicableToCommonShares": 68626000}, {"maxAge": 1, "endDate": "2017-03-31", "totalRevenue": 1497452959, "costOfRevenue": 0, "grossProfit": 1497452959, "researchDevelopment": {}, "sellingGeneralAdministrative": 1019169079, "nonRecurring": {}, "otherOperatingExpenses": 253069270, "totalOperatingExpenses": 1272238349, "operatingIncome": 225214610, "totalOtherIncomeExpenseNet": -213333280, "ebit": 0, "interestExpense": {}, "incomeBeforeTax": 11881330, "incomeTaxExpense": 11413330, "minorityInterest": {}, "netIncomeFromContinuingOps": 468000, "discontinuedOperations": {}, "extraordinaryItems": {}, "effectOfAccountingCharges": {}, "otherItems": {}, "netIncome": 468000, "netIncomeApplicableToCommonShares": 468000}], "maxAge": 86400}, "fundOwnership": {"ownershipList": [], "maxAge": 1}, "summaryDetail": {"maxAge": 1, "priceHint": 2, "previousClose": 28.9, "open": 28.45, "dayLow": 28.1, "dayHigh": 29.45, "regularMarketPreviousClose": 28.9, "regularMarketOpen": 28.45, "regularMarketDayLow": 28.1, "regularMarketDayHigh": 29.45, "payoutRatio": 0.0, "volume": 2979060, "regularMarketVolume": 2979060, "averageVolume": 3981484, "averageVolume10days": 2354477, "averageDailyVolume10Day": 2354477, "bid": 0.0, "ask": 0.0, "marketCap": 49688911872, "fiftyTwoWeekLow": 25.6, "fiftyTwoWeekHigh": 44.6, "priceToSalesTrailing12Months": 4.241242, "fiftyDayAverage": 33.508823, "twoHundredDayAverage": 35.22021, "currency": "INR", "fromCurrency": null, "lastMarket": null, "algorithm": null, "tradeable": false}, "incomeStatementHistoryQuarterly": {"incomeStatementHistory": [{"maxAge": 1, "endDate": "2020-12-31", "totalRevenue": -507400000, "costOfRevenue": 0, "grossProfit": -507400000, "researchDevelopment": {}, "sellingGeneralAdministrative": 2039400000, "nonRecurring": {}, "otherOperatingExpenses": 1249900000, "totalOperatingExpenses": 3289300000, "operatingIncome": -3796700000, "totalOtherIncomeExpenseNet": 0, "ebit": 0, "interestExpense": {}, "incomeBeforeTax": -3796700000, "incomeTaxExpense": -1008400000, "minorityInterest": {}, "netIncomeFromContinuingOps": -2788300000, "discontinuedOperations": {}, "extraordinaryItems": {}, "effectOfAccountingCharges": {}, "otherItems": {}, "netIncome": -2788300000, "netIncomeApplicableToCommonShares": -2788300000}, {"maxAge": 1, "endDate": "2020-09-30", "totalRevenue": 4340200000, "costOfRevenue": 0, "grossProfit": 4340200000, "researchDevelopment": {}, "sellingGeneralAdministrative": 1898000000, "nonRecurring": {}, "otherOperatingExpenses": 1125700000, "totalOperatingExpenses": 3023700000, "operatingIncome": 1316500000, "totalOtherIncomeExpenseNet": 0, "ebit": 0, "interestExpense": {}, "incomeBeforeTax": 1316500000, "incomeTaxExpense": 356500000, "minorityInterest": {}, "netIncomeFromContinuingOps": 960000000, "discontinuedOperations": {}, "extraordinaryItems": {}, "effectOfAccountingCharges": {}, "otherItems": {}, "netIncome": 960000000, "netIncomeApplicableToCommonShares": 960000000}, {"maxAge": 1, "endDate": "2020-06-30", "totalRevenue": 3463700000, "costOfRevenue": 0, "grossProfit": 3463700000, "researchDevelopment": {}, "sellingGeneralAdministrative": 1857600000, "nonRecurring": {}, "otherOperatingExpenses": 862600000, "totalOperatingExpenses": 2720200000, "operatingIncome": 743500000, "totalOtherIncomeExpenseNet": 0, "ebit": 0, "interestExpense": {}, "incomeBeforeTax": 743500000, "incomeTaxExpense": 197000000, "minorityInterest": {}, "netIncomeFromContinuingOps": 546500000, "discontinuedOperations": {}, "extraordinaryItems": {}, "effectOfAccountingCharges": {}, "otherItems": {}, "netIncome": 546500000, "netIncomeApplicableToCommonShares": 546500000}, {"maxAge": 1, "endDate": "2020-03-31", "totalRevenue": 4419152000, "costOfRevenue": 0, "grossProfit": 4419152000, "researchDevelopment": {}, "sellingGeneralAdministrative": 5411276000, "nonRecurring": {}, "otherOperatingExpenses": -2223154000, "totalOperatingExpenses": 3482055000, "operatingIncome": 937097000, "totalOtherIncomeExpenseNet": 0, "ebit": 0, "interestExpense": {}, "incomeBeforeTax": 937097000, "incomeTaxExpense": 205611000, "minorityInterest": {}, "netIncomeFromContinuingOps": 731486000, "discontinuedOperations": {}, "extraordinaryItems": {}, "effectOfAccountingCharges": {}, "otherItems": {}, "netIncome": 731486000, "netIncomeApplicableToCommonShares": 598875000}], "maxAge": 86400}, "cashflowStatementHistoryQuarterly": {"cashflowStatements": [{"maxAge": 1, "endDate": "2020-12-31", "netIncome": -2788300000, "changeToLiabilities": 0}, {"maxAge": 1, "endDate": "2020-09-30", "netIncome": 960000000, "changeToLiabilities": 0}, {"maxAge": 1, "endDate": "2020-06-30", "netIncome": 546500000, "changeToLiabilities": 0}, {"maxAge": 1, "endDate": "2020-03-31", "netIncome": 731486000, "changeToLiabilities": 0}], "maxAge": 86400}, "insiderHolders": {"holders": [{"maxAge": 1, "name": "P S (Martin)", "relation": "UNREPORTED", "url": "", "transactionDescription": "Sale", "latestTransDate": "2021-03-05", "positionDirect": 40300, "positionDirectDate": "2021-03-05"}], "maxAge": 1}, "calendarEvents": {"maxAge": 1, "earnings": {"earningsDate": []}}, "upgradeDowngradeHistory": {"history": [], "maxAge": 86400}, "price": {"maxAge": 1, "regularMarketChangePercent": -0.0051902984, "regularMarketChange": -0.14999962, "regularMarketTime": "2021-04-30 15:29:59", "priceHint": 2, "regularMarketPrice": 28.75, "regularMarketDayHigh": 29.45, "regularMarketDayLow": 28.1, "regularMarketVolume": 2979060, "averageDailyVolume10Day": 2354477, "averageDailyVolume3Month": 3981484, "regularMarketPreviousClose": 28.9, "regularMarketSource": "FREE_REALTIME", "regularMarketOpen": 28.45, "exchange": "NSI", "exchangeName": "NSE", "exchangeDataDelayedBy": 15, "marketState": "CLOSED", "quoteType": "EQUITY", "symbol": "UJJIVANSFB.NS", "underlyingSymbol": null, "shortName": "Ujjivan Small Financ Bank", "longName": "Ujjivan Small Finance Bank Limited", "currency": "INR", "quoteSourceName": "Delayed Quote", "currencySymbol": "\u20b9", "fromCurrency": null, "lastMarket": null, "marketCap": 49688911872}, "balanceSheetHistory": {"balanceSheetStatements": [{"maxAge": 1, "endDate": "2020-03-31", "cash": 3121238000, "otherCurrentAssets": 12239433000, "totalCurrentAssets": 15360671000, "longTermInvestments": 23961375000, "propertyPlantEquipment": 3004832000, "otherAssets": 141785451000, "totalAssets": 184112329000, "accountsPayable": 107804837000, "shortLongTermDebt": 23559492000, "otherCurrentLiab": 481135000, "longTermDebt": 15973167000, "otherLiab": 2963543000, "totalCurrentLiabilities": 133298365000, "totalLiab": 152235075000, "commonStock": 17282232000, "retainedEarnings": 5010199000, "treasuryStock": 366495000, "capitalSurplus": 7218328000, "otherStockholderEquity": 366495000, "totalStockholderEquity": 29877254000, "netTangibleAssets": 29877254000}, {"maxAge": 1, "endDate": "2019-03-31", "cash": 7210708000, "netReceivables": 6479961000, "otherCurrentAssets": 4942404000, "totalCurrentAssets": 12153112000, "longTermInvestments": 15266222000, "propertyPlantEquipment": 2844495000, "otherAssets": 107158318000, "totalAssets": 137422147000, "accountsPayable": 73794408000, "shortLongTermDebt": 16837267000, "otherCurrentLiab": 874043000, "longTermDebt": 24823633000, "otherLiab": 1873942000, "totalCurrentLiabilities": 92528278000, "totalLiab": 119225853000, "commonStock": 14400368000, "retainedEarnings": 1698913000, "treasuryStock": 97013000, "otherStockholderEquity": 97013000, "totalStockholderEquity": 16196294000, "netTangibleAssets": 16196294000}, {"maxAge": 1, "endDate": "2018-03-31", "cash": 2491731000, "netReceivables": 123524000, "otherCurrentAssets": 2982729000, "totalCurrentAssets": 5597984000, "longTermInvestments": 12324789000, "propertyPlantEquipment": 1983448000, "otherAssets": 74825539000, "totalAssets": 94731760000, "accountsPayable": 37725174000, "shortLongTermDebt": 23867550000, "otherCurrentLiab": 243556000, "longTermDebt": 14660900000, "otherLiab": 1100845000, "totalCurrentLiabilities": 62500670000, "totalLiab": 78262415000, "commonStock": 14400368000, "retainedEarnings": 68977000, "totalStockholderEquity": 14469345000, "netTangibleAssets": 14469345000}, {"maxAge": 1, "endDate": "2017-03-31", "cash": 4657848000, "otherCurrentAssets": 2956691000, "totalCurrentAssets": 7614539000, "longTermInvestments": 14466770000, "propertyPlantEquipment": 1397686000, "otherAssets": 60877017000, "totalAssets": 84356012000, "accountsPayable": 2064118000, "shortLongTermDebt": 34523281000, "otherCurrentLiab": 75000, "longTermDebt": 28390757000, "otherLiab": 2376918000, "totalCurrentLiabilities": 37187618000, "totalLiab": 67955293000, "commonStock": 14400368000, "retainedEarnings": 351000, "totalStockholderEquity": 14400719000, "netTangibleAssets": 14400719000}], "maxAge": 86400}, "financialData": {"maxAge": 86400, "currentPrice": 28.75, "recommendationKey": "none", "totalCash": 12060000256, "totalCashPerShare": 6.964, "totalDebt": 33660000256, "totalRevenue": 11715651584, "revenuePerShare": 6.995, "returnOnAssets": -0.00299, "returnOnEquity": -0.01779, "grossProfits": 17848152000, "grossMargins": 0.0, "ebitdaMargins": 0.0, "operatingMargins": -0.06825, "profitMargins": -0.04697, "financialCurrency": "INR"}}}