{"UJJIVAN.BO": {"recommendationTrend": {"trend": [{"period": "0m", "strongBuy": 0, "buy": 0, "hold": 0, "sell": 0, "strongSell": 0}, {"period": "-1m", "strongBuy": 0, "buy": 0, "hold": 0, "sell": 0, "strongSell": 0}, {"period": "-2m", "strongBuy": 0, "buy": 0, "hold": 0, "sell": 0, "strongSell": 0}, {"period": "-3m", "strongBuy": 0, "buy": 0, "hold": 0, "sell": 0, "strongSell": 0}], "maxAge": 86400}, "cashflowStatementHistory": {"cashflowStatements": [{"maxAge": 1, "endDate": "2020-03-31", "netIncome": 2822944000, "depreciation": 1444179000, "changeToNetincome": 2335290000, "changeToLiabilities": 197384000, "changeToOperatingActivities": -31657250000, "totalCashFromOperatingActivities": -24641698000, "capitalExpenditures": -2060540000, "investments": -8815640000, "totalCashflowsFromInvestingActivities": -10870051000, "dividendsPaid": -54622000, "netBorrowings": -5829288000, "otherCashflowsFromFinancingActivities": 43960046000, "totalCashFromFinancingActivities": 38121994000, "changeInCash": 2610245000, "issuanceOfStock": 45858000}, {"maxAge": 1, "endDate": "2019-03-31", "netIncome": 1504440000, "depreciation": 437111000, "changeToNetincome": 905543000, "changeToLiabilities": 193303000, "changeToOperatingActivities": -35684498000, "totalCashFromOperatingActivities": -32475036000, "capitalExpenditures": -1490431000, "investments": -3030397000, "otherCashflowsFromInvestingActivities": 31313000, "totalCashflowsFromInvestingActivities": -4478063000, "dividendsPaid": -163478000, "netBorrowings": 7301599000, "otherCashflowsFromFinancingActivities": 34808277000, "totalCashFromFinancingActivities": 41979719000, "changeInCash": 5026620000, "issuanceOfStock": 33321000}, {"maxAge": 1, "endDate": "2018-03-31", "netIncome": 259516000, "depreciation": 258756000, "changeToNetincome": 2195509000, "changeToLiabilities": 119291000, "changeToOperatingActivities": 18916508000, "totalCashFromOperatingActivities": 21904671000, "capitalExpenditures": -1010238000, "investments": 2133928000, "otherCashflowsFromInvestingActivities": 1449000, "totalCashflowsFromInvestingActivities": 1129014000, "dividendsPaid": -95715000, "netBorrowings": -24385588000, "otherCashflowsFromFinancingActivities": -19485000, "totalCashFromFinancingActivities": -24408475000, "changeInCash": -1374790000, "issuanceOfStock": 92313000}, {"maxAge": 1, "endDate": "2017-03-31", "netIncome": 2076711158, "depreciation": 95651832, "changeToNetincome": 301490496, "changeToLiabilities": 133947227, "changeToOperatingActivities": -8464532112, "totalCashFromOperatingActivities": -5826072767, "capitalExpenditures": -1419339950, "investments": -14361037008, "otherCashflowsFromInvestingActivities": 27017261, "totalCashflowsFromInvestingActivities": -15591762358, "dividendsPaid": -95715000, "netBorrowings": 19534079786, "otherCashflowsFromFinancingActivities": 1064117905, "totalCashFromFinancingActivities": 24086307919, "changeInCash": 2668472793, "issuanceOfStock": 3488110228}], "maxAge": 86400}, "institutionOwnership": {"ownershipList": [], "maxAge": 1}, "balanceSheetHistoryQuarterly": {"balanceSheetStatements": [{"maxAge": 1, "endDate": "2020-06-30", "totalStockholderEquity": 28396243000, "netTangibleAssets": 27622033000}, {"maxAge": 1, "endDate": "2020-03-31", "cash": 13398582000, "netReceivables": 139372531000, "otherCurrentAssets": 844006000, "totalCurrentAssets": 153615119000, "longTermInvestments": 24296893000, "propertyPlantEquipment": 7420702000, "intangibleAssets": 774210000, "otherAssets": 1003837000, "deferredLongTermAssetCharges": 892054000, "totalAssets": 187110761000, "accountsPayable": 107196421000, "shortLongTermDebt": 17850900000, "otherCurrentLiab": 636142000, "longTermDebt": 14586701000, "otherLiab": 352120000, "minorityInterest": 3311973000, "totalCurrentLiabilities": 134508925000, "totalLiab": 155402545000, "commonStock": 1216032000, "retainedEarnings": 15511966000, "treasuryStock": 603189000, "capitalSurplus": 11065056000, "otherStockholderEquity": 603189000, "totalStockholderEquity": 28396243000, "netTangibleAssets": 27622033000}, {"maxAge": 1, "endDate": "2019-12-31", "totalStockholderEquity": 20419324000, "netTangibleAssets": 19627185000}, {"maxAge": 1, "endDate": "2019-09-30", "cash": 7123021000, "netReceivables": 127278022000, "otherCurrentAssets": 321518000, "totalCurrentAssets": 134722561000, "longTermInvestments": 20389401000, "propertyPlantEquipment": 6219526000, "intangibleAssets": 792139000, "otherAssets": 1362018000, "deferredLongTermAssetCharges": 880149000, "totalAssets": 163485645000, "accountsPayable": 100438366000, "otherCurrentLiab": 2194000, "longTermDebt": 34749587000, "otherLiab": 3285974000, "totalCurrentLiabilities": 100440560000, "totalLiab": 143066321000, "commonStock": 1214706000, "treasuryStock": 19204618000, "otherStockholderEquity": 19204618000, "totalStockholderEquity": 20419324000, "netTangibleAssets": 19627185000}], "maxAge": 86400}, "earningsHistory": {"history": [{"maxAge": 1, "epsActual": 2.43, "epsEstimate": 2.57, "epsDifference": -0.14, "surprisePercent": -0.054, "quarter": "2017-12-31", "period": "-4q"}, {"maxAge": 1, "epsActual": 5.36, "epsEstimate": 3.27, "epsDifference": 2.09, "surprisePercent": 0.639, "quarter": "2018-03-31", "period": "-3q"}, {"maxAge": 1, "epsActual": 3.7, "epsEstimate": 5.3, "epsDifference": -1.6, "surprisePercent": -0.30200002, "quarter": "2018-06-30", "period": "-2q"}, {"maxAge": 1, "epsActual": 3.7, "epsEstimate": 3.35, "epsDifference": 0.35, "surprisePercent": 0.103999995, "quarter": "2018-09-30", "period": "-1q"}], "maxAge": 86400}, "indexTrend": {"maxAge": 1, "symbol": "SP5", "peRatio": 19.7411, "pegRatio": 1.34172, "estimates": [{"period": "0q", "growth": 0.549}, {"period": "+1q", "growth": 0.431}, {"period": "0y", "growth": 0.305}, {"period": "+1y", "growth": 0.109}, {"period": "+5y", "growth": 0.120865}, {"period": "-5y"}]}, "industryTrend": {"maxAge": 1, "symbol": null, "estimates": []}, "insiderTransactions": {"transactions": [{"maxAge": 1, "shares": 8481, "filerUrl": "", "transactionText": "", "filerName": "Alagarsamy (A P)", "filerRelation": "UNREPORTED", "moneyText": "", "startDate": "2020-03-23", "ownership": "D"}, {"maxAge": 1, "shares": 13924, "filerUrl": "", "transactionText": "", "filerName": "Ghosh (Samit)", "filerRelation": "Director", "moneyText": "", "startDate": "2020-02-17", "ownership": "D"}, {"maxAge": 1, "shares": 3264, "filerUrl": "", "transactionText": "", "filerName": "Subramaniam (Krishnamoortrhy)", "filerRelation": "UNREPORTED", "moneyText": "", "startDate": "2019-12-27", "ownership": "D"}, {"maxAge": 1, "shares": 3300, "filerUrl": "", "transactionText": "", "filerName": "Raj (Manish Kumar)", "filerRelation": "UNREPORTED", "moneyText": "", "startDate": "2019-12-23", "ownership": "D"}, {"maxAge": 1, "shares": 10000, "filerUrl": "", "transactionText": "", "filerName": "Ittira (Anna Davis)", "filerRelation": "Managing Director", "moneyText": "", "startDate": "2019-12-23", "ownership": "D"}, {"maxAge": 1, "shares": 4000, "filerUrl": "", "transactionText": "", "filerName": "Furtado (Carol)", "filerRelation": "Chief Operating Officer", "moneyText": "", "startDate": "2019-12-03", "ownership": "D"}, {"maxAge": 1, "shares": 5500, "filerUrl": "", "transactionText": "", "filerName": "Subramaniam (Krishnamoortrhy)", "filerRelation": "UNREPORTED", "moneyText": "", "startDate": "2019-11-29", "ownership": "D"}, {"maxAge": 1, "shares": 2222, "filerUrl": "", "transactionText": "", "filerName": "Furtado (Carol)", "filerRelation": "Chief Operating Officer", "moneyText": "", "startDate": "2019-11-27", "ownership": "D"}, {"maxAge": 1, "shares": 4400, "filerUrl": "", "transactionText": "", "filerName": "Christy (Jhon)", "filerRelation": "UNREPORTED", "moneyText": "", "startDate": "2019-09-26", "ownership": "D"}, {"maxAge": 1, "shares": 9000, "filerUrl": "", "transactionText": "", "filerName": "Furtado (Carol)", "filerRelation": "Chief Operating Officer", "moneyText": "", "startDate": "2019-09-26", "ownership": "D"}, {"maxAge": 1, "shares": 26030, "filerUrl": "", "transactionText": "", "filerName": "Sebastian (Martin Pampilly)", "filerRelation": "UNREPORTED", "moneyText": "", "startDate": "2019-09-04", "ownership": "D"}, {"maxAge": 1, "shares": 4527, "filerUrl": "", "transactionText": "", "filerName": "Kumar (Pankaj Porwal)", "filerRelation": "UNREPORTED", "moneyText": "", "startDate": "2019-08-29", "ownership": "D"}, {"maxAge": 1, "shares": 10000, "filerUrl": "", "transactionText": "", "filerName": "Furtado (Carol)", "filerRelation": "Chief Operating Officer", "moneyText": "", "startDate": "2019-08-09", "ownership": "D"}, {"maxAge": 1, "shares": 4000, "filerUrl": "", "transactionText": "", "filerName": "Christy (Jhon)", "filerRelation": "UNREPORTED", "moneyText": "", "startDate": "2019-06-06", "ownership": "D"}, {"maxAge": 1, "shares": 50790, "filerUrl": "", "transactionText": "", "filerName": "Furtado (Carol)", "filerRelation": "Chief Operating Officer", "moneyText": "", "startDate": "2019-05-29", "ownership": "D"}, {"maxAge": 1, "shares": 8567, "filerUrl": "", "transactionText": "", "filerName": "Premkumar (G)", "filerRelation": "UNREPORTED", "moneyText": "", "startDate": "2019-03-08", "ownership": "D"}, {"maxAge": 1, "shares": 10200, "filerUrl": "", "transactionText": "", "filerName": "Premkumar (G)", "filerRelation": "UNREPORTED", "moneyText": "", "startDate": "2018-10-30", "ownership": "D"}, {"maxAge": 1, "shares": 5175, "filerUrl": "", "transactionText": "", "filerName": "Premkumar (G)", "filerRelation": "UNREPORTED", "moneyText": "", "startDate": "2018-10-09", "ownership": "D"}, {"maxAge": 1, "shares": 10588, "filerUrl": "", "transactionText": "", "filerName": "Premkumar (G)", "filerRelation": "UNREPORTED", "moneyText": "", "startDate": "2018-10-08", "ownership": "D"}, {"maxAge": 1, "shares": 1312352, "filerUrl": "", "transactionText": "", "filerName": "Ghosh (Samit)", "filerRelation": "Director", "moneyText": "", "startDate": "2018-01-29", "ownership": "D"}, {"maxAge": 1, "shares": 100000, "filerUrl": "", "transactionText": "", "filerName": "Ghosh (Samit)", "filerRelation": "Director", "moneyText": "", "startDate": "2018-01-22", "ownership": "D"}, {"maxAge": 1, "shares": 30000, "filerUrl": "", "transactionText": "", "filerName": "Ghosh (Samit)", "filerRelation": "Director", "moneyText": "", "startDate": "2018-01-19", "ownership": "D"}, {"maxAge": 1, "shares": 40000, "filerUrl": "", "transactionText": "", "filerName": "Ghosh (Samit)", "filerRelation": "Director", "moneyText": "", "startDate": "2018-01-15", "ownership": "D"}, {"maxAge": 1, "shares": 320100, "filerUrl": "", "transactionText": "", "filerName": "Ghosh (Samit)", "filerRelation": "Director", "moneyText": "", "startDate": "2018-01-12", "ownership": "D"}, {"maxAge": 1, "shares": 792382, "filerUrl": "", "transactionText": "", "filerName": "Ghosh (Samit)", "filerRelation": "Director", "moneyText": "", "startDate": "2017-10-24", "ownership": "D"}, {"maxAge": 1, "shares": 166400, "filerUrl": "", "transactionText": "", "filerName": "Ghosh (Samit)", "filerRelation": "Director", "moneyText": "", "startDate": "2017-09-19", "ownership": "D"}, {"maxAge": 1, "shares": 150000, "filerUrl": "", "transactionText": "", "filerName": "Ghosh (Samit)", "filerRelation": "Director", "moneyText": "", "startDate": "2017-09-14", "ownership": "D"}, {"maxAge": 1, "shares": 20000, "filerUrl": "", "transactionText": "", "filerName": "Ghosh (Samit)", "filerRelation": "Director", "moneyText": "", "startDate": "2017-09-12", "ownership": "D"}, {"maxAge": 1, "shares": 38370, "filerUrl": "", "transactionText": "", "filerName": "Ghosh (Samit)", "filerRelation": "Director", "moneyText": "", "startDate": "2017-09-06", "ownership": "D"}, {"maxAge": 1, "shares": 3700, "filerUrl": "", "transactionText": "", "filerName": "Premkumar (G)", "filerRelation": "UNREPORTED", "moneyText": "", "startDate": "2017-08-21", "ownership": "D"}, {"maxAge": 1, "shares": 330000, "filerUrl": "", "transactionText": "", "filerName": "Ghosh (Samit)", "filerRelation": "UNREPORTED", "moneyText": "", "startDate": "2017-01-23", "ownership": "D"}], "maxAge": 1}, "quoteType": {"exchange": "BSE", "quoteType": "EQUITY", "symbol": "UJJIVAN.BO", "underlyingSymbol": "UJJIVAN.BO", "shortName": "Ujjivan Financial Services Lim", "longName": "Ujjivan Financial Services Limited", "firstTradeDateEpochUtc": "2016-05-11 09:15:00", "timeZoneFullName": "Asia/Kolkata", "timeZoneShortName": "IST", "uuid": "3fdff875-e7b2-37dc-90a8-2c3ae385ead5", "gmtOffSetMilliseconds": 19800000, "maxAge": 1}, "incomeStatementHistory": {"incomeStatementHistory": [{"maxAge": 1, "endDate": "2020-03-31", "totalRevenue": 18531802000, "costOfRevenue": 595989000, "grossProfit": 17935813000, "researchDevelopment": {}, "sellingGeneralAdministrative": 7614467000, "nonRecurring": {}, "otherOperatingExpenses": 4515125000, "totalOperatingExpenses": 14385515000, "operatingIncome": 4146287000, "totalOtherIncomeExpenseNet": 12804000, "ebit": 0, "interestExpense": {}, "incomeBeforeTax": 4159091000, "incomeTaxExpense": 1172504000, "minorityInterest": 3311973000, "netIncomeFromContinuingOps": 2986587000, "discontinuedOperations": {}, "extraordinaryItems": {}, "effectOfAccountingCharges": {}, "otherItems": {}, "netIncome": 2822944000, "netIncomeApplicableToCommonShares": 2822944000}, {"maxAge": 1, "endDate": "2019-03-31", "totalRevenue": 12877351000, "costOfRevenue": 713811000, "grossProfit": 12163540000, "researchDevelopment": {}, "sellingGeneralAdministrative": 6300897000, "nonRecurring": {}, "otherOperatingExpenses": 3204052000, "totalOperatingExpenses": 10824936000, "operatingIncome": 2052415000, "totalOtherIncomeExpenseNet": -11429000, "ebit": 0, "interestExpense": {}, "incomeBeforeTax": 2040986000, "incomeTaxExpense": 536546000, "minorityInterest": 3311973000, "netIncomeFromContinuingOps": 1504440000, "discontinuedOperations": {}, "extraordinaryItems": {}, "effectOfAccountingCharges": {}, "otherItems": {}, "netIncome": 1504440000, "netIncomeApplicableToCommonShares": 1504440000}, {"maxAge": 1, "endDate": "2018-03-31", "totalRevenue": 9437802000, "costOfRevenue": 503717000, "grossProfit": 8934085000, "researchDevelopment": {}, "sellingGeneralAdministrative": 4185545000, "nonRecurring": {}, "otherOperatingExpenses": 3881990000, "totalOperatingExpenses": 8985099000, "operatingIncome": 452703000, "totalOtherIncomeExpenseNet": -6365000, "ebit": 0, "interestExpense": {}, "incomeBeforeTax": 446338000, "incomeTaxExpense": 186822000, "minorityInterest": 3311973000, "netIncomeFromContinuingOps": 259516000, "discontinuedOperations": {}, "extraordinaryItems": {}, "effectOfAccountingCharges": {}, "otherItems": {}, "netIncome": 259516000, "netIncomeApplicableToCommonShares": 259516000}, {"maxAge": 1, "endDate": "2017-03-31", "totalRevenue": 7988686267, "costOfRevenue": 1554681987, "grossProfit": 6434004280, "researchDevelopment": {}, "sellingGeneralAdministrative": 2896892194, "nonRecurring": {}, "otherOperatingExpenses": 136073659, "totalOperatingExpenses": 4768736779, "operatingIncome": 3219949488, "totalOtherIncomeExpenseNet": -2563767, "ebit": 0, "interestExpense": {}, "incomeBeforeTax": 3217385721, "incomeTaxExpense": 1140674563, "minorityInterest": 3311973000, "netIncomeFromContinuingOps": 2076711158, "discontinuedOperations": {}, "extraordinaryItems": {}, "effectOfAccountingCharges": {}, "otherItems": {}, "netIncome": 2076711158, "netIncomeApplicableToCommonShares": 2076711158}], "maxAge": 86400}, "fundOwnership": {"ownershipList": [{"maxAge": 1, "reportDate": "2020-08-31", "organization": "Aberdeen Standard SICAV I-Asian Smaller Companies Fd", "pctHeld": 0.0119, "position": 1445464, "value": 358908711}, {"maxAge": 1, "reportDate": "2020-08-31", "organization": "Aberdeen Standard SICAV I-Emerging Markets Smaller Companies Fd", "pctHeld": 0.0070999996, "position": 858300, "value": 213115890}, {"maxAge": 1, "reportDate": "2020-06-30", "organization": "College Retirement Equities Fund-Stock Account", "pctHeld": 0.0007, "position": 85556, "value": 18826597}, {"maxAge": 1, "reportDate": "2020-08-31", "organization": "iShares MSCI India Small Cap ETF", "pctHeld": 0.0005, "position": 64960, "value": 16129568}, {"maxAge": 1, "reportDate": "2020-08-31", "organization": "SPDR Portfolio Emerging Markets ETF", "pctHeld": 0.0005, "position": 62970, "value": 15635451}, {"maxAge": 1, "reportDate": "2020-08-31", "organization": "WisdomTree Tr-WisdomTree India Earnings Fd", "pctHeld": 0.00029999999, "position": 38712, "value": 9612189}, {"maxAge": 1, "reportDate": "2020-09-30", "organization": "SPDR (R) Idx Shares-SPDR (R) S&P (R) Emerging Asia Pacific ETF", "pctHeld": 0.0002, "position": 18919, "value": 3999476}], "maxAge": 1}, "summaryDetail": {"maxAge": 1, "priceHint": 2, "previousClose": 207.35, "open": 207.35, "dayLow": 200.9, "dayHigh": 207.35, "regularMarketPreviousClose": 207.35, "regularMarketOpen": 207.35, "regularMarketDayLow": 200.9, "regularMarketDayHigh": 207.35, "trailingPE": 9.33229, "forwardPE": 9.9852295, "volume": 53062, "regularMarketVolume": 53062, "averageVolume": 61293, "averageVolume10days": 80890, "averageDailyVolume10Day": 80890, "bid": 202.45, "ask": 203.25, "bidSize": 0, "askSize": 0, "marketCap": 24578144256, "fiftyTwoWeekLow": 124.55, "fiftyTwoWeekHigh": 415.4, "fiftyDayAverage": 278.78333, "twoHundredDayAverage": 247.59926, "trailingAnnualDividendRate": 0.8, "trailingAnnualDividendYield": 0.0038582108, "currency": "INR", "fromCurrency": null, "lastMarket": null, "algorithm": null, "tradeable": false}, "sectorTrend": {"maxAge": 1, "symbol": null, "estimates": []}, "incomeStatementHistoryQuarterly": {"incomeStatementHistory": [{"maxAge": 1, "endDate": "2020-06-30", "totalRevenue": 5340614000, "costOfRevenue": 0, "grossProfit": 5340614000, "researchDevelopment": {}, "sellingGeneralAdministrative": 1877988000, "nonRecurring": {}, "otherOperatingExpenses": 2056037000, "totalOperatingExpenses": 4281682000, "operatingIncome": 1058932000, "totalOtherIncomeExpenseNet": 0, "ebit": 0, "interestExpense": {}, "incomeBeforeTax": 1058932000, "incomeTaxExpense": 280083000, "minorityInterest": {}, "netIncomeFromContinuingOps": 778849000, "discontinuedOperations": {}, "extraordinaryItems": {}, "effectOfAccountingCharges": {}, "otherItems": {}, "netIncome": 650576000, "netIncomeApplicableToCommonShares": 650576000}, {"maxAge": 1, "endDate": "2020-03-31", "totalRevenue": 5137032000, "costOfRevenue": 595989000, "grossProfit": 4541043000, "researchDevelopment": {}, "sellingGeneralAdministrative": 2154089000, "nonRecurring": {}, "otherOperatingExpenses": 853614000, "totalOperatingExpenses": 4190169000, "operatingIncome": 946863000, "totalOtherIncomeExpenseNet": 12804000, "ebit": 0, "interestExpense": {}, "incomeBeforeTax": 959667000, "incomeTaxExpense": 185413000, "minorityInterest": 3311973000, "netIncomeFromContinuingOps": 774254000, "discontinuedOperations": {}, "extraordinaryItems": {}, "effectOfAccountingCharges": {}, "otherItems": {}, "netIncome": 640369000, "netIncomeApplicableToCommonShares": 640369000}, {"maxAge": 1, "endDate": "2019-12-31", "totalRevenue": 4762745000, "costOfRevenue": 0, "grossProfit": 4762745000, "researchDevelopment": {}, "sellingGeneralAdministrative": 1999290000, "nonRecurring": {}, "otherOperatingExpenses": 1395770000, "totalOperatingExpenses": 3762514000, "operatingIncome": 1000231000, "totalOtherIncomeExpenseNet": 0, "ebit": 0, "interestExpense": {}, "incomeBeforeTax": 1000231000, "incomeTaxExpense": 250523000, "minorityInterest": 3311973000, "netIncomeFromContinuingOps": 749708000, "discontinuedOperations": {}, "extraordinaryItems": {}, "effectOfAccountingCharges": {}, "otherItems": {}, "netIncome": 719950000, "netIncomeApplicableToCommonShares": 719950000}, {"maxAge": 1, "endDate": "2019-09-30", "totalRevenue": 4369106000, "costOfRevenue": 0, "grossProfit": 4369106000, "researchDevelopment": {}, "sellingGeneralAdministrative": 1824515000, "nonRecurring": {}, "otherOperatingExpenses": 1250301000, "totalOperatingExpenses": 3440215000, "operatingIncome": 928891000, "totalOtherIncomeExpenseNet": 0, "ebit": 0, "interestExpense": {}, "incomeBeforeTax": 928891000, "incomeTaxExpense": 296585000, "minorityInterest": 3311973000, "netIncomeFromContinuingOps": 632306000, "discontinuedOperations": {}, "extraordinaryItems": {}, "effectOfAccountingCharges": {}, "otherItems": {}, "netIncome": 632306000, "netIncomeApplicableToCommonShares": 632306000}], "maxAge": 86400}, "cashflowStatementHistoryQuarterly": {"cashflowStatements": [{"maxAge": 1, "endDate": "2020-06-30", "netIncome": 650576000, "changeToLiabilities": 0}, {"maxAge": 1, "endDate": "2020-03-31", "netIncome": 640369000, "changeToLiabilities": 0}, {"maxAge": 1, "endDate": "2019-12-31", "netIncome": 719950000, "changeToLiabilities": 0}, {"maxAge": 1, "endDate": "2019-09-30", "netIncome": 632306000, "changeToLiabilities": 0}], "maxAge": 86400}, "insiderHolders": {"holders": [{"maxAge": 1, "name": "Alagarsamy (A P)", "relation": "UNREPORTED", "url": "", "transactionDescription": "Sale", "latestTransDate": "2020-03-23", "positionDirect": 23500, "positionDirectDate": "2020-03-23"}, {"maxAge": 1, "name": "Christy (Jhon)", "relation": "UNREPORTED", "url": "", "transactionDescription": "Sale", "latestTransDate": "2019-09-26", "positionDirect": 17300, "positionDirectDate": "2019-09-26"}, {"maxAge": 1, "name": "Furtado (Carol)", "relation": "Chief Operating Officer", "url": "", "transactionDescription": "Sale", "latestTransDate": "2019-12-03", "positionDirect": 86180, "positionDirectDate": "2019-12-03"}, {"maxAge": 1, "name": "Ghosh (Samit)", "relation": "Director", "url": "", "transactionDescription": "Sale", "latestTransDate": "2020-02-17", "positionDirect": 36076, "positionDirectDate": "2020-02-17"}, {"maxAge": 1, "name": "Ittira (Anna Davis)", "relation": "Managing Director", "url": "", "transactionDescription": "Sale", "latestTransDate": "2019-12-23", "positionDirect": 40000, "positionDirectDate": "2019-12-23"}, {"maxAge": 1, "name": "Kumar (Pankaj Porwal)", "relation": "UNREPORTED", "url": "", "transactionDescription": "Sale", "latestTransDate": "2019-08-29", "positionDirect": 0, "positionDirectDate": "2019-08-29"}, {"maxAge": 1, "name": "Premkumar (G)", "relation": "UNREPORTED", "url": "", "transactionDescription": "Sale", "latestTransDate": "2019-03-08", "positionDirect": 32723, "positionDirectDate": "2019-03-08"}, {"maxAge": 1, "name": "Raj (Manish Kumar)", "relation": "UNREPORTED", "url": "", "transactionDescription": "Sale", "latestTransDate": "2019-12-23", "positionDirect": 690, "positionDirectDate": "2019-12-23"}, {"maxAge": 1, "name": "Sebastian (Martin Pampilly)", "relation": "UNREPORTED", "url": "", "transactionDescription": "Sale", "latestTransDate": "2019-09-04", "positionDirect": 0, "positionDirectDate": "2019-09-04"}, {"maxAge": 1, "name": "Subramaniam (Krishnamoortrhy)", "relation": "UNREPORTED", "url": "", "transactionDescription": "Sale", "latestTransDate": "2019-12-27", "positionDirect": 1000, "positionDirectDate": "2019-12-27"}], "maxAge": 1}, "earnings": {"maxAge": 86400, "earningsChart": {"quarterly": [{"date": "4Q2017", "actual": 2.43, "estimate": 2.57}, {"date": "1Q2018", "actual": 5.36, "estimate": 3.27}, {"date": "2Q2018", "actual": 3.7, "estimate": 5.3}, {"date": "3Q2018", "actual": 3.7, "estimate": 3.35}], "currentQuarterEstimateDate": "4Q", "currentQuarterEstimateYear": 2018, "earningsDate": ["2020-08-10 05:30:S"]}, "financialsChart": {"yearly": [{"date": 2017, "revenue": 7988686267, "earnings": 2076711158}, {"date": 2018, "revenue": 9437802000, "earnings": 259516000}, {"date": 2019, "revenue": 12877351000, "earnings": 1504440000}, {"date": 2020, "revenue": 18531802000, "earnings": 2822944000}], "quarterly": [{"date": "3Q2019", "revenue": 4369106000, "earnings": 632306000}, {"date": "4Q2019", "revenue": 4762745000, "earnings": 719950000}, {"date": "1Q2020", "revenue": 5137032000, "earnings": 640369000}, {"date": "2Q2020", "revenue": 5340614000, "earnings": 650576000}]}, "financialCurrency": "INR"}, "calendarEvents": {"maxAge": 1, "earnings": {"earningsDate": ["2020-08-10 05:30:S"], "revenueAverage": 4276500000, "revenueLow": 3249000000, "revenueHigh": 5304000000}}, "upgradeDowngradeHistory": {"history": [], "maxAge": 86400}, "price": {"maxAge": 1, "regularMarketChangePercent": -0.021943588, "regularMarketChange": -4.550003, "regularMarketTime": "2021-04-30 15:29:50", "priceHint": 2, "regularMarketPrice": 202.8, "regularMarketDayHigh": 207.35, "regularMarketDayLow": 200.9, "regularMarketVolume": 53062, "averageDailyVolume10Day": 80890, "averageDailyVolume3Month": 61293, "regularMarketPreviousClose": 207.35, "regularMarketSource": "FREE_REALTIME", "regularMarketOpen": 207.35, "exchange": "BSE", "exchangeName": "BSE", "exchangeDataDelayedBy": 0, "marketState": "CLOSED", "quoteType": "EQUITY", "symbol": "UJJIVAN.BO", "underlyingSymbol": null, "shortName": "Ujjivan Financial Services Lim", "longName": "Ujjivan Financial Services Limited", "currency": "INR", "quoteSourceName": "Delayed Quote", "currencySymbol": "\u20b9", "fromCurrency": null, "lastMarket": null, "marketCap": 24578144256}, "balanceSheetHistory": {"balanceSheetStatements": [{"maxAge": 1, "endDate": "2020-03-31", "cash": 13398582000, "netReceivables": 139372531000, "otherCurrentAssets": 844006000, "totalCurrentAssets": 153615119000, "longTermInvestments": 24296893000, "propertyPlantEquipment": 7420702000, "intangibleAssets": 774210000, "otherAssets": 1003837000, "deferredLongTermAssetCharges": 892054000, "totalAssets": 187110761000, "accountsPayable": 107196421000, "shortLongTermDebt": 17850900000, "otherCurrentLiab": 636142000, "longTermDebt": 14586701000, "otherLiab": 352120000, "minorityInterest": 3311973000, "totalCurrentLiabilities": 134508925000, "totalLiab": 155402545000, "commonStock": 1216032000, "retainedEarnings": 15511966000, "treasuryStock": 603189000, "capitalSurplus": 11065056000, "otherStockholderEquity": 603189000, "totalStockholderEquity": 28396243000, "netTangibleAssets": 27622033000}, {"maxAge": 1, "endDate": "2019-03-31", "cash": 10788337000, "netReceivables": 109366749000, "otherCurrentAssets": 936200000, "totalCurrentAssets": 121091286000, "longTermInvestments": 15478109000, "propertyPlantEquipment": 2092492000, "intangibleAssets": 752499000, "otherAssets": 844522000, "deferredLongTermAssetCharges": 758959000, "totalAssets": 140258908000, "accountsPayable": 73034970000, "shortLongTermDebt": 16038700000, "otherCurrentLiab": 974892000, "longTermDebt": 24356300000, "otherLiab": 359681000, "totalCurrentLiabilities": 96766105000, "totalLiab": 121482086000, "commonStock": 1211667000, "retainedEarnings": 6224940000, "treasuryStock": 328116000, "capitalSurplus": 11012099000, "otherStockholderEquity": 328116000, "totalStockholderEquity": 18776822000, "netTangibleAssets": 18024323000}, {"maxAge": 1, "endDate": "2018-03-31", "cash": 5761717000, "netReceivables": 73256570000, "otherCurrentAssets": 791017000, "totalCurrentAssets": 79809304000, "longTermInvestments": 12440822000, "propertyPlantEquipment": 1226605000, "intangibleAssets": 757149000, "otherAssets": 988558000, "deferredLongTermAssetCharges": 920006000, "totalAssets": 95222438000, "accountsPayable": 37976287000, "shortLongTermDebt": 9390400000, "otherCurrentLiab": 250970000, "longTermDebt": 17268899000, "otherLiab": 296550000, "totalCurrentLiabilities": 60338010000, "totalLiab": 77903459000, "commonStock": 1208618000, "retainedEarnings": 4947242000, "treasuryStock": 196253000, "capitalSurplus": 10966866000, "otherStockholderEquity": 196253000, "totalStockholderEquity": 17318979000, "netTangibleAssets": 16561830000}, {"maxAge": 1, "endDate": "2017-03-31", "cash": 7600750600, "netReceivables": 59541806353, "otherCurrentAssets": 809750194, "totalCurrentAssets": 67952307147, "longTermInvestments": 14466780488, "propertyPlantEquipment": 753523251, "intangibleAssets": 644162507, "otherAssets": 969136658, "deferredLongTermAssetCharges": 469696697, "totalAssets": 84785910051, "accountsPayable": 1204248135, "shortLongTermDebt": 34523282014, "otherCurrentLiab": 1793217452, "longTermDebt": 28390756190, "otherLiab": 511867494, "totalCurrentLiabilities": 38325410238, "totalLiab": 67228033922, "commonStock": 1193770720, "retainedEarnings": 5460856792, "treasuryStock": 24782167, "capitalSurplus": 10878466450, "otherStockholderEquity": 24782167, "totalStockholderEquity": 17557876129, "netTangibleAssets": 16913713622}], "maxAge": 86400}, "earningsTrend": {"trend": [{"maxAge": 1, "period": "0q", "endDate": "2018-12-31", "growth": {}, "earningsEstimate": {"avg": 0.0, "low": 0.0, "high": 0.0, "yearAgoEps": 2.43, "numberOfAnalysts": 0, "growth": {}}, "revenueEstimate": {"avg": 4276500000, "low": 3249000000, "high": 5304000000, "numberOfAnalysts": 2, "yearAgoRevenue": 1967010000, "growth": 1.174}, "epsTrend": {"current": 0.0, "7daysAgo": 3.8, "30daysAgo": 3.8, "60daysAgo": 3.8, "90daysAgo": 3.8}, "epsRevisions": {"upLast7days": 1, "upLast30days": 1, "downLast30days": 0, "downLast90days": {}}}, {"maxAge": 1, "period": "+1q", "endDate": "2019-03-31", "growth": {}, "earningsEstimate": {"avg": 0.0, "low": 0.0, "high": 0.0, "yearAgoEps": 5.36, "numberOfAnalysts": 0, "growth": {}}, "revenueEstimate": {"avg": 4650500000, "low": 3546000000, "high": 5755000000, "numberOfAnalysts": 2, "yearAgoRevenue": 2693030000, "growth": 0.727}, "epsTrend": {"current": 0.0, "7daysAgo": 4.5, "30daysAgo": 4.5, "60daysAgo": 4.5, "90daysAgo": 4.5}, "epsRevisions": {"upLast7days": 1, "upLast30days": 1, "downLast30days": 0, "downLast90days": {}}}, {"maxAge": 1, "period": "0y", "endDate": "2019-03-31", "growth": {}, "earningsEstimate": {"avg": 0.0, "low": 0.0, "high": 0.0, "yearAgoEps": {}, "numberOfAnalysts": 0, "growth": {}}, "revenueEstimate": {"avg": 12762500000, "low": 11629200000, "high": 13550600000, "numberOfAnalysts": 12, "yearAgoRevenue": 8384570000, "growth": 0.522}, "epsTrend": {"current": 0.0, "7daysAgo": 15.98, "30daysAgo": 15.98, "60daysAgo": 15.98, "90daysAgo": 15.98}, "epsRevisions": {"upLast7days": 0, "upLast30days": 0, "downLast30days": 0, "downLast90days": {}}}, {"maxAge": 1, "period": "+1y", "endDate": "2020-03-31", "growth": {}, "earningsEstimate": {"avg": 0.0, "low": 0.0, "high": 0.0, "yearAgoEps": {}, "numberOfAnalysts": 0, "growth": {}}, "revenueEstimate": {"avg": 16470700000, "low": 14777000000, "high": 17436700000, "numberOfAnalysts": 12, "yearAgoRevenue": 12762500000, "growth": 0.291}, "epsTrend": {"current": 0.0, "7daysAgo": 24.22, "30daysAgo": 24.22, "60daysAgo": 24.22, "90daysAgo": 24.22}, "epsRevisions": {"upLast7days": 0, "upLast30days": 0, "downLast30days": 0, "downLast90days": {}}}, {"maxAge": 1, "period": "+5y", "endDate": null, "growth": {}, "earningsEstimate": {"avg": {}, "low": {}, "high": {}, "yearAgoEps": {}, "numberOfAnalysts": {}, "growth": {}}, "revenueEstimate": {"avg": {}, "low": {}, "high": {}, "numberOfAnalysts": {}, "yearAgoRevenue": {}, "growth": {}}, "epsTrend": {"current": {}, "7daysAgo": {}, "30daysAgo": {}, "60daysAgo": {}, "90daysAgo": {}}, "epsRevisions": {"upLast7days": {}, "upLast30days": {}, "downLast30days": {}, "downLast90days": {}}}, {"maxAge": 1, "period": "-5y", "endDate": null, "growth": {}, "earningsEstimate": {"avg": {}, "low": {}, "high": {}, "yearAgoEps": {}, "numberOfAnalysts": {}, "growth": {}}, "revenueEstimate": {"avg": {}, "low": {}, "high": {}, "numberOfAnalysts": {}, "yearAgoRevenue": {}, "growth": {}}, "epsTrend": {"current": {}, "7daysAgo": {}, "30daysAgo": {}, "60daysAgo": {}, "90daysAgo": {}}, "epsRevisions": {"upLast7days": {}, "upLast30days": {}, "downLast30days": {}, "downLast90days": {}}}], "maxAge": 1}, "financialData": {"maxAge": 86400, "currentPrice": 202.8, "targetHighPrice": 470.0, "targetLowPrice": 234.0, "targetMeanPrice": 343.14, "targetMedianPrice": 345.5, "recommendationKey": "none", "numberOfAnalystOpinions": 14, "grossProfits": 17935813000, "financialCurrency": "INR"}}}