{"UJJIVAN.NS": {"assetProfile": {"address1": "Grape Garden, No. 27", "address2": "3rd A Cross, 18th Main 6th Block Koramangala", "city": "Bengaluru", "zip": "560095", "country": "India", "phone": "91 80 4071 2121", "fax": "91 80 4146 8700", "website": "http://www.ujjivan.com", "industry": "Credit Services", "sector": "Financial Services", "longBusinessSummary": "Ujjivan Financial Services Limited provides financial services to economically active poor in India. It offers micro and rural finance products, housing loans; personal loans, vehicle loans, institutional loans, agri loans, and staff loans, as well as secured and unsecured loans to micro and small businesses. The company also provides group and individual insurance products. As of March 31, 2020, it operated 575 branches. The company was formerly known as Ujjivan Financial Services Private Limited and changed its name to Ujjivan Financial Services Limited in November 2015. Ujjivan Financial Services Limited was founded in 2004 and is headquartered in Bengaluru, India.", "fullTimeEmployees": 17846, "companyOfficers": [{"maxAge": 1, "name": "Mr. Barun  Agarwal", "title": "Chief Financial Officer", "fiscalYear": 2020, "totalPay": 4599996, "exercisedValue": 0, "unexercisedValue": 0}, {"maxAge": 1, "name": "Mr. Sanjeev  Barnwal", "age": 39, "title": "Compliance Officer & Company Sec.", "yearBorn": 1981, "fiscalYear": 2020, "totalPay": 5255698, "exercisedValue": 0, "unexercisedValue": 0}, {"maxAge": 1, "name": "Mr. G.  Premkumar", "title": "Head of Vigilance and Admin.", "exercisedValue": 0, "unexercisedValue": 0}, {"maxAge": 1, "name": "Aakash  Jaiswal", "title": "Assistant Mang. of Investor Relations", "exercisedValue": 0, "unexercisedValue": 0}, {"maxAge": 1, "name": "Mr. Vijay  Balakrishnan", "title": "Chief Marketing Officer", "exercisedValue": 0, "unexercisedValue": 0}, {"maxAge": 1, "name": "Ms. Carol Kripanayana Furtado", "age": 48, "title": "Head of HR & Service Quality", "yearBorn": 1972, "exercisedValue": 0, "unexercisedValue": 0}, {"maxAge": 1, "name": "Mr. A. P. Alagarsamy", "title": "Head of Audit", "exercisedValue": 0, "unexercisedValue": 0}, {"maxAge": 1, "name": "Mr. Jolly  Zachariah", "age": 58, "title": "Head of Channels", "yearBorn": 1962, "exercisedValue": 0, "unexercisedValue": 0}, {"maxAge": 1, "name": "Mr. Pampilly S. Martin", "title": "Head of Operations & Service Quality", "exercisedValue": 0, "unexercisedValue": 0}, {"maxAge": 1, "name": "Mr. Rajat Kumar Singh", "age": 35, "title": "Head of Strategies and Planning", "yearBorn": 1985, "exercisedValue": 0, "unexercisedValue": 0}], "compensationAsOfEpochDate": "2020-12-31 05:30:00", "maxAge": 86400}, "recommendationTrend": {"trend": [{"period": "0m", "strongBuy": 0, "buy": 0, "hold": 0, "sell": 0, "strongSell": 0}, {"period": "-1m", "strongBuy": 4, "buy": 2, "hold": 2, "sell": 2, "strongSell": 1}, {"period": "-2m", "strongBuy": 4, "buy": 2, "hold": 2, "sell": 2, "strongSell": 1}, {"period": "-3m", "strongBuy": 5, "buy": 2, "hold": 2, "sell": 2, "strongSell": 1}], "maxAge": 86400}, "cashflowStatementHistory": {"cashflowStatements": [{"maxAge": 1, "endDate": "2020-03-31", "netIncome": 2822944000, "depreciation": 1444179000, "changeToNetincome": 2335290000, "changeToLiabilities": 197384000, "changeToOperatingActivities": -31657250000, "totalCashFromOperatingActivities": -24641698000, "capitalExpenditures": -2060540000, "investments": -8815640000, "totalCashflowsFromInvestingActivities": -10870051000, "dividendsPaid": -54622000, "netBorrowings": -5829288000, "otherCashflowsFromFinancingActivities": 43960046000, "totalCashFromFinancingActivities": 38121994000, "changeInCash": 2610245000, "issuanceOfStock": 45858000}, {"maxAge": 1, "endDate": "2019-03-31", "netIncome": 1504440000, "depreciation": 437111000, "changeToNetincome": 905543000, "changeToLiabilities": 193303000, "changeToOperatingActivities": -35684498000, "totalCashFromOperatingActivities": -32475036000, "capitalExpenditures": -1490431000, "investments": -3030397000, "otherCashflowsFromInvestingActivities": 31313000, "totalCashflowsFromInvestingActivities": -4478063000, "dividendsPaid": -163478000, "netBorrowings": 7301599000, "otherCashflowsFromFinancingActivities": 34808277000, "totalCashFromFinancingActivities": 41979719000, "changeInCash": 5026620000, "issuanceOfStock": 33321000}, {"maxAge": 1, "endDate": "2018-03-31", "netIncome": 259516000, "depreciation": 258756000, "changeToNetincome": 2195509000, "changeToLiabilities": 119291000, "changeToOperatingActivities": 18916508000, "totalCashFromOperatingActivities": 21904671000, "capitalExpenditures": -1010238000, "investments": 2133928000, "otherCashflowsFromInvestingActivities": 1449000, "totalCashflowsFromInvestingActivities": 1129014000, "dividendsPaid": -95715000, "netBorrowings": -24385588000, "otherCashflowsFromFinancingActivities": -19485000, "totalCashFromFinancingActivities": -24408475000, "changeInCash": -1374790000, "issuanceOfStock": 92313000}, {"maxAge": 1, "endDate": "2017-03-31", "netIncome": 2076711158, "depreciation": 95651832, "changeToNetincome": 301490496, "changeToLiabilities": 133947227, "changeToOperatingActivities": -8464532112, "totalCashFromOperatingActivities": -5826072767, "capitalExpenditures": -1419339950, "investments": -14361037008, "otherCashflowsFromInvestingActivities": 27017261, "totalCashflowsFromInvestingActivities": -15591762358, "dividendsPaid": -95715000, "netBorrowings": 19534079786, "otherCashflowsFromFinancingActivities": 1064117905, "totalCashFromFinancingActivities": 24086307919, "changeInCash": 2668472793, "issuanceOfStock": 3488110228}], "maxAge": 86400}, "indexTrend": {"maxAge": 1, "symbol": "SP5", "peRatio": 19.7411, "pegRatio": 1.34172, "estimates": [{"period": "0q", "growth": 0.549}, {"period": "+1q", "growth": 0.431}, {"period": "0y", "growth": 0.305}, {"period": "+1y", "growth": 0.109}, {"period": "+5y", "growth": 0.120865}, {"period": "-5y"}]}, "defaultKeyStatistics": {"maxAge": 1, "priceHint": 2, "enterpriseValue": 60154810368, "forwardPE": 8.042874, "profitMargins": -0.09674, "floatShares": 83386363, "sharesOutstanding": 121661000, "heldPercentInsiders": 0.35057, "heldPercentInstitutions": 0.18023, "beta": 1.433258, "category": null, "bookValue": 245.691, "priceToBook": 0.8246131, "fundFamily": null, "legalType": null, "lastFiscalYearEnd": "2020-03-31 05:30:00", "nextFiscalYearEnd": "2022-03-31 05:30:00", "mostRecentQuarter": "2020-12-31 05:30:00", "netIncomeToCommon": -2047805952, "trailingEps": -16.839, "forwardEps": 20.31, "lastSplitFactor": null, "enterpriseToRevenue": 2.842}, "industryTrend": {"maxAge": 1, "symbol": null, "estimates": []}, "quoteType": {"exchange": "NSI", "quoteType": "EQUITY", "symbol": "UJJIVAN.NS", "underlyingSymbol": "UJJIVAN.NS", "shortName": "UJJIVAN FIN SERV", "longName": "Ujjivan Financial Services Limited", "firstTradeDateEpochUtc": "2016-05-10 09:15:00", "timeZoneFullName": "Asia/Kolkata", "timeZoneShortName": "IST", "uuid": "064507b5-0f93-306f-bee9-88ebce4652ec", "gmtOffSetMilliseconds": 19800000, "maxAge": 1}, "incomeStatementHistory": {"incomeStatementHistory": [{"maxAge": 1, "endDate": "2020-03-31", "totalRevenue": 18531802000, "costOfRevenue": 595989000, "grossProfit": 17935813000, "researchDevelopment": {}, "sellingGeneralAdministrative": 7614467000, "nonRecurring": {}, "otherOperatingExpenses": 4515125000, "totalOperatingExpenses": 14385515000, "operatingIncome": 4146287000, "totalOtherIncomeExpenseNet": 12804000, "ebit": 0, "interestExpense": {}, "incomeBeforeTax": 4159091000, "incomeTaxExpense": 1172504000, "minorityInterest": 3311973000, "netIncomeFromContinuingOps": 2986587000, "discontinuedOperations": {}, "extraordinaryItems": {}, "effectOfAccountingCharges": {}, "otherItems": {}, "netIncome": 2822944000, "netIncomeApplicableToCommonShares": 2822944000}, {"maxAge": 1, "endDate": "2019-03-31", "totalRevenue": 12877351000, "costOfRevenue": 713811000, "grossProfit": 12163540000, "researchDevelopment": {}, "sellingGeneralAdministrative": 6300897000, "nonRecurring": {}, "otherOperatingExpenses": 3204052000, "totalOperatingExpenses": 10824936000, "operatingIncome": 2052415000, "totalOtherIncomeExpenseNet": -11429000, "ebit": 0, "interestExpense": {}, "incomeBeforeTax": 2040986000, "incomeTaxExpense": 536546000, "minorityInterest": 3311973000, "netIncomeFromContinuingOps": 1504440000, "discontinuedOperations": {}, "extraordinaryItems": {}, "effectOfAccountingCharges": {}, "otherItems": {}, "netIncome": 1504440000, "netIncomeApplicableToCommonShares": 1504440000}, {"maxAge": 1, "endDate": "2018-03-31", "totalRevenue": 9437802000, "costOfRevenue": 503717000, "grossProfit": 8934085000, "researchDevelopment": {}, "sellingGeneralAdministrative": 4185545000, "nonRecurring": {}, "otherOperatingExpenses": 3881990000, "totalOperatingExpenses": 8985099000, "operatingIncome": 452703000, "totalOtherIncomeExpenseNet": -6365000, "ebit": 0, "interestExpense": {}, "incomeBeforeTax": 446338000, "incomeTaxExpense": 186822000, "minorityInterest": 3311973000, "netIncomeFromContinuingOps": 259516000, "discontinuedOperations": {}, "extraordinaryItems": {}, "effectOfAccountingCharges": {}, "otherItems": {}, "netIncome": 259516000, "netIncomeApplicableToCommonShares": 259516000}, {"maxAge": 1, "endDate": "2017-03-31", "totalRevenue": 7988686267, "costOfRevenue": 1554681987, "grossProfit": 6434004280, "researchDevelopment": {}, "sellingGeneralAdministrative": 2896892194, "nonRecurring": {}, "otherOperatingExpenses": 136073659, "totalOperatingExpenses": 4768736779, "operatingIncome": 3219949488, "totalOtherIncomeExpenseNet": -2563767, "ebit": 0, "interestExpense": {}, "incomeBeforeTax": 3217385721, "incomeTaxExpense": 1140674563, "minorityInterest": 3311973000, "netIncomeFromContinuingOps": 2076711158, "discontinuedOperations": {}, "extraordinaryItems": {}, "effectOfAccountingCharges": {}, "otherItems": {}, "netIncome": 2076711158, "netIncomeApplicableToCommonShares": 2076711158}], "maxAge": 86400}, "fundOwnership": {"ownershipList": [{"maxAge": 1, "reportDate": "2021-02-28", "organization": "Aberdeen Standard SICAV I-Asian Smaller Companies Fd", "pctHeld": 0.0119, "position": 1445464, "value": 352620942}, {"maxAge": 1, "reportDate": "2021-02-28", "organization": "Aberdeen Standard SICAV I-Emerging Markets Smaller Companies Fd", "pctHeld": 0.006, "position": 732794, "value": 178765096}, {"maxAge": 1, "reportDate": "2021-02-28", "organization": "WisdomTree Tr-WisdomTree India Earnings Fd", "pctHeld": 0.0015, "position": 187020, "value": 45623529}, {"maxAge": 1, "reportDate": "2021-03-31", "organization": "SPDR Portfolio Emerging Markets ETF", "pctHeld": 0.00059999997, "position": 72533, "value": 15253689}, {"maxAge": 1, "reportDate": "2021-03-31", "organization": "iShares MSCI India Small Cap ETF", "pctHeld": 0.0005, "position": 55153, "value": 11598675}, {"maxAge": 1, "reportDate": "2020-12-31", "organization": "College Retirement Equities Fund-Stock Account", "pctHeld": 0.0002, "position": 27259, "value": 7527572}, {"maxAge": 1, "reportDate": "2021-03-31", "organization": "SPDR (R) Idx Shares-SPDR (R) S&P (R) Emerging Asia Pacific ETF", "pctHeld": 0.0002, "position": 23199, "value": 4878749}, {"maxAge": 1, "reportDate": "2021-02-28", "organization": "Avantis Emerging Markets Equity ETF", "pctHeld": 0.0001, "position": 8440, "value": 2058938}], "maxAge": 1}, "summaryDetail": {"maxAge": 1, "priceHint": 2, "previousClose": 207.95, "open": 205.5, "dayLow": 200.65, "dayHigh": 207.85, "regularMarketPreviousClose": 207.95, "regularMarketOpen": 205.5, "regularMarketDayLow": 200.65, "regularMarketDayHigh": 207.85, "dividendRate": 0.8, "dividendYield": 0.0038, "exDividendDate": "2020-09-03 05:30:00", "beta": 1.433258, "forwardPE": 9.975382, "volume": 527780, "regularMarketVolume": 527780, "averageVolume": 807227, "averageVolume10days": 830794, "averageDailyVolume10Day": 830794, "bid": 0.0, "ask": 0.0, "bidSize": 0, "askSize": 0, "marketCap": 24648519680, "fiftyTwoWeekLow": 135.65, "fiftyTwoWeekHigh": 310.95, "priceToSalesTrailing12Months": 1.1644542, "fiftyDayAverage": 234.59117, "twoHundredDayAverage": 247.20107, "trailingAnnualDividendRate": 0.8, "trailingAnnualDividendYield": 0.0038470787, "currency": "INR", "fromCurrency": null, "lastMarket": null, "algorithm": null, "tradeable": false}, "insiderHolders": {"holders": [{"maxAge": 1, "name": "Alagarsamy (A P)", "relation": "UNREPORTED", "url": "", "transactionDescription": "Sale", "latestTransDate": "2020-03-23", "positionDirect": 23500, "positionDirectDate": "2020-03-23"}, {"maxAge": 1, "name": "CX Partners Fund Ltd", "relation": "Institution- Corporation", "url": "", "transactionDescription": "Sale", "latestTransDate": "2020-12-17", "positionDirect": 8453659, "positionDirectDate": "2020-12-17"}, {"maxAge": 1, "name": "Christy (Jhon)", "relation": "UNREPORTED", "url": "", "transactionDescription": "Sale", "latestTransDate": "2019-09-26", "positionDirect": 17300, "positionDirectDate": "2019-09-26"}, {"maxAge": 1, "name": "Furtado (Carol)", "relation": "Chief Operating Officer", "url": "", "transactionDescription": "Sale", "latestTransDate": "2019-12-03", "positionDirect": 86180, "positionDirectDate": "2019-12-03"}, {"maxAge": 1, "name": "Ghosh (Samit)", "relation": "Director", "url": "", "transactionDescription": "Sale", "latestTransDate": "2020-02-17", "positionDirect": 36076, "positionDirectDate": "2020-02-17"}, {"maxAge": 1, "name": "Ittira (Anna Davis)", "relation": "Managing Director", "url": "", "transactionDescription": "Sale", "latestTransDate": "2019-12-23", "positionDirect": 40000, "positionDirectDate": "2019-12-23"}, {"maxAge": 1, "name": "Kumar (Pankaj Porwal)", "relation": "UNREPORTED", "url": "", "transactionDescription": "Sale", "latestTransDate": "2019-08-29", "positionDirect": 0, "positionDirectDate": "2019-08-29"}, {"maxAge": 1, "name": "Raj (Manish Kumar)", "relation": "UNREPORTED", "url": "", "transactionDescription": "Sale", "latestTransDate": "2019-12-23", "positionDirect": 690, "positionDirectDate": "2019-12-23"}, {"maxAge": 1, "name": "Sebastian (Martin Pampilly)", "relation": "UNREPORTED", "url": "", "transactionDescription": "Sale", "latestTransDate": "2019-09-04", "positionDirect": 0, "positionDirectDate": "2019-09-04"}, {"maxAge": 1, "name": "Subramaniam (Krishnamoortrhy)", "relation": "UNREPORTED", "url": "", "transactionDescription": "Sale", "latestTransDate": "2019-12-27", "positionDirect": 1000, "positionDirectDate": "2019-12-27"}], "maxAge": 1}, "calendarEvents": {"maxAge": 1, "earnings": {"earningsDate": [], "earningsAverage": 4.95, "earningsLow": 3.9, "earningsHigh": 6.0, "revenueAverage": 2852000000, "revenueLow": 2840000000, "revenueHigh": 2864000000}, "exDividendDate": "2020-09-03 05:30:00"}, "upgradeDowngradeHistory": {"history": [], "maxAge": 86400}, "price": {"maxAge": 1, "regularMarketChangePercent": -0.025727294, "regularMarketChange": -5.349991, "regularMarketTime": "2021-04-30 15:29:59", "priceHint": 2, "regularMarketPrice": 202.6, "regularMarketDayHigh": 207.85, "regularMarketDayLow": 200.65, "regularMarketVolume": 527780, "averageDailyVolume10Day": 830794, "averageDailyVolume3Month": 807227, "regularMarketPreviousClose": 207.95, "regularMarketSource": "FREE_REALTIME", "regularMarketOpen": 205.5, "exchange": "NSI", "exchangeName": "NSE", "exchangeDataDelayedBy": 15, "marketState": "CLOSED", "quoteType": "EQUITY", "symbol": "UJJIVAN.NS", "underlyingSymbol": null, "shortName": "UJJIVAN FIN SERV", "longName": "Ujjivan Financial Services Limited", "currency": "INR", "quoteSourceName": "Delayed Quote", "currencySymbol": "\u20b9", "fromCurrency": null, "lastMarket": null, "marketCap": 24648519680}, "balanceSheetHistory": {"balanceSheetStatements": [{"maxAge": 1, "endDate": "2020-03-31", "cash": 13398582000, "netReceivables": 139372531000, "otherCurrentAssets": 844006000, "totalCurrentAssets": 153615119000, "longTermInvestments": 24296893000, "propertyPlantEquipment": 7420702000, "intangibleAssets": 774210000, "otherAssets": 1003837000, "deferredLongTermAssetCharges": 892054000, "totalAssets": 187110761000, "accountsPayable": 107196421000, "shortLongTermDebt": 17850900000, "otherCurrentLiab": 636142000, "longTermDebt": 14586701000, "otherLiab": 352120000, "minorityInterest": 3311973000, "totalCurrentLiabilities": 134508925000, "totalLiab": 155402545000, "commonStock": 1216032000, "retainedEarnings": 15511966000, "treasuryStock": 603189000, "capitalSurplus": 11065056000, "otherStockholderEquity": 603189000, "totalStockholderEquity": 28396243000, "netTangibleAssets": 27622033000}, {"maxAge": 1, "endDate": "2019-03-31", "cash": 10788337000, "netReceivables": 109366749000, "otherCurrentAssets": 936200000, "totalCurrentAssets": 121091286000, "longTermInvestments": 15478109000, "propertyPlantEquipment": 2092492000, "intangibleAssets": 752499000, "otherAssets": 844522000, "deferredLongTermAssetCharges": 758959000, "totalAssets": 140258908000, "accountsPayable": 73034970000, "shortLongTermDebt": 16038700000, "otherCurrentLiab": 974892000, "longTermDebt": 24356300000, "otherLiab": 359681000, "totalCurrentLiabilities": 96766105000, "totalLiab": 121482086000, "commonStock": 1211667000, "retainedEarnings": 6224940000, "treasuryStock": 328116000, "capitalSurplus": 11012099000, "otherStockholderEquity": 328116000, "totalStockholderEquity": 18776822000, "netTangibleAssets": 18024323000}, {"maxAge": 1, "endDate": "2018-03-31", "cash": 5761717000, "netReceivables": 73256570000, "otherCurrentAssets": 791017000, "totalCurrentAssets": 79809304000, "longTermInvestments": 12440822000, "propertyPlantEquipment": 1226605000, "intangibleAssets": 757149000, "otherAssets": 988558000, "deferredLongTermAssetCharges": 920006000, "totalAssets": 95222438000, "accountsPayable": 37976287000, "shortLongTermDebt": 9390400000, "otherCurrentLiab": 250970000, "longTermDebt": 17268899000, "otherLiab": 296550000, "totalCurrentLiabilities": 60338010000, "totalLiab": 77903459000, "commonStock": 1208618000, "retainedEarnings": 4947242000, "treasuryStock": 196253000, "capitalSurplus": 10966866000, "otherStockholderEquity": 196253000, "totalStockholderEquity": 17318979000, "netTangibleAssets": 16561830000}, {"maxAge": 1, "endDate": "2017-03-31", "cash": 7600750600, "netReceivables": 59541806353, "otherCurrentAssets": 809750194, "totalCurrentAssets": 67952307147, "longTermInvestments": 14466780488, "propertyPlantEquipment": 753523251, "intangibleAssets": 644162507, "otherAssets": 969136658, "deferredLongTermAssetCharges": 469696697, "totalAssets": 84785910051, "accountsPayable": 1204248135, "shortLongTermDebt": 34523282014, "otherCurrentLiab": 1793217452, "longTermDebt": 28390756190, "otherLiab": 511867494, "totalCurrentLiabilities": 38325410238, "totalLiab": 67228033922, "commonStock": 1193770720, "retainedEarnings": 5460856792, "treasuryStock": 24782167, "capitalSurplus": 10878466450, "otherStockholderEquity": 24782167, "totalStockholderEquity": 17557876129, "netTangibleAssets": 16913713622}], "maxAge": 86400}, "earningsTrend": {"trend": [{"maxAge": 1, "period": "0q", "endDate": "2018-06-30", "growth": 1.8169999, "earningsEstimate": {"avg": 4.95, "low": 3.9, "high": 6.0, "yearAgoEps": -6.06, "numberOfAnalysts": 2, "growth": 1.8169999}, "revenueEstimate": {"avg": 2852000000, "low": 2840000000, "high": 2864000000, "numberOfAnalysts": 2, "yearAgoRevenue": 1661500000, "growth": 0.71699995}, "epsTrend": {"current": 4.95, "7daysAgo": 4.95, "30daysAgo": 3.9, "60daysAgo": 3.9, "90daysAgo": 4.4}, "epsRevisions": {"upLast7days": 0, "upLast30days": 0, "downLast30days": 0, "downLast90days": {}}}, {"maxAge": 1, "period": "+1q", "endDate": "2018-09-30", "growth": 4.814, "earningsEstimate": {"avg": 3.7, "low": 3.7, "high": 3.7, "yearAgoEps": -0.97, "numberOfAnalysts": 1, "growth": 4.814}, "revenueEstimate": {"avg": 2989000000, "low": 2989000000, "high": 2989000000, "numberOfAnalysts": 1, "yearAgoRevenue": 1863030000, "growth": 0.60400003}, "epsTrend": {"current": 3.7, "7daysAgo": 3.7, "30daysAgo": 3.7, "60daysAgo": 3.7, "90daysAgo": 4.8}, "epsRevisions": {"upLast7days": 0, "upLast30days": 0, "downLast30days": 0, "downLast90days": {}}}, {"maxAge": 1, "period": "0y", "endDate": "2019-03-31", "growth": 28.967, "earningsEstimate": {"avg": 18.28, "low": 12.0, "high": 22.1, "yearAgoEps": 0.61, "numberOfAnalysts": 13, "growth": 28.967}, "revenueEstimate": {"avg": 12984400000, "low": 12200000000, "high": 13871000000, "numberOfAnalysts": 13, "yearAgoRevenue": 8384570000, "growth": 0.549}, "epsTrend": {"current": 18.28, "7daysAgo": 17.91, "30daysAgo": 18.3, "60daysAgo": 18.24, "90daysAgo": 17.68}, "epsRevisions": {"upLast7days": 0, "upLast30days": 0, "downLast30days": 0, "downLast90days": {}}}, {"maxAge": 1, "period": "+1y", "endDate": "2020-03-31", "growth": 0.378, "earningsEstimate": {"avg": 25.19, "low": 20.9, "high": 30.5, "yearAgoEps": 18.28, "numberOfAnalysts": 14, "growth": 0.378}, "revenueEstimate": {"avg": 16326200000, "low": 14912000000, "high": 17556000000, "numberOfAnalysts": 14, "yearAgoRevenue": 12984400000, "growth": 0.257}, "epsTrend": {"current": 25.19, "7daysAgo": 25.19, "30daysAgo": 25.26, "60daysAgo": 25.12, "90daysAgo": 23.96}, "epsRevisions": {"upLast7days": 0, "upLast30days": 0, "downLast30days": 0, "downLast90days": {}}}, {"maxAge": 1, "period": "+5y", "endDate": null, "growth": {}, "earningsEstimate": {"avg": {}, "low": {}, "high": {}, "yearAgoEps": {}, "numberOfAnalysts": {}, "growth": {}}, "revenueEstimate": {"avg": {}, "low": {}, "high": {}, "numberOfAnalysts": {}, "yearAgoRevenue": {}, "growth": {}}, "epsTrend": {"current": {}, "7daysAgo": {}, "30daysAgo": {}, "60daysAgo": {}, "90daysAgo": {}}, "epsRevisions": {"upLast7days": {}, "upLast30days": {}, "downLast30days": {}, "downLast90days": {}}}, {"maxAge": 1, "period": "-5y", "endDate": null, "growth": -0.82171, "earningsEstimate": {"avg": {}, "low": {}, "high": {}, "yearAgoEps": {}, "numberOfAnalysts": {}, "growth": {}}, "revenueEstimate": {"avg": {}, "low": {}, "high": {}, "numberOfAnalysts": {}, "yearAgoRevenue": {}, "growth": {}}, "epsTrend": {"current": {}, "7daysAgo": {}, "30daysAgo": {}, "60daysAgo": {}, "90daysAgo": {}}, "epsRevisions": {"upLast7days": {}, "upLast30days": {}, "downLast30days": {}, "downLast90days": {}}}], "maxAge": 1}, "institutionOwnership": {"ownershipList": [], "maxAge": 1}, "majorHoldersBreakdown": {"maxAge": 1, "insidersPercentHeld": 0.35057, "institutionsPercentHeld": 0.18023, "institutionsFloatPercentHeld": 0.27752, "institutionsCount": 22}, "balanceSheetHistoryQuarterly": {"balanceSheetStatements": [{"maxAge": 1, "endDate": "2020-12-31", "totalStockholderEquity": 29879555000, "netTangibleAssets": 28983205000}, {"maxAge": 1, "endDate": "2020-09-30", "cash": 11132481000, "netReceivables": 133971177000, "totalCurrentAssets": 145103658000, "longTermInvestments": 34273448000, "propertyPlantEquipment": 5311617000, "intangibleAssets": 896350000, "otherAssets": 1416371000, "deferredLongTermAssetCharges": 872043000, "totalAssets": 187001444000, "accountsPayable": 107081310000, "otherCurrentLiab": 1751000, "longTermDebt": 39485831000, "otherLiab": 3398230000, "minorityInterest": 3589649000, "totalCurrentLiabilities": 107083061000, "totalLiab": 153532240000, "commonStock": 1216142000, "treasuryStock": 28663413000, "otherStockholderEquity": 28663413000, "totalStockholderEquity": 29879555000, "netTangibleAssets": 28983205000}, {"maxAge": 1, "endDate": "2020-06-30", "totalStockholderEquity": 28396243000, "netTangibleAssets": 27622033000}, {"maxAge": 1, "endDate": "2020-03-31", "cash": 13398582000, "netReceivables": 139372531000, "otherCurrentAssets": 844006000, "totalCurrentAssets": 153615119000, "longTermInvestments": 24296893000, "propertyPlantEquipment": 7420702000, "intangibleAssets": 774210000, "otherAssets": 1003837000, "deferredLongTermAssetCharges": 892054000, "totalAssets": 187110761000, "accountsPayable": 107196421000, "shortLongTermDebt": 17850900000, "otherCurrentLiab": 636142000, "longTermDebt": 14586701000, "otherLiab": 352120000, "minorityInterest": 3311973000, "totalCurrentLiabilities": 134508925000, "totalLiab": 155402545000, "commonStock": 1216032000, "retainedEarnings": 15511966000, "treasuryStock": 603189000, "capitalSurplus": 11065056000, "otherStockholderEquity": 603189000, "totalStockholderEquity": 28396243000, "netTangibleAssets": 27622033000}], "maxAge": 86400}, "earningsHistory": {"history": [{"maxAge": 1, "epsActual": -6.06, "epsEstimate": -2.1, "epsDifference": -3.96, "surprisePercent": -1.886, "quarter": "2017-06-30", "period": "-4q"}, {"maxAge": 1, "epsActual": -0.97, "epsEstimate": 0.2, "epsDifference": -1.17, "surprisePercent": -5.85, "quarter": "2017-09-30", "period": "-3q"}, {"maxAge": 1, "epsActual": 2.43, "epsEstimate": 2.57, "epsDifference": -0.14, "surprisePercent": -0.054, "quarter": "2017-12-31", "period": "-2q"}, {"maxAge": 1, "epsActual": 5.36, "epsEstimate": 3.27, "epsDifference": 2.09, "surprisePercent": 0.639, "quarter": "2018-03-31", "period": "-1q"}], "maxAge": 86400}, "summaryProfile": {"address1": "Grape Garden, No. 27", "address2": "3rd A Cross, 18th Main 6th Block Koramangala", "city": "Bengaluru", "zip": "560095", "country": "India", "phone": "91 80 4071 2121", "fax": "91 80 4146 8700", "website": "http://www.ujjivan.com", "industry": "Credit Services", "sector": "Financial Services", "longBusinessSummary": "Ujjivan Financial Services Limited provides financial services to economically active poor in India. It offers micro and rural finance products, housing loans; personal loans, vehicle loans, institutional loans, agri loans, and staff loans, as well as secured and unsecured loans to micro and small businesses. The company also provides group and individual insurance products. As of March 31, 2020, it operated 575 branches. The company was formerly known as Ujjivan Financial Services Private Limited and changed its name to Ujjivan Financial Services Limited in November 2015. Ujjivan Financial Services Limited was founded in 2004 and is headquartered in Bengaluru, India.", "fullTimeEmployees": 17846, "companyOfficers": [], "maxAge": 86400}, "netSharePurchaseActivity": {"maxAge": 1, "period": "6m", "buyInfoCount": 0, "buyInfoShares": 0, "sellInfoCount": 0, "netInfoCount": 0, "netInfoShares": 0, "netPercentInsiderShares": 0.0, "totalInsiderShares": 42647540}, "insiderTransactions": {"transactions": [{"maxAge": 1, "shares": 2475288, "value": 68317, "filerUrl": "", "transactionText": "Sale at price 0.03 per share.", "filerName": "CX Partners Fund Ltd", "filerRelation": "Institution- Corporation", "moneyText": "", "startDate": "2020-12-17", "ownership": "D"}, {"maxAge": 1, "shares": 2466338, "value": 67824, "filerUrl": "", "transactionText": "Sale at price 0.03 per share.", "filerName": "CX Partners Fund Ltd", "filerRelation": "Institution- Corporation", "moneyText": "", "startDate": "2020-12-11", "ownership": "D"}, {"maxAge": 1, "shares": 8481, "filerUrl": "", "transactionText": "", "filerName": "Alagarsamy (A P)", "filerRelation": "UNREPORTED", "moneyText": "", "startDate": "2020-03-23", "ownership": "D"}, {"maxAge": 1, "shares": 13924, "filerUrl": "", "transactionText": "", "filerName": "Ghosh (Samit)", "filerRelation": "Director", "moneyText": "", "startDate": "2020-02-17", "ownership": "D"}, {"maxAge": 1, "shares": 3264, "filerUrl": "", "transactionText": "", "filerName": "Subramaniam (Krishnamoortrhy)", "filerRelation": "UNREPORTED", "moneyText": "", "startDate": "2019-12-27", "ownership": "D"}, {"maxAge": 1, "shares": 10000, "filerUrl": "", "transactionText": "", "filerName": "Ittira (Anna Davis)", "filerRelation": "Managing Director", "moneyText": "", "startDate": "2019-12-23", "ownership": "D"}, {"maxAge": 1, "shares": 3300, "filerUrl": "", "transactionText": "", "filerName": "Raj (Manish Kumar)", "filerRelation": "UNREPORTED", "moneyText": "", "startDate": "2019-12-23", "ownership": "D"}, {"maxAge": 1, "shares": 4000, "filerUrl": "", "transactionText": "", "filerName": "Furtado (Carol)", "filerRelation": "Chief Operating Officer", "moneyText": "", "startDate": "2019-12-03", "ownership": "D"}, {"maxAge": 1, "shares": 5500, "filerUrl": "", "transactionText": "", "filerName": "Subramaniam (Krishnamoortrhy)", "filerRelation": "UNREPORTED", "moneyText": "", "startDate": "2019-11-29", "ownership": "D"}, {"maxAge": 1, "shares": 2222, "filerUrl": "", "transactionText": "", "filerName": "Furtado (Carol)", "filerRelation": "Chief Operating Officer", "moneyText": "", "startDate": "2019-11-27", "ownership": "D"}, {"maxAge": 1, "shares": 4400, "filerUrl": "", "transactionText": "", "filerName": "Christy (Jhon)", "filerRelation": "UNREPORTED", "moneyText": "", "startDate": "2019-09-26", "ownership": "D"}, {"maxAge": 1, "shares": 9000, "filerUrl": "", "transactionText": "", "filerName": "Furtado (Carol)", "filerRelation": "Chief Operating Officer", "moneyText": "", "startDate": "2019-09-26", "ownership": "D"}, {"maxAge": 1, "shares": 26030, "filerUrl": "", "transactionText": "", "filerName": "Sebastian (Martin Pampilly)", "filerRelation": "UNREPORTED", "moneyText": "", "startDate": "2019-09-04", "ownership": "D"}, {"maxAge": 1, "shares": 4527, "filerUrl": "", "transactionText": "", "filerName": "Kumar (Pankaj Porwal)", "filerRelation": "UNREPORTED", "moneyText": "", "startDate": "2019-08-29", "ownership": "D"}, {"maxAge": 1, "shares": 10000, "filerUrl": "", "transactionText": "", "filerName": "Furtado (Carol)", "filerRelation": "Chief Operating Officer", "moneyText": "", "startDate": "2019-08-09", "ownership": "D"}, {"maxAge": 1, "shares": 4000, "filerUrl": "", "transactionText": "", "filerName": "Christy (Jhon)", "filerRelation": "UNREPORTED", "moneyText": "", "startDate": "2019-06-06", "ownership": "D"}, {"maxAge": 1, "shares": 50790, "filerUrl": "", "transactionText": "", "filerName": "Furtado (Carol)", "filerRelation": "Chief Operating Officer", "moneyText": "", "startDate": "2019-05-29", "ownership": "D"}, {"maxAge": 1, "shares": 8567, "filerUrl": "", "transactionText": "", "filerName": "Premkumar (G)", "filerRelation": "UNREPORTED", "moneyText": "", "startDate": "2019-03-08", "ownership": "D"}, {"maxAge": 1, "shares": 10200, "filerUrl": "", "transactionText": "", "filerName": "Premkumar (G)", "filerRelation": "UNREPORTED", "moneyText": "", "startDate": "2018-10-30", "ownership": "D"}, {"maxAge": 1, "shares": 5175, "filerUrl": "", "transactionText": "", "filerName": "Premkumar (G)", "filerRelation": "UNREPORTED", "moneyText": "", "startDate": "2018-10-09", "ownership": "D"}, {"maxAge": 1, "shares": 10588, "filerUrl": "", "transactionText": "", "filerName": "Premkumar (G)", "filerRelation": "UNREPORTED", "moneyText": "", "startDate": "2018-10-08", "ownership": "D"}, {"maxAge": 1, "shares": 1312352, "filerUrl": "", "transactionText": "", "filerName": "Ghosh (Samit)", "filerRelation": "Director", "moneyText": "", "startDate": "2018-01-29", "ownership": "D"}, {"maxAge": 1, "shares": 100000, "filerUrl": "", "transactionText": "", "filerName": "Ghosh (Samit)", "filerRelation": "Director", "moneyText": "", "startDate": "2018-01-22", "ownership": "D"}, {"maxAge": 1, "shares": 30000, "filerUrl": "", "transactionText": "", "filerName": "Ghosh (Samit)", "filerRelation": "Director", "moneyText": "", "startDate": "2018-01-19", "ownership": "D"}, {"maxAge": 1, "shares": 40000, "filerUrl": "", "transactionText": "", "filerName": "Ghosh (Samit)", "filerRelation": "Director", "moneyText": "", "startDate": "2018-01-15", "ownership": "D"}, {"maxAge": 1, "shares": 320100, "filerUrl": "", "transactionText": "", "filerName": "Ghosh (Samit)", "filerRelation": "Director", "moneyText": "", "startDate": "2018-01-12", "ownership": "D"}, {"maxAge": 1, "shares": 792382, "filerUrl": "", "transactionText": "", "filerName": "Ghosh (Samit)", "filerRelation": "Director", "moneyText": "", "startDate": "2017-10-24", "ownership": "D"}, {"maxAge": 1, "shares": 166400, "filerUrl": "", "transactionText": "", "filerName": "Ghosh (Samit)", "filerRelation": "Director", "moneyText": "", "startDate": "2017-09-19", "ownership": "D"}, {"maxAge": 1, "shares": 150000, "filerUrl": "", "transactionText": "", "filerName": "Ghosh (Samit)", "filerRelation": "Director", "moneyText": "", "startDate": "2017-09-14", "ownership": "D"}, {"maxAge": 1, "shares": 20000, "filerUrl": "", "transactionText": "", "filerName": "Ghosh (Samit)", "filerRelation": "Director", "moneyText": "", "startDate": "2017-09-12", "ownership": "D"}, {"maxAge": 1, "shares": 38370, "filerUrl": "", "transactionText": "", "filerName": "Ghosh (Samit)", "filerRelation": "Director", "moneyText": "", "startDate": "2017-09-06", "ownership": "D"}, {"maxAge": 1, "shares": 3700, "filerUrl": "", "transactionText": "", "filerName": "Premkumar (G)", "filerRelation": "UNREPORTED", "moneyText": "", "startDate": "2017-08-21", "ownership": "D"}, {"maxAge": 1, "shares": 330000, "filerUrl": "", "transactionText": "", "filerName": "Ghosh (Samit)", "filerRelation": "UNREPORTED", "moneyText": "", "startDate": "2017-01-23", "ownership": "D"}], "maxAge": 1}, "sectorTrend": {"maxAge": 1, "symbol": null, "estimates": []}, "incomeStatementHistoryQuarterly": {"incomeStatementHistory": [{"maxAge": 1, "endDate": "2020-12-31", "totalRevenue": 5299301000, "costOfRevenue": 0, "grossProfit": 5299301000, "researchDevelopment": {}, "sellingGeneralAdministrative": 2055850000, "nonRecurring": {}, "otherOperatingExpenses": 9506951000, "totalOperatingExpenses": 11925523000, "operatingIncome": -6626222000, "totalOtherIncomeExpenseNet": 0, "ebit": 0, "interestExpense": {}, "incomeBeforeTax": -6626222000, "incomeTaxExpense": -1718935000, "minorityInterest": {}, "netIncomeFromContinuingOps": -4907287000, "discontinuedOperations": {}, "extraordinaryItems": {}, "effectOfAccountingCharges": {}, "otherItems": {}, "netIncome": -4088096000, "netIncomeApplicableToCommonShares": -4088096000}, {"maxAge": 1, "endDate": "2020-09-30", "totalRevenue": 5390497000, "costOfRevenue": 0, "grossProfit": 5390497000, "researchDevelopment": {}, "sellingGeneralAdministrative": 1922120000, "nonRecurring": {}, "otherOperatingExpenses": 1866598000, "totalOperatingExpenses": 4155287000, "operatingIncome": 1235210000, "totalOtherIncomeExpenseNet": 0, "ebit": 0, "interestExpense": {}, "incomeBeforeTax": 1235210000, "incomeTaxExpense": 337623000, "minorityInterest": 3589649000, "netIncomeFromContinuingOps": 897587000, "discontinuedOperations": {}, "extraordinaryItems": {}, "effectOfAccountingCharges": {}, "otherItems": {}, "netIncome": 749344000, "netIncomeApplicableToCommonShares": 749344000}, {"maxAge": 1, "endDate": "2020-06-30", "totalRevenue": 5340614000, "costOfRevenue": 0, "grossProfit": 5340614000, "researchDevelopment": {}, "sellingGeneralAdministrative": 1877988000, "nonRecurring": {}, "otherOperatingExpenses": 2056037000, "totalOperatingExpenses": 4281682000, "operatingIncome": 1058932000, "totalOtherIncomeExpenseNet": 0, "ebit": 0, "interestExpense": {}, "incomeBeforeTax": 1058932000, "incomeTaxExpense": 280083000, "minorityInterest": 3589649000, "netIncomeFromContinuingOps": 778849000, "discontinuedOperations": {}, "extraordinaryItems": {}, "effectOfAccountingCharges": {}, "otherItems": {}, "netIncome": 650576000, "netIncomeApplicableToCommonShares": 650576000}, {"maxAge": 1, "endDate": "2020-03-31", "totalRevenue": 5137032000, "costOfRevenue": 595989000, "grossProfit": 4541043000, "researchDevelopment": {}, "sellingGeneralAdministrative": 2154089000, "nonRecurring": {}, "otherOperatingExpenses": 853614000, "totalOperatingExpenses": 4190169000, "operatingIncome": 946863000, "totalOtherIncomeExpenseNet": 12804000, "ebit": 0, "interestExpense": {}, "incomeBeforeTax": 959667000, "incomeTaxExpense": 185413000, "minorityInterest": 3311973000, "netIncomeFromContinuingOps": 774254000, "discontinuedOperations": {}, "extraordinaryItems": {}, "effectOfAccountingCharges": {}, "otherItems": {}, "netIncome": 640369000, "netIncomeApplicableToCommonShares": 640369000}], "maxAge": 86400}, "cashflowStatementHistoryQuarterly": {"cashflowStatements": [{"maxAge": 1, "endDate": "2020-12-31", "netIncome": -4088096000, "changeToLiabilities": 0}, {"maxAge": 1, "endDate": "2020-09-30", "netIncome": 749344000, "changeToLiabilities": 0}, {"maxAge": 1, "endDate": "2020-06-30", "netIncome": 650576000, "changeToLiabilities": 0}, {"maxAge": 1, "endDate": "2020-03-31", "netIncome": 640369000, "changeToLiabilities": 0}], "maxAge": 86400}, "earnings": {"maxAge": 86400, "earningsChart": {"quarterly": [{"date": "2Q2017", "actual": -6.06, "estimate": -2.1}, {"date": "3Q2017", "actual": -0.97, "estimate": 0.2}, {"date": "4Q2017", "actual": 2.43, "estimate": 2.57}, {"date": "1Q2018", "actual": 5.36, "estimate": 3.27}], "currentQuarterEstimate": 4.95, "currentQuarterEstimateDate": "2Q", "currentQuarterEstimateYear": 2018, "earningsDate": []}, "financialsChart": {"yearly": [{"date": 2017, "revenue": 7988686267, "earnings": 2076711158}, {"date": 2018, "revenue": 9437802000, "earnings": 259516000}, {"date": 2019, "revenue": 12877351000, "earnings": 1504440000}, {"date": 2020, "revenue": 18531802000, "earnings": 2822944000}], "quarterly": [{"date": "1Q2020", "revenue": 5137032000, "earnings": 640369000}, {"date": "2Q2020", "revenue": 5340614000, "earnings": 650576000}, {"date": "3Q2020", "revenue": 5390497000, "earnings": 749344000}, {"date": "4Q2020", "revenue": 5299301000, "earnings": -4088096000}]}, "financialCurrency": "INR"}, "financialData": {"maxAge": 86400, "currentPrice": 202.6, "targetHighPrice": 575.0, "targetLowPrice": 360.0, "targetMeanPrice": 450.0, "targetMedianPrice": 451.5, "recommendationMean": 2.1, "recommendationKey": "buy", "numberOfAnalystOpinions": 14, "totalCash": 11132480512, "totalCashPerShare": 91.511, "totalDebt": 43050950656, "totalRevenue": 21167443968, "debtToEquity": 128.629, "revenuePerShare": 174.039, "grossProfits": 17935813000, "revenueGrowth": 0.113, "grossMargins": 0.97183996, "ebitdaMargins": 0.0, "operatingMargins": -0.15993, "profitMargins": -0.09674, "financialCurrency": "INR"}}}