{"UNIABEXAL.BO": {"recommendationTrend": {"trend": [{"period": "0m", "strongBuy": 0, "buy": 0, "hold": 0, "sell": 0, "strongSell": 0}, {"period": "-1m", "strongBuy": 0, "buy": 0, "hold": 0, "sell": 0, "strongSell": 0}, {"period": "-2m", "strongBuy": 0, "buy": 0, "hold": 0, "sell": 0, "strongSell": 0}, {"period": "-3m", "strongBuy": 0, "buy": 0, "hold": 0, "sell": 0, "strongSell": 0}], "maxAge": 86400}, "cashflowStatementHistory": {"cashflowStatements": [{"maxAge": 1, "endDate": "2020-03-31", "netIncome": 53620000, "depreciation": 46664000, "changeToNetincome": 79491000, "changeToAccountReceivables": 44011000, "changeToLiabilities": -159091000, "changeToInventory": 24487000, "changeToOperatingActivities": 42490000, "totalCashFromOperatingActivities": 132135000, "capitalExpenditures": -35750000, "investments": -169000, "otherCashflowsFromInvestingActivities": 479000, "totalCashflowsFromInvestingActivities": -35440000, "dividendsPaid": -14812000, "netBorrowings": -62058000, "otherCashflowsFromFinancingActivities": -27693000, "totalCashFromFinancingActivities": -104563000, "changeInCash": -7868000}, {"maxAge": 1, "endDate": "2019-03-31", "netIncome": 94096000, "depreciation": 46265000, "changeToNetincome": 17992000, "changeToAccountReceivables": -24633000, "changeToLiabilities": 66075000, "changeToInventory": -161602000, "changeToOperatingActivities": 9506000, "totalCashFromOperatingActivities": 48148000, "capitalExpenditures": -17015000, "investments": 11187000, "otherCashflowsFromInvestingActivities": 2689000, "totalCashflowsFromInvestingActivities": -3063000, "dividendsPaid": -2963000, "netBorrowings": 3444000, "otherCashflowsFromFinancingActivities": -38510000, "totalCashFromFinancingActivities": -38029000, "changeInCash": 7056000}, {"maxAge": 1, "endDate": "2018-03-31", "netIncome": 13596000, "depreciation": 49290000, "changeToNetincome": 29772000, "changeToAccountReceivables": 5288000, "changeToLiabilities": 57322000, "changeToInventory": -63837000, "changeToOperatingActivities": 300000, "totalCashFromOperatingActivities": 92246000, "capitalExpenditures": -32985000, "investments": 6767000, "otherCashflowsFromInvestingActivities": 1098000, "totalCashflowsFromInvestingActivities": -25120000, "dividendsPaid": -300000, "netBorrowings": -48444000, "otherCashflowsFromFinancingActivities": -28373000, "totalCashFromFinancingActivities": -77117000, "changeInCash": -9992000}, {"maxAge": 1, "endDate": "2017-03-31", "netIncome": -84069000, "depreciation": 59611000, "changeToNetincome": 46718000, "changeToAccountReceivables": 33544000, "changeToLiabilities": 7625000, "changeToInventory": 46323000, "changeToOperatingActivities": -44000, "totalCashFromOperatingActivities": 110106000, "capitalExpenditures": -19664000, "investments": 61548000, "otherCashflowsFromInvestingActivities": 1097000, "totalCashflowsFromInvestingActivities": 46999000, "dividendsPaid": -3906000, "netBorrowings": -102803000, "otherCashflowsFromFinancingActivities": -39352000, "totalCashFromFinancingActivities": -146057000, "changeInCash": 11048000, "issuanceOfStock": 4000}], "maxAge": 86400}, "institutionOwnership": {"maxAge": 1, "ownershipList": []}, "balanceSheetHistoryQuarterly": {"balanceSheetStatements": [{"maxAge": 1, "endDate": "2020-06-30", "totalStockholderEquity": 459056000, "netTangibleAssets": 458080000}, {"maxAge": 1, "endDate": "2020-03-31", "cash": 491000, "netReceivables": 200489000, "inventory": 284716000, "otherCurrentAssets": 46089000, "totalCurrentAssets": 533673000, "longTermInvestments": 13246000, "propertyPlantEquipment": 287424000, "intangibleAssets": 976000, "otherAssets": 34066000, "deferredLongTermAssetCharges": 31629000, "totalAssets": 869385000, "accountsPayable": 132514000, "shortLongTermDebt": 7780000, "otherCurrentLiab": 49853000, "longTermDebt": 7359000, "otherLiab": 11737000, "totalCurrentLiabilities": 391233000, "totalLiab": 410329000, "commonStock": 19750000, "retainedEarnings": 410243000, "treasuryStock": 2500000, "capitalSurplus": 26563000, "otherStockholderEquity": 2500000, "totalStockholderEquity": 459056000, "netTangibleAssets": 458080000}, {"maxAge": 1, "endDate": "2019-12-31", "totalStockholderEquity": 468500000, "netTangibleAssets": 467800000}, {"maxAge": 1, "endDate": "2019-09-30", "cash": 27200000, "shortTermInvestments": 1000000, "netReceivables": 262400000, "inventory": 309300000, "otherCurrentAssets": 62100000, "totalCurrentAssets": 662000000, "longTermInvestments": 13400000, "propertyPlantEquipment": 277400000, "intangibleAssets": 700000, "otherAssets": 82400000, "deferredLongTermAssetCharges": 66800000, "totalAssets": 1035900000, "accountsPayable": 219000000, "otherCurrentLiab": 104500000, "longTermDebt": 11200000, "otherLiab": 13000000, "totalCurrentLiabilities": 543200000, "totalLiab": 567400000, "commonStock": 19800000, "treasuryStock": 448700000, "otherStockholderEquity": 448700000, "totalStockholderEquity": 468500000, "netTangibleAssets": 467800000}], "maxAge": 86400}, "earningsHistory": {"history": [{"maxAge": 1, "epsActual": {}, "epsEstimate": {}, "epsDifference": {}, "surprisePercent": {}, "quarter": {}, "period": "-4q"}, {"maxAge": 1, "epsActual": {}, "epsEstimate": {}, "epsDifference": {}, "surprisePercent": {}, "quarter": {}, "period": "-3q"}, {"maxAge": 1, "epsActual": {}, "epsEstimate": {}, "epsDifference": {}, "surprisePercent": {}, "quarter": {}, "period": "-2q"}, {"maxAge": 1, "epsActual": {}, "epsEstimate": {}, "epsDifference": {}, "surprisePercent": {}, "quarter": {}, "period": "-1q"}], "maxAge": 86400}, "indexTrend": {"maxAge": 1, "symbol": "SP5", "peRatio": 19.7411, "pegRatio": 1.34172, "estimates": [{"period": "0q", "growth": 0.549}, {"period": "+1q", "growth": 0.431}, {"period": "0y", "growth": 0.305}, {"period": "+1y", "growth": 0.109}, {"period": "+5y", "growth": 0.120859005}, {"period": "-5y"}]}, "industryTrend": {"maxAge": 1, "symbol": null, "estimates": []}, "insiderTransactions": {"transactions": [{"maxAge": 1, "shares": 5750, "filerUrl": "", "transactionText": "", "filerName": "Chemicals & Ferro Alloys Pvt Ltd", "filerRelation": "Promoter", "moneyText": "", "startDate": "2020-02-20", "ownership": "D"}, {"maxAge": 1, "shares": 5750, "filerUrl": "", "transactionText": "", "filerName": "Neterwala (Feroze Dhunjishaw)", "filerRelation": "Non Executive Chairman", "moneyText": "", "startDate": "2020-02-20", "ownership": "D"}], "maxAge": 1}, "quoteType": {"exchange": "BSE", "quoteType": "EQUITY", "symbol": "UNIABEXAL.BO", "underlyingSymbol": "UNIABEXAL.BO", "shortName": "UNI ABEX ALLOY PRODUCTS LTD.", "longName": "Uni Abex Alloy Products Limited", "firstTradeDateEpochUtc": "2002-07-02 09:15:00", "timeZoneFullName": "Asia/Kolkata", "timeZoneShortName": "IST", "uuid": "2cb19421-ec40-3503-9e38-5875cf77f02b", "messageBoardId": null, "gmtOffSetMilliseconds": 19800000, "maxAge": 1}, "incomeStatementHistory": {"incomeStatementHistory": [{"maxAge": 1, "endDate": "2020-03-31", "totalRevenue": 1024251000, "costOfRevenue": 388157000, "grossProfit": 636094000, "researchDevelopment": {}, "sellingGeneralAdministrative": 329355000, "nonRecurring": {}, "otherOperatingExpenses": 115264000, "totalOperatingExpenses": 879903000, "operatingIncome": 144348000, "totalOtherIncomeExpenseNet": -14871000, "ebit": 144348000, "interestExpense": -23073000, "incomeBeforeTax": 129477000, "incomeTaxExpense": 75857000, "minorityInterest": {}, "netIncomeFromContinuingOps": 53620000, "discontinuedOperations": {}, "extraordinaryItems": {}, "effectOfAccountingCharges": {}, "otherItems": {}, "netIncome": 53620000, "netIncomeApplicableToCommonShares": 53620000}, {"maxAge": 1, "endDate": "2019-03-31", "totalRevenue": 898607000, "costOfRevenue": 310326000, "grossProfit": 588281000, "researchDevelopment": {}, "sellingGeneralAdministrative": 314347000, "nonRecurring": {}, "otherOperatingExpenses": 110852000, "totalOperatingExpenses": 782238000, "operatingIncome": 116369000, "totalOtherIncomeExpenseNet": -31572000, "ebit": 116369000, "interestExpense": -36666000, "incomeBeforeTax": 84797000, "incomeTaxExpense": -9299000, "minorityInterest": {}, "netIncomeFromContinuingOps": 94096000, "discontinuedOperations": {}, "extraordinaryItems": {}, "effectOfAccountingCharges": {}, "otherItems": {}, "netIncome": 94096000, "netIncomeApplicableToCommonShares": 94096000}, {"maxAge": 1, "endDate": "2018-03-31", "totalRevenue": 809751000, "costOfRevenue": 360802000, "grossProfit": 448949000, "researchDevelopment": {}, "sellingGeneralAdministrative": 69331000, "nonRecurring": {}, "otherOperatingExpenses": 302891000, "totalOperatingExpenses": 782829000, "operatingIncome": 26922000, "totalOtherIncomeExpenseNet": -10669000, "ebit": 26922000, "interestExpense": -26944000, "incomeBeforeTax": 16253000, "incomeTaxExpense": 2657000, "minorityInterest": {}, "netIncomeFromContinuingOps": 13596000, "discontinuedOperations": {}, "extraordinaryItems": {}, "effectOfAccountingCharges": {}, "otherItems": {}, "netIncome": 13596000, "netIncomeApplicableToCommonShares": 13596000}, {"maxAge": 1, "endDate": "2017-03-31", "totalRevenue": 621511000, "costOfRevenue": 297994000, "grossProfit": 323517000, "researchDevelopment": {}, "sellingGeneralAdministrative": 64183000, "nonRecurring": {}, "otherOperatingExpenses": 265581000, "totalOperatingExpenses": 687767000, "operatingIncome": -66256000, "totalOtherIncomeExpenseNet": -25274000, "ebit": -66256000, "interestExpense": -36215000, "incomeBeforeTax": -91530000, "incomeTaxExpense": -7461000, "minorityInterest": {}, "netIncomeFromContinuingOps": -84069000, "discontinuedOperations": {}, "extraordinaryItems": {}, "effectOfAccountingCharges": {}, "otherItems": {}, "netIncome": -84069000, "netIncomeApplicableToCommonShares": -84069000}], "maxAge": 86400}, "fundOwnership": {"maxAge": 1, "ownershipList": []}, "summaryDetail": {"maxAge": 1, "priceHint": 2, "previousClose": 412.0, "open": 433.75, "dayLow": 433.0, "dayHigh": 433.75, "regularMarketPreviousClose": 412.0, "regularMarketOpen": 433.75, "regularMarketDayLow": 433.0, "regularMarketDayHigh": 433.75, "trailingPE": 20.227974, "volume": 31, "regularMarketVolume": 31, "averageVolume": 377, "averageVolume10days": 230, "averageDailyVolume10Day": 230, "bid": 409.3, "ask": 431.0, "bidSize": 0, "askSize": 0, "marketCap": 855174976, "fiftyTwoWeekLow": 313.2, "fiftyTwoWeekHigh": 533.0, "fiftyDayAverage": 408.69427, "twoHundredDayAverage": 384.12283, "trailingAnnualDividendRate": 5.0, "trailingAnnualDividendYield": 0.012135922, "currency": "INR", "fromCurrency": null, "toCurrency": null, "lastMarket": null, "algorithm": null, "tradeable": false}, "sectorTrend": {"maxAge": 1, "symbol": null, "estimates": []}, "incomeStatementHistoryQuarterly": {"incomeStatementHistory": [{"maxAge": 1, "endDate": "2020-06-30", "totalRevenue": 141600000, "costOfRevenue": 73700000, "grossProfit": 67900000, "researchDevelopment": {}, "sellingGeneralAdministrative": 17600000, "nonRecurring": {}, "otherOperatingExpenses": 18100000, "totalOperatingExpenses": 120600000, "operatingIncome": 21000000, "totalOtherIncomeExpenseNet": -3200000, "ebit": 21000000, "interestExpense": -4500000, "incomeBeforeTax": 17800000, "incomeTaxExpense": 5700000, "minorityInterest": {}, "netIncomeFromContinuingOps": 12100000, "discontinuedOperations": {}, "extraordinaryItems": {}, "effectOfAccountingCharges": {}, "otherItems": {}, "netIncome": 12100000, "netIncomeApplicableToCommonShares": 12100000}, {"maxAge": 1, "endDate": "2020-03-31", "totalRevenue": 184151000, "costOfRevenue": -147343000, "grossProfit": 331494000, "researchDevelopment": {}, "sellingGeneralAdministrative": 266055000, "nonRecurring": {}, "otherOperatingExpenses": 42464000, "totalOperatingExpenses": 174903000, "operatingIncome": 9248000, "totalOtherIncomeExpenseNet": -6671000, "ebit": 9248000, "interestExpense": -3573000, "incomeBeforeTax": 2577000, "incomeTaxExpense": 34457000, "minorityInterest": {}, "netIncomeFromContinuingOps": -31880000, "discontinuedOperations": {}, "extraordinaryItems": {}, "effectOfAccountingCharges": {}, "otherItems": {}, "netIncome": -31880000, "netIncomeApplicableToCommonShares": -31880000}, {"maxAge": 1, "endDate": "2019-12-31", "totalRevenue": 248500000, "costOfRevenue": 150700000, "grossProfit": 97800000, "researchDevelopment": {}, "sellingGeneralAdministrative": 21200000, "nonRecurring": {}, "otherOperatingExpenses": 29700000, "totalOperatingExpenses": 213600000, "operatingIncome": 34900000, "totalOtherIncomeExpenseNet": -400000, "ebit": 34900000, "interestExpense": -5900000, "incomeBeforeTax": 34500000, "incomeTaxExpense": 13100000, "minorityInterest": {}, "netIncomeFromContinuingOps": 21400000, "discontinuedOperations": {}, "extraordinaryItems": {}, "effectOfAccountingCharges": {}, "otherItems": {}, "netIncome": 21400000, "netIncomeApplicableToCommonShares": 21400000}, {"maxAge": 1, "endDate": "2019-09-30", "totalRevenue": 331100000, "costOfRevenue": 201100000, "grossProfit": 130000000, "researchDevelopment": {}, "sellingGeneralAdministrative": 22900000, "nonRecurring": {}, "otherOperatingExpenses": 32200000, "totalOperatingExpenses": 267100000, "operatingIncome": 64000000, "totalOtherIncomeExpenseNet": -5700000, "ebit": 64000000, "interestExpense": -6900000, "incomeBeforeTax": 58300000, "incomeTaxExpense": 17700000, "minorityInterest": {}, "netIncomeFromContinuingOps": 40600000, "discontinuedOperations": {}, "extraordinaryItems": {}, "effectOfAccountingCharges": {}, "otherItems": {}, "netIncome": 40600000, "netIncomeApplicableToCommonShares": 40600000}], "maxAge": 86400}, "cashflowStatementHistoryQuarterly": {"cashflowStatements": [{"maxAge": 1, "endDate": "2020-06-30", "netIncome": 12100000, "changeToLiabilities": 0}, {"maxAge": 1, "endDate": "2020-03-31", "netIncome": -31880000, "changeToLiabilities": 0}, {"maxAge": 1, "endDate": "2019-12-31", "netIncome": 21400000, "changeToLiabilities": 0}, {"maxAge": 1, "endDate": "2019-09-30", "netIncome": 40600000, "changeToLiabilities": 0}], "maxAge": 86400}, "insiderHolders": {"holders": [{"maxAge": 1, "name": "Chemicals & Ferro Alloys Pvt Ltd", "relation": "Promoter", "url": "", "transactionDescription": "Acquisition", "latestTransDate": "2020-02-20", "positionDirect": 431550, "positionDirectDate": "2020-02-20"}, {"maxAge": 1, "name": "Neterwala (Feroze Dhunjishaw)", "relation": "Non Executive Chairman", "url": "", "transactionDescription": "Acquisition", "latestTransDate": "2020-02-20", "positionDirect": 431550, "positionDirectDate": "2020-02-20"}], "maxAge": 1}, "earnings": {"maxAge": 86400, "earningsChart": {"quarterly": [], "earningsDate": []}, "financialsChart": {"yearly": [{"date": 2017, "revenue": 621511000, "earnings": -84069000}, {"date": 2018, "revenue": 809751000, "earnings": 13596000}, {"date": 2019, "revenue": 898607000, "earnings": 94096000}, {"date": 2020, "revenue": 1024251000, "earnings": 53620000}], "quarterly": [{"date": "3Q2019", "revenue": 331100000, "earnings": 40600000}, {"date": "4Q2019", "revenue": 248500000, "earnings": 21400000}, {"date": "1Q2020", "revenue": 184151000, "earnings": -31880000}, {"date": "2Q2020", "revenue": 141600000, "earnings": 12100000}]}, "financialCurrency": "INR"}, "calendarEvents": {"maxAge": 1, "earnings": {"earningsDate": []}}, "price": {"maxAge": 1, "regularMarketChangePercent": 0.050970875, "regularMarketChange": 21.0, "regularMarketTime": "2021-04-30 14:59:45", "priceHint": 2, "regularMarketPrice": 433.0, "regularMarketDayHigh": 433.75, "regularMarketDayLow": 433.0, "regularMarketVolume": 31, "averageDailyVolume10Day": 230, "averageDailyVolume3Month": 377, "regularMarketPreviousClose": 412.0, "regularMarketSource": "FREE_REALTIME", "regularMarketOpen": 433.75, "exchange": "BSE", "exchangeName": "BSE", "exchangeDataDelayedBy": 0, "marketState": "CLOSED", "quoteType": "EQUITY", "symbol": "UNIABEXAL.BO", "underlyingSymbol": null, "shortName": "UNI ABEX ALLOY PRODUCTS LTD.", "longName": "Uni Abex Alloy Products Limited", "currency": "INR", "quoteSourceName": "Delayed Quote", "currencySymbol": "\u20b9", "fromCurrency": null, "toCurrency": null, "lastMarket": null, "marketCap": 855174976}, "balanceSheetHistory": {"balanceSheetStatements": [{"maxAge": 1, "endDate": "2020-03-31", "cash": 491000, "netReceivables": 200489000, "inventory": 284716000, "otherCurrentAssets": 46089000, "totalCurrentAssets": 533673000, "longTermInvestments": 13246000, "propertyPlantEquipment": 287424000, "intangibleAssets": 976000, "otherAssets": 34066000, "deferredLongTermAssetCharges": 31629000, "totalAssets": 869385000, "accountsPayable": 132514000, "shortLongTermDebt": 7780000, "otherCurrentLiab": 49853000, "longTermDebt": 7359000, "otherLiab": 11737000, "totalCurrentLiabilities": 391233000, "totalLiab": 410329000, "commonStock": 19750000, "retainedEarnings": 410243000, "treasuryStock": 2500000, "capitalSurplus": 26563000, "otherStockholderEquity": 2500000, "totalStockholderEquity": 459056000, "netTangibleAssets": 458080000}, {"maxAge": 1, "endDate": "2019-03-31", "cash": 8359000, "shortTermInvestments": 400000, "netReceivables": 272651000, "inventory": 309203000, "otherCurrentAssets": 56960000, "totalCurrentAssets": 649140000, "longTermInvestments": 13208000, "propertyPlantEquipment": 290093000, "intangibleAssets": 939000, "otherAssets": 89873000, "deferredLongTermAssetCharges": 85472000, "totalAssets": 1043253000, "accountsPayable": 249344000, "shortLongTermDebt": 15665000, "otherCurrentLiab": 91058000, "longTermDebt": 15168000, "otherLiab": 13346000, "totalCurrentLiabilities": 592517000, "totalLiab": 621031000, "commonStock": 19750000, "retainedEarnings": 373409000, "treasuryStock": 2500000, "capitalSurplus": 26563000, "otherStockholderEquity": 2500000, "totalStockholderEquity": 422222000, "netTangibleAssets": 421283000}, {"maxAge": 1, "endDate": "2018-03-31", "cash": 1303000, "shortTermInvestments": 1485000, "netReceivables": 247992000, "inventory": 147601000, "otherCurrentAssets": 51981000, "totalCurrentAssets": 450452000, "longTermInvestments": 24175000, "propertyPlantEquipment": 319412000, "intangibleAssets": 1388000, "otherAssets": 77783000, "deferredLongTermAssetCharges": 57052000, "totalAssets": 873210000, "accountsPayable": 184106000, "shortLongTermDebt": 10713000, "otherCurrentLiab": 87171000, "longTermDebt": 22501000, "otherLiab": 15259000, "totalCurrentLiabilities": 503418000, "totalLiab": 541205000, "commonStock": 19750000, "retainedEarnings": 283192000, "treasuryStock": 2500000, "capitalSurplus": 26563000, "otherStockholderEquity": 2500000, "totalStockholderEquity": 332005000, "netTangibleAssets": 330617000}, {"maxAge": 1, "endDate": "2017-03-31", "cash": 11295000, "netReceivables": 137200000, "inventory": 188286000, "otherCurrentAssets": 65202000, "totalCurrentAssets": 402082000, "longTermInvestments": 32460000, "propertyPlantEquipment": 346466000, "intangibleAssets": 1153000, "otherAssets": 65254000, "deferredLongTermAssetCharges": 59678000, "totalAssets": 847415000, "accountsPayable": 190011000, "shortLongTermDebt": 80674000, "otherCurrentLiab": 20596000, "longTermDebt": 18269000, "otherLiab": 13187000, "totalCurrentLiabilities": 497458000, "totalLiab": 528937000, "commonStock": 19750000, "retainedEarnings": 269665000, "treasuryStock": 2500000, "capitalSurplus": 26563000, "otherStockholderEquity": 2500000, "totalStockholderEquity": 318478000, "netTangibleAssets": 317325000}], "maxAge": 86400}, "earningsTrend": {"trend": [{"maxAge": 1, "period": "0q", "endDate": null, "growth": {}, "earningsEstimate": {"avg": 0.0, "low": 0.0, "high": 0.0, "yearAgoEps": {}, "numberOfAnalysts": 0, "growth": {}}, "revenueEstimate": {"avg": 0, "low": 0, "high": 0, "numberOfAnalysts": 0, "yearAgoRevenue": {}, "growth": {}}, "epsTrend": {"current": 0.0, "7daysAgo": 0.0, "30daysAgo": 0.0, "60daysAgo": 0.0, "90daysAgo": 0.0}, "epsRevisions": {"upLast7days": 0, "upLast30days": 0, "downLast30days": 0, "downLast90days": {}}}, {"maxAge": 1, "period": "+1q", "endDate": null, "growth": {}, "earningsEstimate": {"avg": 0.0, "low": 0.0, "high": 0.0, "yearAgoEps": {}, "numberOfAnalysts": 0, "growth": {}}, "revenueEstimate": {"avg": 0, "low": 0, "high": 0, "numberOfAnalysts": 0, "yearAgoRevenue": {}, "growth": {}}, "epsTrend": {"current": 0.0, "7daysAgo": 0.0, "30daysAgo": 0.0, "60daysAgo": 0.0, "90daysAgo": 0.0}, "epsRevisions": {"upLast7days": 0, "upLast30days": 0, "downLast30days": 0, "downLast90days": {}}}, {"maxAge": 1, "period": "0y", "endDate": null, "growth": {}, "earningsEstimate": {"avg": 0.0, "low": 0.0, "high": 0.0, "yearAgoEps": {}, "numberOfAnalysts": 0, "growth": {}}, "revenueEstimate": {"avg": 0, "low": 0, "high": 0, "numberOfAnalysts": 0, "yearAgoRevenue": {}, "growth": {}}, "epsTrend": {"current": 0.0, "7daysAgo": 0.0, "30daysAgo": 0.0, "60daysAgo": 0.0, "90daysAgo": 0.0}, "epsRevisions": {"upLast7days": 0, "upLast30days": 0, "downLast30days": 0, "downLast90days": {}}}, {"maxAge": 1, "period": "+1y", "endDate": null, "growth": {}, "earningsEstimate": {"avg": 0.0, "low": 0.0, "high": 0.0, "yearAgoEps": {}, "numberOfAnalysts": 0, "growth": {}}, "revenueEstimate": {"avg": 0, "low": 0, "high": 0, "numberOfAnalysts": 0, "yearAgoRevenue": {}, "growth": {}}, "epsTrend": {"current": 0.0, "7daysAgo": 0.0, "30daysAgo": 0.0, "60daysAgo": 0.0, "90daysAgo": 0.0}, "epsRevisions": {"upLast7days": 0, "upLast30days": 0, "downLast30days": 0, "downLast90days": {}}}, {"maxAge": 1, "period": "+5y", "endDate": null, "growth": {}, "earningsEstimate": {"avg": {}, "low": {}, "high": {}, "yearAgoEps": {}, "numberOfAnalysts": {}, "growth": {}}, "revenueEstimate": {"avg": {}, "low": {}, "high": {}, "numberOfAnalysts": {}, "yearAgoRevenue": {}, "growth": {}}, "epsTrend": {"current": {}, "7daysAgo": {}, "30daysAgo": {}, "60daysAgo": {}, "90daysAgo": {}}, "epsRevisions": {"upLast7days": {}, "upLast30days": {}, "downLast30days": {}, "downLast90days": {}}}, {"maxAge": 1, "period": "-5y", "endDate": null, "growth": {}, "earningsEstimate": {"avg": {}, "low": {}, "high": {}, "yearAgoEps": {}, "numberOfAnalysts": {}, "growth": {}}, "revenueEstimate": {"avg": {}, "low": {}, "high": {}, "numberOfAnalysts": {}, "yearAgoRevenue": {}, "growth": {}}, "epsTrend": {"current": {}, "7daysAgo": {}, "30daysAgo": {}, "60daysAgo": {}, "90daysAgo": {}}, "epsRevisions": {"upLast7days": {}, "upLast30days": {}, "downLast30days": {}, "downLast90days": {}}}], "maxAge": 1}, "financialData": {"maxAge": 86400, "currentPrice": 433.0, "recommendationKey": "none", "grossProfits": 636094000, "financialCurrency": "INR"}}}