{"UNIDT.BO": {"cashflowStatementHistory": {"cashflowStatements": [{"maxAge": 1, "endDate": "2020-03-31", "netIncome": 452180000, "depreciation": 26753000, "changeToNetincome": 1358000, "changeToAccountReceivables": 150610000, "changeToLiabilities": -35355000, "changeToInventory": 2176000, "changeToOperatingActivities": -464537000, "totalCashFromOperatingActivities": 133401000, "capitalExpenditures": -12974000, "totalCashflowsFromInvestingActivities": -12974000, "dividendsPaid": -105576000, "netBorrowings": 2793000, "otherCashflowsFromFinancingActivities": -21657000, "totalCashFromFinancingActivities": -124440000, "changeInCash": -4013000}, {"maxAge": 1, "endDate": "2019-03-31", "netIncome": 247355000, "depreciation": 28668000, "changeToNetincome": -1640000, "changeToAccountReceivables": 434281000, "changeToLiabilities": -511318000, "changeToInventory": 382789000, "changeToOperatingActivities": -274590000, "totalCashFromOperatingActivities": 305545000, "capitalExpenditures": -10524000, "totalCashflowsFromInvestingActivities": -10112000, "dividendsPaid": -36546000, "netBorrowings": -154089000, "otherCashflowsFromFinancingActivities": -7419000, "totalCashFromFinancingActivities": -198054000, "changeInCash": 97380000}, {"maxAge": 1, "endDate": "2018-03-31", "netIncome": 127312000, "depreciation": 26902000, "changeToNetincome": 10354000, "changeToAccountReceivables": -631469000, "changeToLiabilities": 552706000, "changeToInventory": -363178000, "changeToOperatingActivities": 65992000, "totalCashFromOperatingActivities": -211381000, "capitalExpenditures": -23795000, "totalCashflowsFromInvestingActivities": -23736000, "dividendsPaid": -12218000, "netBorrowings": 154619000, "otherCashflowsFromFinancingActivities": -2486000, "totalCashFromFinancingActivities": 39892000, "changeInCash": -195225000, "issuanceOfStock": 94000}, {"maxAge": 1, "endDate": "2017-03-31", "netIncome": 208513437, "depreciation": 66233021, "changeToNetincome": 2545322, "changeToAccountReceivables": 130370942, "changeToLiabilities": -163376281, "changeToInventory": 34137370, "changeToOperatingActivities": 28008021, "totalCashFromOperatingActivities": 306431832, "capitalExpenditures": -10172904, "totalCashflowsFromInvestingActivities": -10172904, "dividendsPaid": -12218000, "netBorrowings": -98659032, "otherCashflowsFromFinancingActivities": -2486000, "totalCashFromFinancingActivities": -98654032, "changeInCash": 197604896, "issuanceOfStock": 5000}], "maxAge": 86400}, "institutionOwnership": {"ownershipList": [], "maxAge": 1}, "balanceSheetHistoryQuarterly": {"balanceSheetStatements": [{"maxAge": 1, "endDate": "2020-06-30", "totalStockholderEquity": 1641081000, "netTangibleAssets": 1390141000}, {"maxAge": 1, "endDate": "2020-03-31", "cash": 106884000, "netReceivables": 123836000, "inventory": 227726000, "otherCurrentAssets": 42526000, "totalCurrentAssets": 500972000, "longTermInvestments": 573194000, "propertyPlantEquipment": 92443000, "intangibleAssets": 250940000, "otherAssets": 341136000, "totalAssets": 1758685000, "accountsPayable": 17162000, "shortLongTermDebt": 796000, "otherCurrentLiab": 10222000, "longTermDebt": 4194000, "otherLiab": 52290000, "totalCurrentLiabilities": 61121000, "totalLiab": 117605000, "commonStock": 203031000, "retainedEarnings": 1137001000, "treasuryStock": 177579000, "capitalSurplus": 123469000, "otherStockholderEquity": 177579000, "totalStockholderEquity": 1641080000, "netTangibleAssets": 1390140000}, {"maxAge": 1, "endDate": "2019-12-31", "totalStockholderEquity": 1537055000, "netTangibleAssets": 1282851000}, {"maxAge": 1, "endDate": "2019-09-30", "cash": 206583000, "netReceivables": 160971000, "inventory": 304110000, "otherCurrentAssets": 55464000, "totalCurrentAssets": 727128000, "longTermInvestments": 297526000, "propertyPlantEquipment": 92121000, "intangibleAssets": 254204000, "otherAssets": 300746000, "totalAssets": 1671725000, "accountsPayable": 32995000, "shortLongTermDebt": 479000, "otherCurrentLiab": 49131000, "longTermDebt": 1346000, "otherLiab": 50719000, "totalCurrentLiabilities": 82605000, "totalLiab": 134670000, "commonStock": 203031000, "treasuryStock": 1334024000, "otherStockholderEquity": 1334024000, "totalStockholderEquity": 1537055000, "netTangibleAssets": 1282851000}], "maxAge": 86400}, "indexTrend": {"maxAge": 1, "symbol": "SP5", "peRatio": 19.7411, "pegRatio": 1.34172, "estimates": [{"period": "0q", "growth": 0.549}, {"period": "+1q", "growth": 0.431}, {"period": "0y", "growth": 0.305}, {"period": "+1y", "growth": 0.109}, {"period": "+5y", "growth": 0.120865}, {"period": "-5y"}]}, "insiderTransactions": {"transactions": [{"maxAge": 1, "shares": 1000, "filerUrl": "", "transactionText": "", "filerName": "Gupta (Prabha)", "filerRelation": "Promoter", "moneyText": "", "startDate": "2019-06-29", "ownership": "D"}, {"maxAge": 1, "shares": 250, "filerUrl": "", "transactionText": "", "filerName": "Gupta (Prabha)", "filerRelation": "Promoter", "moneyText": "", "startDate": "2019-01-21", "ownership": "D"}, {"maxAge": 1, "shares": 1700, "filerUrl": "", "transactionText": "", "filerName": "Gupta (Kunal)", "filerRelation": "Director", "moneyText": "", "startDate": "2019-01-21", "ownership": "D"}, {"maxAge": 1, "shares": 200, "filerUrl": "", "transactionText": "", "filerName": "Gupta (Kunal)", "filerRelation": "Director", "moneyText": "", "startDate": "2018-05-14", "ownership": "D"}, {"maxAge": 1, "shares": 7181900, "filerUrl": "", "transactionText": "", "filerName": "Gupta (Pramod Kumar)", "filerRelation": "Executive Chairman", "moneyText": "", "startDate": "2018-05-14", "ownership": "D"}, {"maxAge": 1, "shares": 395605, "filerUrl": "", "transactionText": "", "filerName": "Gupta (Prabha)", "filerRelation": "Promoter", "moneyText": "", "startDate": "2018-05-14", "ownership": "D"}, {"maxAge": 1, "shares": 200, "filerUrl": "", "transactionText": "", "filerName": "Gupta (Prabha)", "filerRelation": "Promoter", "moneyText": "", "startDate": "2018-03-30", "ownership": "D"}, {"maxAge": 1, "shares": 400, "filerUrl": "", "transactionText": "", "filerName": "Gupta (Kunal)", "filerRelation": "Director", "moneyText": "", "startDate": "2018-01-27", "ownership": "D"}, {"maxAge": 1, "shares": 394305, "filerUrl": "", "transactionText": "", "filerName": "Gupta (Kunal)", "filerRelation": "Director", "moneyText": "", "startDate": "2016-09-03", "ownership": "D"}, {"maxAge": 1, "shares": 394305, "filerUrl": "", "transactionText": "", "filerName": "Gupta (Prabha)", "filerRelation": "Promoter", "moneyText": "", "startDate": "2016-09-03", "ownership": "D"}, {"maxAge": 1, "shares": 11200, "filerUrl": "", "transactionText": "", "filerName": "Gupta (Kunal)", "filerRelation": "Director", "moneyText": "", "startDate": "2016-05-02", "ownership": "D"}, {"maxAge": 1, "shares": 8200, "filerUrl": "", "transactionText": "", "filerName": "Gupta (Kunal)", "filerRelation": "Director", "moneyText": "", "startDate": "2015-08-03", "ownership": "D"}, {"maxAge": 1, "shares": 13100, "filerUrl": "", "transactionText": "", "filerName": "Gupta (Kunal)", "filerRelation": "Additonal Director", "moneyText": "", "startDate": "2015-06-29", "ownership": "D"}, {"maxAge": 1, "shares": 0, "filerUrl": "", "transactionText": "", "filerName": "Gupta (Kunal)", "filerRelation": "Additonal Director", "moneyText": "", "startDate": "2015-05-15", "ownership": "I"}, {"maxAge": 1, "shares": 2200, "filerUrl": "", "transactionText": "", "filerName": "Gupta (Kunal)", "filerRelation": "Additonal Director", "moneyText": "", "startDate": "2015-05-15", "ownership": "D"}, {"maxAge": 1, "shares": 23100, "filerUrl": "", "transactionText": "", "filerName": "Gupta (Kunal)", "filerRelation": "Additonal Director", "moneyText": "", "startDate": "2015-05-11", "ownership": "D"}, {"maxAge": 1, "shares": 3358333, "filerUrl": "", "transactionText": "", "filerName": "Gupta (Pramod Kumar)", "filerRelation": "Chairman of the Board", "moneyText": "", "startDate": "2014-10-07", "ownership": "D"}, {"maxAge": 1, "shares": 155000, "filerUrl": "", "transactionText": "", "filerName": "Gupta (Kunal)", "filerRelation": "Additonal Director", "moneyText": "", "startDate": "2014-10-07", "ownership": "D"}, {"maxAge": 1, "shares": 174105, "filerUrl": "", "transactionText": "", "filerName": "Gupta (Kunal)", "filerRelation": "UNREPORTED", "moneyText": "", "startDate": "2012-08-14", "ownership": "D"}, {"maxAge": 1, "shares": 3264675, "filerUrl": "", "transactionText": "", "filerName": "Gupta (Pramod Kumar)", "filerRelation": "Chairman of the Board", "moneyText": "", "startDate": "2012-08-14", "ownership": "D"}], "maxAge": 1}, "quoteType": {"exchange": "BSE", "quoteType": "EQUITY", "symbol": "UNIDT.BO", "underlyingSymbol": "UNIDT.BO", "shortName": "UNITED DRILLING TOOLS LTD.", "longName": "United Drilling Tools Limited", "firstTradeDateEpochUtc": "2004-09-29 09:15:00", "timeZoneFullName": "Asia/Kolkata", "timeZoneShortName": "IST", "uuid": "90db4c77-27c5-3a35-aa4e-9c06ff44eec9", "gmtOffSetMilliseconds": 19800000, "maxAge": 1}, "incomeStatementHistory": {"incomeStatementHistory": [{"maxAge": 1, "endDate": "2020-03-31", "totalRevenue": 1117508000, "costOfRevenue": 412509000, "grossProfit": 704999000, "researchDevelopment": {}, "sellingGeneralAdministrative": 116347000, "nonRecurring": {}, "otherOperatingExpenses": 58262000, "totalOperatingExpenses": 614087000, "operatingIncome": 503421000, "totalOtherIncomeExpenseNet": 24122000, "ebit": 503421000, "interestExpense": -366000, "incomeBeforeTax": 527543000, "incomeTaxExpense": 75363000, "minorityInterest": {}, "netIncomeFromContinuingOps": 452180000, "discontinuedOperations": {}, "extraordinaryItems": {}, "effectOfAccountingCharges": {}, "otherItems": {}, "netIncome": 452180000, "netIncomeApplicableToCommonShares": 452180000}, {"maxAge": 1, "endDate": "2019-03-31", "totalRevenue": 1561983000, "costOfRevenue": 1039650000, "grossProfit": 522333000, "researchDevelopment": {}, "sellingGeneralAdministrative": 110037000, "nonRecurring": {}, "otherOperatingExpenses": 86511000, "totalOperatingExpenses": 1264866000, "operatingIncome": 297117000, "totalOtherIncomeExpenseNet": -44059000, "ebit": 297117000, "interestExpense": -3396000, "incomeBeforeTax": 253058000, "incomeTaxExpense": 5703000, "minorityInterest": {}, "netIncomeFromContinuingOps": 247355000, "discontinuedOperations": {}, "extraordinaryItems": {}, "effectOfAccountingCharges": {}, "otherItems": {}, "netIncome": 247355000, "netIncomeApplicableToCommonShares": 247355000}, {"maxAge": 1, "endDate": "2018-03-31", "totalRevenue": 734265000, "costOfRevenue": 419563000, "grossProfit": 314702000, "researchDevelopment": {}, "sellingGeneralAdministrative": 67127000, "nonRecurring": {}, "otherOperatingExpenses": 75170000, "totalOperatingExpenses": 588762000, "operatingIncome": 145503000, "totalOtherIncomeExpenseNet": -7700000, "ebit": 145503000, "interestExpense": -1762000, "incomeBeforeTax": 137803000, "incomeTaxExpense": 10491000, "minorityInterest": {}, "netIncomeFromContinuingOps": 127312000, "discontinuedOperations": {}, "extraordinaryItems": {}, "effectOfAccountingCharges": {}, "otherItems": {}, "netIncome": 127312000, "netIncomeApplicableToCommonShares": 127312000}, {"maxAge": 1, "endDate": "2017-03-31", "totalRevenue": 803831299, "costOfRevenue": 397600603, "grossProfit": 406230696, "researchDevelopment": {}, "sellingGeneralAdministrative": 66432973, "nonRecurring": {}, "otherOperatingExpenses": 63805783, "totalOperatingExpenses": 594072380, "operatingIncome": 209758919, "totalOtherIncomeExpenseNet": 2234425, "ebit": 209758919, "interestExpense": -1785976, "incomeBeforeTax": 211993344, "incomeTaxExpense": 3479907, "minorityInterest": {}, "netIncomeFromContinuingOps": 208513437, "discontinuedOperations": {}, "extraordinaryItems": {}, "effectOfAccountingCharges": {}, "otherItems": {}, "netIncome": 208513437, "netIncomeApplicableToCommonShares": 208513437}], "maxAge": 86400}, "fundOwnership": {"ownershipList": [], "maxAge": 1}, "summaryDetail": {"maxAge": 1, "priceHint": 2, "previousClose": 305.4, "open": 298.65, "dayLow": 294.0, "dayHigh": 305.4, "regularMarketPreviousClose": 305.4, "regularMarketOpen": 298.65, "regularMarketDayLow": 294.0, "regularMarketDayHigh": 305.4, "trailingPE": 14.458641, "volume": 347, "regularMarketVolume": 347, "averageVolume": 5768, "averageVolume10days": 2904, "averageDailyVolume10Day": 2904, "bid": 300.1, "ask": 305.4, "bidSize": 0, "askSize": 0, "marketCap": 6111233024, "fiftyTwoWeekLow": 95.0, "fiftyTwoWeekHigh": 339.8, "fiftyDayAverage": 282.66516, "twoHundredDayAverage": 235.11545, "trailingAnnualDividendRate": 1.2, "trailingAnnualDividendYield": 0.003929273, "currency": "INR", "fromCurrency": null, "lastMarket": null, "algorithm": null, "tradeable": false}, "incomeStatementHistoryQuarterly": {"incomeStatementHistory": [{"maxAge": 1, "endDate": "2020-06-30", "totalRevenue": 278333000, "costOfRevenue": 151144000, "grossProfit": 127189000, "researchDevelopment": {}, "sellingGeneralAdministrative": 24301000, "nonRecurring": {}, "otherOperatingExpenses": 18305000, "totalOperatingExpenses": 200068000, "operatingIncome": 78265000, "totalOtherIncomeExpenseNet": 10100000, "ebit": 78265000, "interestExpense": -1390000, "incomeBeforeTax": 88365000, "incomeTaxExpense": 15280000, "minorityInterest": {}, "netIncomeFromContinuingOps": 73085000, "discontinuedOperations": {}, "extraordinaryItems": {}, "effectOfAccountingCharges": {}, "otherItems": {}, "netIncome": 73085000, "netIncomeApplicableToCommonShares": 73085000}, {"maxAge": 1, "endDate": "2020-03-31", "totalRevenue": 222451000, "costOfRevenue": 92794000, "grossProfit": 129657000, "researchDevelopment": {}, "sellingGeneralAdministrative": 32057000, "nonRecurring": {}, "otherOperatingExpenses": 10298000, "totalOperatingExpenses": 142281000, "operatingIncome": 80170000, "totalOtherIncomeExpenseNet": 7113000, "ebit": 80170000, "interestExpense": -1390000, "incomeBeforeTax": 87283000, "incomeTaxExpense": 5934000, "minorityInterest": {}, "netIncomeFromContinuingOps": 81349000, "discontinuedOperations": {}, "extraordinaryItems": {}, "effectOfAccountingCharges": {}, "otherItems": {}, "netIncome": 81349000, "netIncomeApplicableToCommonShares": 81349000}, {"maxAge": 1, "endDate": "2019-12-31", "totalRevenue": 332460000, "costOfRevenue": 124197000, "grossProfit": 208263000, "researchDevelopment": {}, "sellingGeneralAdministrative": 29290000, "nonRecurring": {}, "otherOperatingExpenses": 16077000, "totalOperatingExpenses": 176388000, "operatingIncome": 156072000, "totalOtherIncomeExpenseNet": 9223000, "ebit": 156072000, "interestExpense": -516000, "incomeBeforeTax": 165295000, "incomeTaxExpense": 29599000, "minorityInterest": {}, "netIncomeFromContinuingOps": 135696000, "discontinuedOperations": {}, "extraordinaryItems": {}, "effectOfAccountingCharges": {}, "otherItems": {}, "netIncome": 135696000, "netIncomeApplicableToCommonShares": 135696000}, {"maxAge": 1, "endDate": "2019-09-30", "totalRevenue": 294672000, "costOfRevenue": 94919000, "grossProfit": 199753000, "researchDevelopment": {}, "sellingGeneralAdministrative": 27977000, "nonRecurring": {}, "otherOperatingExpenses": 13774000, "totalOperatingExpenses": 143248000, "operatingIncome": 151424000, "totalOtherIncomeExpenseNet": 4392000, "ebit": 151424000, "interestExpense": -1353000, "incomeBeforeTax": 155816000, "incomeTaxExpense": 22501000, "minorityInterest": {}, "netIncomeFromContinuingOps": 133315000, "discontinuedOperations": {}, "extraordinaryItems": {}, "effectOfAccountingCharges": {}, "otherItems": {}, "netIncome": 133315000, "netIncomeApplicableToCommonShares": 133315000}], "maxAge": 86400}, "cashflowStatementHistoryQuarterly": {"cashflowStatements": [{"maxAge": 1, "endDate": "2020-06-30", "netIncome": 73085000, "changeToLiabilities": 0}, {"maxAge": 1, "endDate": "2020-03-31", "netIncome": 81349000, "changeToLiabilities": 0}, {"maxAge": 1, "endDate": "2019-12-31", "netIncome": 135696000, "changeToLiabilities": 0}, {"maxAge": 1, "endDate": "2019-09-30", "netIncome": 133315000, "changeToLiabilities": 0}], "maxAge": 86400}, "insiderHolders": {"holders": [{"maxAge": 1, "name": "Gupta (Kunal)", "relation": "Director", "url": "", "transactionDescription": "Other", "latestTransDate": "2019-01-21", "positionDirect": 2900, "positionDirectDate": "2019-01-21"}, {"maxAge": 1, "name": "Gupta (Prabha)", "relation": "Promoter", "url": "", "transactionDescription": "Sale", "latestTransDate": "2019-06-29", "positionDirect": 789960, "positionDirectDate": "2019-06-29"}, {"maxAge": 1, "name": "Gupta (Pramod Kumar)", "relation": "Executive Chairman", "url": "", "transactionDescription": "Other", "latestTransDate": "2018-05-14", "positionDirect": 14363800, "positionDirectDate": "2018-05-14"}], "maxAge": 1}, "calendarEvents": {"maxAge": 1, "earnings": {"earningsDate": ["2020-08-25 05:30:S"]}}, "upgradeDowngradeHistory": {"history": [], "maxAge": 86400}, "price": {"maxAge": 1, "regularMarketChangePercent": -0.014407315, "regularMarketChange": -4.399994, "regularMarketTime": "2021-04-30 14:25:47", "priceHint": 2, "regularMarketPrice": 301.0, "regularMarketDayHigh": 305.4, "regularMarketDayLow": 294.0, "regularMarketVolume": 347, "averageDailyVolume10Day": 2904, "averageDailyVolume3Month": 5768, "regularMarketPreviousClose": 305.4, "regularMarketSource": "FREE_REALTIME", "regularMarketOpen": 298.65, "exchange": "BSE", "exchangeName": "BSE", "exchangeDataDelayedBy": 0, "marketState": "CLOSED", "quoteType": "EQUITY", "symbol": "UNIDT.BO", "underlyingSymbol": null, "shortName": "UNITED DRILLING TOOLS LTD.", "longName": "United Drilling Tools Limited", "currency": "INR", "quoteSourceName": "Delayed Quote", "currencySymbol": "\u20b9", "fromCurrency": null, "lastMarket": null, "marketCap": 6111233024}, "balanceSheetHistory": {"balanceSheetStatements": [{"maxAge": 1, "endDate": "2020-03-31", "cash": 106884000, "netReceivables": 123836000, "inventory": 227726000, "otherCurrentAssets": 42526000, "totalCurrentAssets": 500972000, "longTermInvestments": 573194000, "propertyPlantEquipment": 92443000, "intangibleAssets": 250940000, "otherAssets": 341136000, "totalAssets": 1758685000, "accountsPayable": 17162000, "shortLongTermDebt": 796000, "otherCurrentLiab": 10222000, "longTermDebt": 4194000, "otherLiab": 52290000, "totalCurrentLiabilities": 61121000, "totalLiab": 117605000, "commonStock": 203031000, "retainedEarnings": 1137001000, "treasuryStock": 177579000, "capitalSurplus": 123469000, "otherStockholderEquity": 177579000, "totalStockholderEquity": 1641080000, "netTangibleAssets": 1390140000}, {"maxAge": 1, "endDate": "2019-03-31", "cash": 110897000, "netReceivables": 274444000, "inventory": 229902000, "otherCurrentAssets": 42270000, "totalCurrentAssets": 657513000, "longTermInvestments": 196621000, "propertyPlantEquipment": 99062000, "intangibleAssets": 258315000, "otherAssets": 277505000, "totalAssets": 1489016000, "accountsPayable": 52515000, "shortLongTermDebt": 903000, "otherCurrentLiab": 51921000, "longTermDebt": 1401000, "otherLiab": 47900000, "totalCurrentLiabilities": 122949000, "totalLiab": 172250000, "commonStock": 203031000, "retainedEarnings": 812053000, "treasuryStock": 178213000, "capitalSurplus": 123469000, "otherStockholderEquity": 178213000, "totalStockholderEquity": 1316766000, "netTangibleAssets": 1058451000}, {"maxAge": 1, "endDate": "2018-03-31", "cash": 13517000, "netReceivables": 708725000, "inventory": 612691000, "otherCurrentAssets": 38140000, "totalCurrentAssets": 1373073000, "longTermInvestments": 67953000, "propertyPlantEquipment": 111411000, "intangibleAssets": 264447000, "otherAssets": 149622000, "totalAssets": 1966506000, "accountsPayable": 563834000, "shortLongTermDebt": 893000, "otherCurrentLiab": 54341000, "longTermDebt": 2303000, "otherLiab": 51078000, "totalCurrentLiabilities": 799351000, "totalLiab": 852732000, "commonStock": 101516000, "retainedEarnings": 608662000, "treasuryStock": 278728000, "capitalSurplus": 124868000, "otherStockholderEquity": 278728000, "totalStockholderEquity": 1113774000, "netTangibleAssets": 849327000}, {"maxAge": 1, "endDate": "2017-03-31", "cash": 208742118, "netReceivables": 77256362, "inventory": 249512954, "otherCurrentAssets": 23365757, "totalCurrentAssets": 558877191, "longTermInvestments": 101196943, "propertyPlantEquipment": 109563362, "intangibleAssets": 269567273, "otherAssets": 135154077, "totalAssets": 1174358846, "accountsPayable": 11127611, "shortLongTermDebt": 406697, "otherCurrentLiab": 4171518, "longTermDebt": 100986964, "otherLiab": 41433692, "totalCurrentLiabilities": 30788205, "totalLiab": 173208861, "commonStock": 101805855, "retainedEarnings": 496054844, "treasuryStock": 278421096, "capitalSurplus": 124868190, "otherStockholderEquity": 278421096, "totalStockholderEquity": 1001149985, "netTangibleAssets": 731582712}], "maxAge": 86400}, "financialData": {"maxAge": 86400, "currentPrice": 301.0, "recommendationKey": "none", "grossProfits": 704999000, "financialCurrency": "INR"}}}