{"UNIDT.NS": {"assetProfile": {"address1": "A-22, Phase-II", "address2": "Gautam Budh Nagar", "city": "Noida", "zip": "201305", "country": "India", "phone": "91 12 0484 2400", "fax": "91 12 0246 2675", "website": "http://www.udtltd.com", "industry": "Oil & Gas Equipment & Services", "sector": "Energy", "longBusinessSummary": "United Drilling Tools Limited manufactures and sells wire line and well service equipment, gas lift equipment, downhole tools, and OD casing pipes and connectors worldwide. The company offers wireline winch units, including slimsplit, flyline, surveyline, truckline, landline, and wireline accessories; down hole tools, such as interchangeable sleeve stabilizers, integral blade stabilizers, rotary reamers, subs, and lifting subs and plugs; and fast make up high performance connectors. It also provides artificial gas lift equipment comprising wireline retrievable gas lift valves, orifice valves, side pocket mandrels, dummy and equalizing valves, latches, standing valves and seating nipples, running and pulling tools, conventional casing pressure operated gas lift valves, conventional tubing pressure operated gas lift valves, conventional check valves, and conventional gas lift mandrels. The company serves oil and gas industries. United Drilling Tools Limited was founded in 1985 and is headquartered in Noida, India.", "fullTimeEmployees": 222, "companyOfficers": [{"maxAge": 1, "name": "Mr. Pramod Kumar Gupta", "age": 72, "title": "Chairman & MD", "yearBorn": 1948, "fiscalYear": 2020, "totalPay": 15188267, "exercisedValue": 0, "unexercisedValue": 0}, {"maxAge": 1, "name": "Mr. Arun Kumar Thakur", "title": "Chief Financial Officer", "exercisedValue": 0, "unexercisedValue": 0}, {"maxAge": 1, "name": "Mr. Pramod Kumar Ojha", "title": "Company Sec. & Compliance Officer", "exercisedValue": 0, "unexercisedValue": 0}, {"maxAge": 1, "name": "Dr. Kanal  Gupta", "age": 38, "title": "Whole Time Director", "yearBorn": 1982, "fiscalYear": 2020, "totalPay": 4221600, "exercisedValue": 0, "unexercisedValue": 0}, {"maxAge": 1, "name": "Mr. Inderpal  Sharma", "age": 51, "title": "Whole-Time Director", "yearBorn": 1969, "fiscalYear": 2020, "totalPay": 705447, "exercisedValue": 0, "unexercisedValue": 0}, {"maxAge": 1, "name": "Mr. Ajit  Kumar", "age": 37, "title": "Sr. Mang. of Operation", "yearBorn": 1983, "exercisedValue": 0, "unexercisedValue": 0}, {"maxAge": 1, "name": "Mr. Mukesh  Mehta", "age": 58, "title": "Deputy Gen. Mang. of Accounts & Fin.", "yearBorn": 1962, "exercisedValue": 0, "unexercisedValue": 0}, {"maxAge": 1, "name": "Mr. Chandrapal  Sharma", "age": 56, "title": "Deputy Gen. Mang. of Human Resource & Admin.", "yearBorn": 1964, "exercisedValue": 0, "unexercisedValue": 0}, {"maxAge": 1, "name": "Mr. Govind  Sharma", "age": 58, "title": "Gen. Mang. of Sales & Marketing", "yearBorn": 1962, "exercisedValue": 0, "unexercisedValue": 0}], "compensationAsOfEpochDate": "2020-12-31 05:30:00", "maxAge": 86400}, "cashflowStatementHistory": {"cashflowStatements": [{"maxAge": 1, "endDate": "2020-03-31", "netIncome": 452180000, "depreciation": 26753000, "changeToNetincome": 1358000, "changeToAccountReceivables": 150610000, "changeToLiabilities": -35355000, "changeToInventory": 2176000, "changeToOperatingActivities": -464537000, "totalCashFromOperatingActivities": 133401000, "capitalExpenditures": -12974000, "totalCashflowsFromInvestingActivities": -12974000, "dividendsPaid": -105576000, "netBorrowings": 2793000, "otherCashflowsFromFinancingActivities": -21657000, "totalCashFromFinancingActivities": -124440000, "changeInCash": -4013000}, {"maxAge": 1, "endDate": "2019-03-31", "netIncome": 247355000, "depreciation": 28668000, "changeToNetincome": -1640000, "changeToAccountReceivables": 434281000, "changeToLiabilities": -511318000, "changeToInventory": 382789000, "changeToOperatingActivities": -274590000, "totalCashFromOperatingActivities": 305545000, "capitalExpenditures": -10524000, "totalCashflowsFromInvestingActivities": -10112000, "dividendsPaid": -36546000, "netBorrowings": -154089000, "otherCashflowsFromFinancingActivities": -7419000, "totalCashFromFinancingActivities": -198054000, "changeInCash": 97380000}, {"maxAge": 1, "endDate": "2018-03-31", "netIncome": 127312000, "depreciation": 26902000, "changeToNetincome": 10354000, "changeToAccountReceivables": -631469000, "changeToLiabilities": 552706000, "changeToInventory": -363178000, "changeToOperatingActivities": 65992000, "totalCashFromOperatingActivities": -211381000, "capitalExpenditures": -23795000, "totalCashflowsFromInvestingActivities": -23736000, "dividendsPaid": -12218000, "netBorrowings": 154619000, "otherCashflowsFromFinancingActivities": -2486000, "totalCashFromFinancingActivities": 39892000, "changeInCash": -195225000, "issuanceOfStock": 94000}, {"maxAge": 1, "endDate": "2017-03-31", "netIncome": 208513437, "depreciation": 66233021, "changeToNetincome": 2545322, "changeToAccountReceivables": 130370942, "changeToLiabilities": -163376281, "changeToInventory": 34137370, "changeToOperatingActivities": 28008021, "totalCashFromOperatingActivities": 306431832, "capitalExpenditures": -10172904, "totalCashflowsFromInvestingActivities": -10172904, "dividendsPaid": -12218000, "netBorrowings": -98659032, "otherCashflowsFromFinancingActivities": -2486000, "totalCashFromFinancingActivities": -98654032, "changeInCash": 197604896, "issuanceOfStock": 5000}], "maxAge": 86400}, "institutionOwnership": {"ownershipList": [], "maxAge": 1}, "majorHoldersBreakdown": {"maxAge": 1, "insidersPercentHeld": 0.84007, "institutionsPercentHeld": 0.0, "institutionsFloatPercentHeld": 0.0, "institutionsCount": 0}, "balanceSheetHistoryQuarterly": {"balanceSheetStatements": [{"maxAge": 1, "endDate": "2020-12-31", "totalStockholderEquity": 1793166000, "netTangibleAssets": 1547104000}, {"maxAge": 1, "endDate": "2020-09-30", "cash": 51822000, "netReceivables": 618159000, "inventory": 706795000, "otherCurrentAssets": 113248000, "totalCurrentAssets": 1490024000, "longTermInvestments": 466431000, "propertyPlantEquipment": 87279000, "intangibleAssets": 246062000, "otherAssets": 378770000, "totalAssets": 2668566000, "accountsPayable": 597210000, "shortLongTermDebt": 896000, "otherCurrentLiab": 3873000, "longTermDebt": 3198000, "otherLiab": 54340000, "totalCurrentLiabilities": 817862000, "totalLiab": 875400000, "commonStock": 203031000, "treasuryStock": 1590135000, "otherStockholderEquity": 1590135000, "totalStockholderEquity": 1793166000, "netTangibleAssets": 1547104000}, {"maxAge": 1, "endDate": "2020-06-30", "totalStockholderEquity": 1641081000, "netTangibleAssets": 1390141000}, {"maxAge": 1, "endDate": "2020-03-31", "cash": 106884000, "netReceivables": 123836000, "inventory": 227726000, "otherCurrentAssets": 42526000, "totalCurrentAssets": 500972000, "longTermInvestments": 573194000, "propertyPlantEquipment": 92443000, "intangibleAssets": 250940000, "otherAssets": 341136000, "totalAssets": 1758685000, "accountsPayable": 17162000, "shortLongTermDebt": 796000, "otherCurrentLiab": 10222000, "longTermDebt": 4194000, "otherLiab": 52290000, "totalCurrentLiabilities": 61121000, "totalLiab": 117605000, "commonStock": 203031000, "retainedEarnings": 1137001000, "treasuryStock": 177579000, "capitalSurplus": 123469000, "otherStockholderEquity": 177579000, "totalStockholderEquity": 1641080000, "netTangibleAssets": 1390140000}], "maxAge": 86400}, "indexTrend": {"maxAge": 1, "symbol": "SP5", "peRatio": 19.7411, "pegRatio": 1.34172, "estimates": [{"period": "0q", "growth": 0.549}, {"period": "+1q", "growth": 0.431}, {"period": "0y", "growth": 0.305}, {"period": "+1y", "growth": 0.109}, {"period": "+5y", "growth": 0.120865}, {"period": "-5y"}]}, "defaultKeyStatistics": {"maxAge": 1, "priceHint": 2, "enterpriseValue": 6245613568, "profitMargins": 0.31024998, "floatShares": 3047750, "sharesOutstanding": 20303100, "heldPercentInsiders": 0.84007, "heldPercentInstitutions": 0.0, "beta": 0.860666, "category": null, "bookValue": 88.156, "priceToBook": 3.4353874, "fundFamily": null, "legalType": null, "lastFiscalYearEnd": "2020-03-31 05:30:00", "nextFiscalYearEnd": "2022-03-31 05:30:00", "mostRecentQuarter": "2020-12-31 05:30:00", "earningsQuarterlyGrowth": -0.11, "netIncomeToCommon": 366672000, "trailingEps": 18.048, "lastSplitFactor": null, "enterpriseToRevenue": 5.285, "enterpriseToEbitda": 14.82}, "summaryProfile": {"address1": "A-22, Phase-II", "address2": "Gautam Budh Nagar", "city": "Noida", "zip": "201305", "country": "India", "phone": "91 12 0484 2400", "fax": "91 12 0246 2675", "website": "http://www.udtltd.com", "industry": "Oil & Gas Equipment & Services", "sector": "Energy", "longBusinessSummary": "United Drilling Tools Limited manufactures and sells wire line and well service equipment, gas lift equipment, downhole tools, and OD casing pipes and connectors worldwide. The company offers wireline winch units, including slimsplit, flyline, surveyline, truckline, landline, and wireline accessories; down hole tools, such as interchangeable sleeve stabilizers, integral blade stabilizers, rotary reamers, subs, and lifting subs and plugs; and fast make up high performance connectors. It also provides artificial gas lift equipment comprising wireline retrievable gas lift valves, orifice valves, side pocket mandrels, dummy and equalizing valves, latches, standing valves and seating nipples, running and pulling tools, conventional casing pressure operated gas lift valves, conventional tubing pressure operated gas lift valves, conventional check valves, and conventional gas lift mandrels. The company serves oil and gas industries. United Drilling Tools Limited was founded in 1985 and is headquartered in Noida, India.", "fullTimeEmployees": 222, "companyOfficers": [], "maxAge": 86400}, "netSharePurchaseActivity": {"maxAge": 1, "period": "6m", "buyInfoCount": 0, "buyInfoShares": 0, "sellInfoCount": 0, "netInfoCount": 0, "netInfoShares": 0, "netPercentInsiderShares": 0.0, "totalInsiderShares": 17071100}, "insiderTransactions": {"transactions": [{"maxAge": 1, "shares": 1200, "value": 4102, "filerUrl": "", "transactionText": "Gift at price 3.42 per share.", "filerName": "Gupta (Prabha)", "filerRelation": "Promoter", "moneyText": "", "startDate": "2020-12-30", "ownership": "D"}, {"maxAge": 1, "shares": 1000, "filerUrl": "", "transactionText": "", "filerName": "Gupta (Prabha)", "filerRelation": "Promoter", "moneyText": "", "startDate": "2019-06-29", "ownership": "D"}, {"maxAge": 1, "shares": 1700, "filerUrl": "", "transactionText": "", "filerName": "Gupta (Kunal)", "filerRelation": "Director", "moneyText": "", "startDate": "2019-01-21", "ownership": "D"}, {"maxAge": 1, "shares": 250, "filerUrl": "", "transactionText": "", "filerName": "Gupta (Prabha)", "filerRelation": "Promoter", "moneyText": "", "startDate": "2019-01-21", "ownership": "D"}, {"maxAge": 1, "shares": 200, "filerUrl": "", "transactionText": "", "filerName": "Gupta (Kunal)", "filerRelation": "Director", "moneyText": "", "startDate": "2018-05-14", "ownership": "D"}, {"maxAge": 1, "shares": 7181900, "filerUrl": "", "transactionText": "", "filerName": "Gupta (Pramod Kumar)", "filerRelation": "Executive Chairman", "moneyText": "", "startDate": "2018-05-14", "ownership": "D"}, {"maxAge": 1, "shares": 395605, "filerUrl": "", "transactionText": "", "filerName": "Gupta (Prabha)", "filerRelation": "Promoter", "moneyText": "", "startDate": "2018-05-14", "ownership": "D"}, {"maxAge": 1, "shares": 200, "filerUrl": "", "transactionText": "", "filerName": "Gupta (Prabha)", "filerRelation": "Promoter", "moneyText": "", "startDate": "2018-03-30", "ownership": "D"}, {"maxAge": 1, "shares": 400, "filerUrl": "", "transactionText": "", "filerName": "Gupta (Kunal)", "filerRelation": "Director", "moneyText": "", "startDate": "2018-01-27", "ownership": "D"}, {"maxAge": 1, "shares": 394305, "filerUrl": "", "transactionText": "", "filerName": "Gupta (Prabha)", "filerRelation": "Promoter", "moneyText": "", "startDate": "2016-09-03", "ownership": "D"}, {"maxAge": 1, "shares": 394305, "filerUrl": "", "transactionText": "", "filerName": "Gupta (Kunal)", "filerRelation": "Director", "moneyText": "", "startDate": "2016-09-03", "ownership": "D"}, {"maxAge": 1, "shares": 11200, "filerUrl": "", "transactionText": "", "filerName": "Gupta (Kunal)", "filerRelation": "Director", "moneyText": "", "startDate": "2016-05-02", "ownership": "D"}, {"maxAge": 1, "shares": 8200, "filerUrl": "", "transactionText": "", "filerName": "Gupta (Kunal)", "filerRelation": "Director", "moneyText": "", "startDate": "2015-08-03", "ownership": "D"}, {"maxAge": 1, "shares": 13100, "filerUrl": "", "transactionText": "", "filerName": "Gupta (Kunal)", "filerRelation": "Additonal Director", "moneyText": "", "startDate": "2015-06-29", "ownership": "D"}, {"maxAge": 1, "shares": 2200, "filerUrl": "", "transactionText": "", "filerName": "Gupta (Kunal)", "filerRelation": "Additonal Director", "moneyText": "", "startDate": "2015-05-15", "ownership": "D"}, {"maxAge": 1, "shares": 0, "filerUrl": "", "transactionText": "", "filerName": "Gupta (Kunal)", "filerRelation": "Additonal Director", "moneyText": "", "startDate": "2015-05-15", "ownership": "I"}, {"maxAge": 1, "shares": 23100, "filerUrl": "", "transactionText": "", "filerName": "Gupta (Kunal)", "filerRelation": "Additonal Director", "moneyText": "", "startDate": "2015-05-11", "ownership": "D"}, {"maxAge": 1, "shares": 155000, "filerUrl": "", "transactionText": "", "filerName": "Gupta (Kunal)", "filerRelation": "Additonal Director", "moneyText": "", "startDate": "2014-10-07", "ownership": "D"}, {"maxAge": 1, "shares": 3358333, "filerUrl": "", "transactionText": "", "filerName": "Gupta (Pramod Kumar)", "filerRelation": "Chairman of the Board", "moneyText": "", "startDate": "2014-10-07", "ownership": "D"}, {"maxAge": 1, "shares": 174105, "filerUrl": "", "transactionText": "", "filerName": "Gupta (Kunal)", "filerRelation": "UNREPORTED", "moneyText": "", "startDate": "2012-08-14", "ownership": "D"}, {"maxAge": 1, "shares": 3264675, "filerUrl": "", "transactionText": "", "filerName": "Gupta (Pramod Kumar)", "filerRelation": "Chairman of the Board", "moneyText": "", "startDate": "2012-08-14", "ownership": "D"}], "maxAge": 1}, "quoteType": {"exchange": "NSI", "quoteType": "EQUITY", "symbol": "UNIDT.NS", "underlyingSymbol": "UNIDT.NS", "shortName": "United Drilling Tools Ltd", "longName": "United Drilling Tools Limited", "firstTradeDateEpochUtc": "2020-09-25 09:15:00", "timeZoneFullName": "Asia/Kolkata", "timeZoneShortName": "IST", "uuid": "1014f4cf-da9e-3a42-be01-74d092137cb3", "gmtOffSetMilliseconds": 19800000, "maxAge": 1}, "incomeStatementHistory": {"incomeStatementHistory": [{"maxAge": 1, "endDate": "2020-03-31", "totalRevenue": 1117508000, "costOfRevenue": 412509000, "grossProfit": 704999000, "researchDevelopment": {}, "sellingGeneralAdministrative": 116347000, "nonRecurring": {}, "otherOperatingExpenses": 58262000, "totalOperatingExpenses": 614087000, "operatingIncome": 503421000, "totalOtherIncomeExpenseNet": 24122000, "ebit": 503421000, "interestExpense": -366000, "incomeBeforeTax": 527543000, "incomeTaxExpense": 75363000, "minorityInterest": {}, "netIncomeFromContinuingOps": 452180000, "discontinuedOperations": {}, "extraordinaryItems": {}, "effectOfAccountingCharges": {}, "otherItems": {}, "netIncome": 452180000, "netIncomeApplicableToCommonShares": 452180000}, {"maxAge": 1, "endDate": "2019-03-31", "totalRevenue": 1561983000, "costOfRevenue": 1039650000, "grossProfit": 522333000, "researchDevelopment": {}, "sellingGeneralAdministrative": 110037000, "nonRecurring": {}, "otherOperatingExpenses": 86511000, "totalOperatingExpenses": 1264866000, "operatingIncome": 297117000, "totalOtherIncomeExpenseNet": -44059000, "ebit": 297117000, "interestExpense": -3396000, "incomeBeforeTax": 253058000, "incomeTaxExpense": 5703000, "minorityInterest": {}, "netIncomeFromContinuingOps": 247355000, "discontinuedOperations": {}, "extraordinaryItems": {}, "effectOfAccountingCharges": {}, "otherItems": {}, "netIncome": 247355000, "netIncomeApplicableToCommonShares": 247355000}, {"maxAge": 1, "endDate": "2018-03-31", "totalRevenue": 734265000, "costOfRevenue": 419563000, "grossProfit": 314702000, "researchDevelopment": {}, "sellingGeneralAdministrative": 67127000, "nonRecurring": {}, "otherOperatingExpenses": 75170000, "totalOperatingExpenses": 588762000, "operatingIncome": 145503000, "totalOtherIncomeExpenseNet": -7700000, "ebit": 145503000, "interestExpense": -1762000, "incomeBeforeTax": 137803000, "incomeTaxExpense": 10491000, "minorityInterest": {}, "netIncomeFromContinuingOps": 127312000, "discontinuedOperations": {}, "extraordinaryItems": {}, "effectOfAccountingCharges": {}, "otherItems": {}, "netIncome": 127312000, "netIncomeApplicableToCommonShares": 127312000}, {"maxAge": 1, "endDate": "2017-03-31", "totalRevenue": 803831299, "costOfRevenue": 397600603, "grossProfit": 406230696, "researchDevelopment": {}, "sellingGeneralAdministrative": 66432973, "nonRecurring": {}, "otherOperatingExpenses": 63805783, "totalOperatingExpenses": 594072380, "operatingIncome": 209758919, "totalOtherIncomeExpenseNet": 2234425, "ebit": 209758919, "interestExpense": -1785976, "incomeBeforeTax": 211993344, "incomeTaxExpense": 3479907, "minorityInterest": {}, "netIncomeFromContinuingOps": 208513437, "discontinuedOperations": {}, "extraordinaryItems": {}, "effectOfAccountingCharges": {}, "otherItems": {}, "netIncome": 208513437, "netIncomeApplicableToCommonShares": 208513437}], "maxAge": 86400}, "fundOwnership": {"ownershipList": [], "maxAge": 1}, "summaryDetail": {"maxAge": 1, "priceHint": 2, "previousClose": 302.8, "open": 309.9, "dayLow": 294.1, "dayHigh": 309.9, "regularMarketPreviousClose": 302.8, "regularMarketOpen": 309.9, "regularMarketDayLow": 294.1, "regularMarketDayHigh": 309.9, "dividendRate": 1.8, "dividendYield": 0.0058999998, "exDividendDate": "2021-02-23 05:30:00", "payoutRatio": 0.0, "beta": 0.860666, "trailingPE": 16.780252, "volume": 2412, "regularMarketVolume": 2412, "averageVolume": 16527, "averageVolume10days": 14339, "averageDailyVolume10Day": 14339, "bid": 0.0, "ask": 0.0, "marketCap": 6201610752, "fiftyTwoWeekLow": 234.25, "fiftyTwoWeekHigh": 338.7, "priceToSalesTrailing12Months": 5.2472734, "fiftyDayAverage": 259.66763, "twoHundredDayAverage": 264.58087, "trailingAnnualDividendRate": 0.9, "trailingAnnualDividendYield": 0.002972259, "currency": "INR", "fromCurrency": null, "lastMarket": null, "algorithm": null, "tradeable": false}, "incomeStatementHistoryQuarterly": {"incomeStatementHistory": [{"maxAge": 1, "endDate": "2020-12-31", "totalRevenue": 316990000, "costOfRevenue": 91321000, "grossProfit": 225669000, "researchDevelopment": {}, "sellingGeneralAdministrative": 40738000, "nonRecurring": {}, "otherOperatingExpenses": 41000000, "totalOperatingExpenses": 179893000, "operatingIncome": 137097000, "totalOtherIncomeExpenseNet": 7308000, "ebit": 137097000, "interestExpense": -2385000, "incomeBeforeTax": 144405000, "incomeTaxExpense": 23698000, "minorityInterest": {}, "netIncomeFromContinuingOps": 120707000, "discontinuedOperations": {}, "extraordinaryItems": {}, "effectOfAccountingCharges": {}, "otherItems": {}, "netIncome": 120707000, "netIncomeApplicableToCommonShares": 120707000}, {"maxAge": 1, "endDate": "2020-09-30", "totalRevenue": 364099000, "costOfRevenue": 196210000, "grossProfit": 167889000, "researchDevelopment": {}, "sellingGeneralAdministrative": 34041000, "nonRecurring": {}, "otherOperatingExpenses": 26756000, "totalOperatingExpenses": 263523000, "operatingIncome": 100576000, "totalOtherIncomeExpenseNet": 7766000, "ebit": 100576000, "interestExpense": -2880000, "incomeBeforeTax": 108342000, "incomeTaxExpense": 16808000, "minorityInterest": {}, "netIncomeFromContinuingOps": 91534000, "discontinuedOperations": {}, "extraordinaryItems": {}, "effectOfAccountingCharges": {}, "otherItems": {}, "netIncome": 91534000, "netIncomeApplicableToCommonShares": 91534000}, {"maxAge": 1, "endDate": "2020-06-30", "totalRevenue": 278333000, "costOfRevenue": 151144000, "grossProfit": 127189000, "researchDevelopment": {}, "sellingGeneralAdministrative": 24301000, "nonRecurring": {}, "otherOperatingExpenses": 18305000, "totalOperatingExpenses": 200068000, "operatingIncome": 78265000, "totalOtherIncomeExpenseNet": 10100000, "ebit": 78265000, "interestExpense": -1390000, "incomeBeforeTax": 88365000, "incomeTaxExpense": 15280000, "minorityInterest": {}, "netIncomeFromContinuingOps": 73085000, "discontinuedOperations": {}, "extraordinaryItems": {}, "effectOfAccountingCharges": {}, "otherItems": {}, "netIncome": 73085000, "netIncomeApplicableToCommonShares": 73085000}, {"maxAge": 1, "endDate": "2020-03-31", "totalRevenue": 222451000, "costOfRevenue": 92794000, "grossProfit": 129657000, "researchDevelopment": {}, "sellingGeneralAdministrative": 32057000, "nonRecurring": {}, "otherOperatingExpenses": 10298000, "totalOperatingExpenses": 142281000, "operatingIncome": 80170000, "totalOtherIncomeExpenseNet": 7113000, "ebit": 80170000, "interestExpense": -1390000, "incomeBeforeTax": 87283000, "incomeTaxExpense": 5934000, "minorityInterest": {}, "netIncomeFromContinuingOps": 81349000, "discontinuedOperations": {}, "extraordinaryItems": {}, "effectOfAccountingCharges": {}, "otherItems": {}, "netIncome": 81349000, "netIncomeApplicableToCommonShares": 81349000}], "maxAge": 86400}, "cashflowStatementHistoryQuarterly": {"cashflowStatements": [{"maxAge": 1, "endDate": "2020-12-31", "netIncome": 120707000, "changeToLiabilities": 0}, {"maxAge": 1, "endDate": "2020-09-30", "netIncome": 91534000, "changeToLiabilities": 0}, {"maxAge": 1, "endDate": "2020-06-30", "netIncome": 73085000, "changeToLiabilities": 0}, {"maxAge": 1, "endDate": "2020-03-31", "netIncome": 81349000, "changeToLiabilities": 0}], "maxAge": 86400}, "insiderHolders": {"holders": [{"maxAge": 1, "name": "Gupta (Kunal)", "relation": "Director", "url": "", "transactionDescription": "Other", "latestTransDate": "2019-01-21", "positionDirect": 2900, "positionDirectDate": "2019-01-21"}, {"maxAge": 1, "name": "Gupta (Prabha)", "relation": "Promoter", "url": "", "transactionDescription": "Gift", "latestTransDate": "2020-12-30", "positionDirect": 788760, "positionDirectDate": "2020-12-30"}, {"maxAge": 1, "name": "Gupta (Pramod Kumar)", "relation": "Executive Chairman", "url": "", "transactionDescription": "Other", "latestTransDate": "2018-05-14", "positionDirect": 14363800, "positionDirectDate": "2018-05-14"}], "maxAge": 1}, "calendarEvents": {"maxAge": 1, "earnings": {"earningsDate": []}, "exDividendDate": "2021-02-23 05:30:00"}, "upgradeDowngradeHistory": {"history": [], "maxAge": 86400}, "price": {"maxAge": 1, "regularMarketChangePercent": 0.00016518598, "regularMarketChange": 0.05001831, "regularMarketTime": "2021-04-30 15:27:36", "priceHint": 2, "regularMarketPrice": 302.85, "regularMarketDayHigh": 309.9, "regularMarketDayLow": 294.1, "regularMarketVolume": 2412, "averageDailyVolume10Day": 14339, "averageDailyVolume3Month": 16527, "regularMarketPreviousClose": 302.8, "regularMarketSource": "FREE_REALTIME", "regularMarketOpen": 309.9, "exchange": "NSI", "exchangeName": "NSE", "exchangeDataDelayedBy": 15, "marketState": "CLOSED", "quoteType": "EQUITY", "symbol": "UNIDT.NS", "underlyingSymbol": null, "shortName": "United Drilling Tools Ltd", "longName": "United Drilling Tools Limited", "currency": "INR", "quoteSourceName": "Delayed Quote", "currencySymbol": "\u20b9", "fromCurrency": null, "lastMarket": null, "marketCap": 6201610752}, "balanceSheetHistory": {"balanceSheetStatements": [{"maxAge": 1, "endDate": "2020-03-31", "cash": 106884000, "netReceivables": 123836000, "inventory": 227726000, "otherCurrentAssets": 42526000, "totalCurrentAssets": 500972000, "longTermInvestments": 573194000, "propertyPlantEquipment": 92443000, "intangibleAssets": 250940000, "otherAssets": 341136000, "totalAssets": 1758685000, "accountsPayable": 17162000, "shortLongTermDebt": 796000, "otherCurrentLiab": 10222000, "longTermDebt": 4194000, "otherLiab": 52290000, "totalCurrentLiabilities": 61121000, "totalLiab": 117605000, "commonStock": 203031000, "retainedEarnings": 1137001000, "treasuryStock": 177579000, "capitalSurplus": 123469000, "otherStockholderEquity": 177579000, "totalStockholderEquity": 1641080000, "netTangibleAssets": 1390140000}, {"maxAge": 1, "endDate": "2019-03-31", "cash": 110897000, "netReceivables": 274444000, "inventory": 229902000, "otherCurrentAssets": 42270000, "totalCurrentAssets": 657513000, "longTermInvestments": 196621000, "propertyPlantEquipment": 99062000, "intangibleAssets": 258315000, "otherAssets": 277505000, "totalAssets": 1489016000, "accountsPayable": 52515000, "shortLongTermDebt": 903000, "otherCurrentLiab": 51921000, "longTermDebt": 1401000, "otherLiab": 47900000, "totalCurrentLiabilities": 122949000, "totalLiab": 172250000, "commonStock": 203031000, "retainedEarnings": 812053000, "treasuryStock": 178213000, "capitalSurplus": 123469000, "otherStockholderEquity": 178213000, "totalStockholderEquity": 1316766000, "netTangibleAssets": 1058451000}, {"maxAge": 1, "endDate": "2018-03-31", "cash": 13517000, "netReceivables": 708725000, "inventory": 612691000, "otherCurrentAssets": 38140000, "totalCurrentAssets": 1373073000, "longTermInvestments": 67953000, "propertyPlantEquipment": 111411000, "intangibleAssets": 264447000, "otherAssets": 149622000, "totalAssets": 1966506000, "accountsPayable": 563834000, "shortLongTermDebt": 893000, "otherCurrentLiab": 54341000, "longTermDebt": 2303000, "otherLiab": 51078000, "totalCurrentLiabilities": 799351000, "totalLiab": 852732000, "commonStock": 101516000, "retainedEarnings": 608662000, "treasuryStock": 278728000, "capitalSurplus": 124868000, "otherStockholderEquity": 278728000, "totalStockholderEquity": 1113774000, "netTangibleAssets": 849327000}, {"maxAge": 1, "endDate": "2017-03-31", "cash": 208742118, "netReceivables": 77256362, "inventory": 249512954, "otherCurrentAssets": 23365757, "totalCurrentAssets": 558877191, "longTermInvestments": 101196943, "propertyPlantEquipment": 109563362, "intangibleAssets": 269567273, "otherAssets": 135154077, "totalAssets": 1174358846, "accountsPayable": 11127611, "shortLongTermDebt": 406697, "otherCurrentLiab": 4171518, "longTermDebt": 100986964, "otherLiab": 41433692, "totalCurrentLiabilities": 30788205, "totalLiab": 173208861, "commonStock": 101805855, "retainedEarnings": 496054844, "treasuryStock": 278421096, "capitalSurplus": 124868190, "otherStockholderEquity": 278421096, "totalStockholderEquity": 1001149985, "netTangibleAssets": 731582712}], "maxAge": 86400}, "financialData": {"maxAge": 86400, "currentPrice": 302.85, "recommendationKey": "none", "totalCash": 51822000, "totalCashPerShare": 2.55, "ebitda": 421423744, "totalDebt": 144224000, "totalRevenue": 1181873024, "debtToEquity": 8.043, "revenuePerShare": 58.175, "grossProfits": 704999000, "earningsGrowth": -0.111, "revenueGrowth": -0.047, "grossMargins": 0.55032, "ebitdaMargins": 0.35657, "operatingMargins": 0.33515, "profitMargins": 0.31024998, "financialCurrency": "INR"}}}