{"UNIONBANK.NS": {"assetProfile": {"address1": "Union Bank Bhavan", "address2": "239, Vidhan Bhavan Marg Nariman Point", "city": "Mumbai", "zip": "400021", "country": "India", "phone": "91 22 2289 2000", "website": "http://www.unionbankofindia.co.in", "industry": "Banks\u2014Regional", "sector": "Financial Services", "longBusinessSummary": "Union Bank of India provides various banking products and services. It operates through four segments: Treasury Operation, Retail Banking Operation, Corporate/Wholesale Banking, and Other Banking Operations. The company offers savings and current accounts; term and recurring deposits; and demat and online trading accounts. It also provides retail loans, including home, vehicle, education, and personal loans; loans against property; and loans for pensioners, as well as products and loans for micro, small, and medium enterprises. In addition, the company offers mutual funds, life, non-life, and general insurance products, and tax saving deposits; government saving schemes, tax collection services, pension products, and departmentalized ministries accounts; short term, long term, and other credit for agricultural/SSI/tertiary sectors; and safe deposit locker and cheque collection services. Further, it provides merchant banking services; corporate loans comprising Covid emergency line of credit, trade finance, working capital, lines of credit, project financing, and channel finance; debt structuring/restructuring, loan syndication, structured finance, mergers and acquisition advisory, and private equity services; cash management, ECGC cover, and foreign exchange services, as well as derivatives; export and import finance services; NRI banking services; and treasury and other products, and remittance services. Additionally, the company offers app, Internet, self-service, ATM, and SMS banking services; point of sale terminal and immediate payment services; and combo, debit, credit, gift, prepaid, and payroll cards. As of March 31, 2020, it operated 4,281 branches in India; 3 overseas branches at Sydney, Hong Kong, and Dubai; and 6,895 ATMs and 5,586 micro ATMs. The company was founded in 1919 and is headquartered in Mumbai, India.", "fullTimeEmployees": 37318, "companyOfficers": [{"maxAge": 1, "name": "Mr. Rajkiran  Rai Gundyadka", "age": 58, "title": "MD, CEO & Director", "yearBorn": 1962, "fiscalYear": 2017, "totalPay": 0, "exercisedValue": 0, "unexercisedValue": 0}, {"maxAge": 1, "name": "Ms. Monika  Kalia", "age": 47, "title": "GM & CFO", "yearBorn": 1973, "exercisedValue": 0, "unexercisedValue": 0}, {"maxAge": 1, "name": "Mr. Prafulla Kumar Samal", "title": "CFO & GM", "exercisedValue": 0, "unexercisedValue": 0}, {"maxAge": 1, "name": "Mr. K. L. Raju", "title": "Chief Compliance Officer", "exercisedValue": 0, "unexercisedValue": 0}, {"maxAge": 1, "name": "Mr. Ishraq Ali Khan", "age": 57, "title": "Chief Gen. Mang.", "yearBorn": 1963, "exercisedValue": 0, "unexercisedValue": 0}, {"maxAge": 1, "name": "Mr. Nitesh  Ranjan", "age": 43, "title": "Exec. Director", "yearBorn": 1977, "exercisedValue": 0, "unexercisedValue": 0}, {"maxAge": 1, "name": "Mr. Gopal Singh Gusain", "age": 58, "title": "Exec. Director", "yearBorn": 1962, "exercisedValue": 0, "unexercisedValue": 0}, {"maxAge": 1, "name": "Mr. Manas Ranjan Biswal", "age": 58, "title": "Exec. Director", "yearBorn": 1962, "exercisedValue": 0, "unexercisedValue": 0}, {"maxAge": 1, "name": "Mr. Dineshkumar Poonamchand Garg", "age": 59, "title": "Exec. Director", "yearBorn": 1961, "exercisedValue": 0, "unexercisedValue": 0}, {"maxAge": 1, "name": "Mr. M. V. S. N. Murthy", "title": "Chief Vigilance Officer", "exercisedValue": 0, "unexercisedValue": 0}], "compensationAsOfEpochDate": "2017-12-31 05:30:00", "maxAge": 86400}, "recommendationTrend": {"trend": [{"period": "0m", "strongBuy": 0, "buy": 0, "hold": 0, "sell": 0, "strongSell": 0}, {"period": "-1m", "strongBuy": 0, "buy": 0, "hold": 0, "sell": 0, "strongSell": 0}, {"period": "-2m", "strongBuy": 0, "buy": 0, "hold": 0, "sell": 0, "strongSell": 0}, {"period": "-3m", "strongBuy": 0, "buy": 0, "hold": 0, "sell": 0, "strongSell": 0}], "maxAge": 86400}, "cashflowStatementHistory": {"cashflowStatements": [{"maxAge": 1, "endDate": "2020-03-31", "netIncome": -31208886000, "depreciation": 4172000000, "changeToNetincome": 146973386000, "changeToLiabilities": 0, "changeToOperatingActivities": -546062800000, "totalCashFromOperatingActivities": -426126300000, "capitalExpenditures": -3938400000, "totalCashflowsFromInvestingActivities": -3772100000, "netBorrowings": 94384700000, "otherCashflowsFromFinancingActivities": 338810900000, "totalCashFromFinancingActivities": 550755700000, "changeInCash": 120857200000, "issuanceOfStock": 117560100000}, {"maxAge": 1, "endDate": "2019-03-31", "netIncome": -29223494000, "depreciation": 3738200000, "changeToNetincome": 105625794000, "changeToLiabilities": 0, "changeToOperatingActivities": -230088300000, "totalCashFromOperatingActivities": -149947800000, "capitalExpenditures": -3154500000, "totalCashflowsFromInvestingActivities": -2971100000, "netBorrowings": -24048000000, "otherCashflowsFromFinancingActivities": 67065700000, "totalCashFromFinancingActivities": 89746100000, "changeInCash": -63172800000, "issuanceOfStock": 46728400000}, {"maxAge": 1, "endDate": "2018-03-31", "netIncome": -52124682000, "depreciation": 3682300000, "changeToNetincome": 116392382000, "changeToLiabilities": 0, "changeToOperatingActivities": -337913200000, "totalCashFromOperatingActivities": -269963200000, "capitalExpenditures": -3312300000, "totalCashflowsFromInvestingActivities": -3149200000, "netBorrowings": 44549000000, "otherCashflowsFromFinancingActivities": 323835900000, "totalCashFromFinancingActivities": 438856800000, "changeInCash": 165744400000, "issuanceOfStock": 70471900000}, {"maxAge": 1, "endDate": "2017-03-31", "netIncome": 5726444000, "depreciation": 2408200000, "changeToNetincome": 62310356000, "changeToLiabilities": 0, "changeToOperatingActivities": -492387500000, "totalCashFromOperatingActivities": -421942500000, "capitalExpenditures": -3202900000, "investments": 58900000, "totalCashflowsFromInvestingActivities": -2801800000, "dividendsPaid": -1613400000, "netBorrowings": 105888700000, "otherCashflowsFromFinancingActivities": 347950100000, "totalCashFromFinancingActivities": 457635400000, "changeInCash": 32891100000, "issuanceOfStock": 5410000000}], "maxAge": 86400}, "indexTrend": {"maxAge": 1, "symbol": "SP5", "peRatio": 19.7411, "pegRatio": 1.34172, "estimates": [{"period": "0q", "growth": 0.549}, {"period": "+1q", "growth": 0.431}, {"period": "0y", "growth": 0.305}, {"period": "+1y", "growth": 0.109}, {"period": "+5y", "growth": 0.120865}, {"period": "-5y"}]}, "defaultKeyStatistics": {"maxAge": 1, "priceHint": 2, "enterpriseValue": 479255494656, "forwardPE": 1.958763, "profitMargins": -0.07896, "floatShares": 494972893, "sharesOutstanding": 6406839808, "heldPercentInsiders": 0.89071, "heldPercentInstitutions": 0.0465, "beta": 1.062585, "category": null, "bookValue": 99.991, "priceToBook": 0.3420308, "fundFamily": null, "legalType": null, "lastFiscalYearEnd": "2020-03-31 05:30:00", "nextFiscalYearEnd": "2022-03-31 05:30:00", "mostRecentQuarter": "2020-12-31 05:30:00", "earningsQuarterlyGrowth": 0.298, "netIncomeToCommon": -11188085760, "trailingEps": -1.978, "forwardEps": 17.46, "pegRatio": 0.63, "lastSplitFactor": null, "enterpriseToRevenue": 3.382}, "industryTrend": {"maxAge": 1, "symbol": null, "estimates": []}, "quoteType": {"exchange": "NSI", "quoteType": "EQUITY", "symbol": "UNIONBANK.NS", "underlyingSymbol": "UNIONBANK.NS", "shortName": "UNION BK OF INDIA", "longName": "Union Bank of India", "firstTradeDateEpochUtc": "2002-09-24 09:15:00", "timeZoneFullName": "Asia/Kolkata", "timeZoneShortName": "IST", "uuid": "0ea54ee1-8ee9-39d8-9d27-a34057a72e4b", "gmtOffSetMilliseconds": 19800000, "maxAge": 1}, "incomeStatementHistory": {"incomeStatementHistory": [{"maxAge": 1, "endDate": "2020-03-31", "totalRevenue": 40366559000, "costOfRevenue": 0, "grossProfit": 40366559000, "researchDevelopment": {}, "sellingGeneralAdministrative": 55893907000, "nonRecurring": {}, "otherOperatingExpenses": 25984847000, "totalOperatingExpenses": 81878754000, "operatingIncome": -41512195000, "totalOtherIncomeExpenseNet": -800591000, "ebit": 0, "interestExpense": {}, "incomeBeforeTax": -42312786000, "incomeTaxExpense": -11103900000, "minorityInterest": 1040035000, "netIncomeFromContinuingOps": -31208886000, "discontinuedOperations": {}, "extraordinaryItems": {}, "effectOfAccountingCharges": {}, "otherItems": {}, "netIncome": -31208886000, "netIncomeApplicableToCommonShares": -31208886000}, {"maxAge": 1, "endDate": "2019-03-31", "totalRevenue": 39230169000, "costOfRevenue": 0, "grossProfit": 39230169000, "researchDevelopment": {}, "sellingGeneralAdministrative": 51210556000, "nonRecurring": {}, "otherOperatingExpenses": 27351193000, "totalOperatingExpenses": 78561749000, "operatingIncome": -39331580000, "totalOtherIncomeExpenseNet": 110586000, "ebit": 0, "interestExpense": {}, "incomeBeforeTax": -39220994000, "incomeTaxExpense": -9997500000, "minorityInterest": 1040035000, "netIncomeFromContinuingOps": -29223494000, "discontinuedOperations": {}, "extraordinaryItems": {}, "effectOfAccountingCharges": {}, "otherItems": {}, "netIncome": -29223494000, "netIncomeApplicableToCommonShares": -29223494000}, {"maxAge": 1, "endDate": "2018-03-31", "totalRevenue": 20301857000, "costOfRevenue": 0, "grossProfit": 20301857000, "researchDevelopment": {}, "sellingGeneralAdministrative": 49969341000, "nonRecurring": {}, "otherOperatingExpenses": 22538923000, "totalOperatingExpenses": 72508264000, "operatingIncome": -52206407000, "totalOtherIncomeExpenseNet": 81725000, "ebit": 0, "interestExpense": {}, "incomeBeforeTax": -52124682000, "incomeTaxExpense": 0, "minorityInterest": 1040035000, "netIncomeFromContinuingOps": -52124682000, "discontinuedOperations": {}, "extraordinaryItems": {}, "effectOfAccountingCharges": {}, "otherItems": {}, "netIncome": -52124682000, "netIncomeApplicableToCommonShares": -52124682000}, {"maxAge": 1, "endDate": "2017-03-31", "totalRevenue": 73800511000, "costOfRevenue": 0, "grossProfit": 73800511000, "researchDevelopment": {}, "sellingGeneralAdministrative": 50429949000, "nonRecurring": {}, "otherOperatingExpenses": 19782967000, "totalOperatingExpenses": 70212916000, "operatingIncome": 3587595000, "totalOtherIncomeExpenseNet": 58949000, "ebit": 0, "interestExpense": {}, "incomeBeforeTax": 3646544000, "incomeTaxExpense": -2079900000, "minorityInterest": 1040035000, "netIncomeFromContinuingOps": 5726444000, "discontinuedOperations": {}, "extraordinaryItems": {}, "effectOfAccountingCharges": {}, "otherItems": {}, "netIncome": 5726444000, "netIncomeApplicableToCommonShares": 5726444000}], "maxAge": 86400}, "fundOwnership": {"ownershipList": [{"maxAge": 1, "reportDate": "2021-01-31", "organization": "Vanguard International Stock Index-Total Intl Stock Indx", "pctHeld": 0.0017, "position": 11156460, "value": 346408083}, {"maxAge": 1, "reportDate": "2021-01-31", "organization": "Vanguard International Stock Index-Emerging Markets Stk", "pctHeld": 0.0011, "position": 7076528, "value": 219726194}, {"maxAge": 1, "reportDate": "2021-01-31", "organization": "DFA Emerging Markets Core Equity Portfolio", "pctHeld": 0.0005, "position": 3029954, "value": 94080071}, {"maxAge": 1, "reportDate": "2020-12-31", "organization": "PIMCO Equity Series-PIMCO RAE Emerging Markets Fd", "pctHeld": 0.00029999999, "position": 1972622, "value": 62236224}, {"maxAge": 1, "reportDate": "2021-01-31", "organization": "DFA Emerging Markets Small Cap Series", "pctHeld": 0.00029999999, "position": 1755363, "value": 54504021}, {"maxAge": 1, "reportDate": "2021-01-31", "organization": "DFA Investment Dimensions-DFA Emerging Mkts Value", "pctHeld": 0.00029999999, "position": 1643856, "value": 51041728}, {"maxAge": 1, "reportDate": "2021-01-31", "organization": "Vanguard Intl Equity Index Fds-FTSE All World ex U.S. Index Fund", "pctHeld": 0.0002, "position": 1015425, "value": 31528946}], "maxAge": 1}, "summaryDetail": {"maxAge": 1, "priceHint": 2, "previousClose": 34.75, "open": 34.5, "dayLow": 33.6, "dayHigh": 35.8, "regularMarketPreviousClose": 34.75, "regularMarketOpen": 34.5, "regularMarketDayLow": 33.6, "regularMarketDayHigh": 35.8, "exDividendDate": "2016-06-17 05:30:00", "payoutRatio": 0.0, "beta": 1.062585, "forwardPE": 1.958763, "volume": 9458473, "regularMarketVolume": 9458473, "averageVolume": 15359506, "averageVolume10days": 6571331, "averageDailyVolume10Day": 6571331, "bid": 0.0, "ask": 0.0, "bidSize": 0, "askSize": 0, "marketCap": 219113930752, "fiftyTwoWeekLow": 22.65, "fiftyTwoWeekHigh": 45.25, "priceToSalesTrailing12Months": 1.5463538, "fiftyDayAverage": 37.205883, "twoHundredDayAverage": 30.523758, "trailingAnnualDividendRate": 1.95, "trailingAnnualDividendYield": 0.05611511, "currency": "INR", "fromCurrency": null, "lastMarket": null, "algorithm": null, "tradeable": false}, "insiderHolders": {"holders": [{"maxAge": 1, "name": "President of India", "relation": "Promoter", "url": "", "transactionDescription": "Other", "latestTransDate": "2019-03-28", "positionDirect": 864744302, "positionDirectDate": "2019-03-28"}], "maxAge": 1}, "calendarEvents": {"maxAge": 1, "earnings": {"earningsDate": [], "earningsAverage": -21.8, "earningsLow": -21.8, "earningsHigh": -21.8, "revenueAverage": 30522500000, "revenueLow": 23807000000, "revenueHigh": 34317000000}, "exDividendDate": "2016-06-17 05:30:00"}, "upgradeDowngradeHistory": {"history": [], "maxAge": 86400}, "price": {"maxAge": 1, "regularMarketChangePercent": -0.015827317, "regularMarketChange": -0.54999924, "regularMarketTime": "2021-04-30 15:30:01", "priceHint": 2, "regularMarketPrice": 34.2, "regularMarketDayHigh": 35.8, "regularMarketDayLow": 33.6, "regularMarketVolume": 9458473, "averageDailyVolume10Day": 6571331, "averageDailyVolume3Month": 15359506, "regularMarketPreviousClose": 34.75, "regularMarketSource": "FREE_REALTIME", "regularMarketOpen": 34.5, "exchange": "NSI", "exchangeName": "NSE", "exchangeDataDelayedBy": 15, "marketState": "CLOSED", "quoteType": "EQUITY", "symbol": "UNIONBANK.NS", "underlyingSymbol": null, "shortName": "UNION BK OF INDIA", "longName": "Union Bank of India", "currency": "INR", "quoteSourceName": "Delayed Quote", "currencySymbol": "\u20b9", "fromCurrency": null, "lastMarket": null, "marketCap": 219113930752}, "balanceSheetHistory": {"balanceSheetStatements": [{"maxAge": 1, "endDate": "2020-03-31", "cash": 371348576000, "inventory": 390000, "otherCurrentAssets": 222347777000, "totalCurrentAssets": 593696743000, "longTermInvestments": 1542514860000, "propertyPlantEquipment": 47069858000, "goodWill": 124942000, "intangibleAssets": 685135000, "otherAssets": 3370998981000, "deferredLongTermAssetCharges": 73568800000, "totalAssets": 5555090519000, "accountsPayable": 4524361458000, "otherCurrentLiab": 9091800000, "longTermDebt": 527140581000, "otherLiab": 135834181000, "minorityInterest": 1040035000, "totalCurrentLiabilities": 4552221733000, "totalLiab": 5215196495000, "commonStock": 34228189000, "retainedEarnings": 1942308000, "treasuryStock": 49906644000, "capitalSurplus": 252776848000, "otherStockholderEquity": 49906644000, "totalStockholderEquity": 338853989000, "netTangibleAssets": 338043912000}, {"maxAge": 1, "endDate": "2019-03-31", "cash": 236136085000, "inventory": 390000, "otherCurrentAssets": 253011677000, "totalCurrentAssets": 489148152000, "longTermInvestments": 1283912095000, "propertyPlantEquipment": 37416023000, "goodWill": 124942000, "intangibleAssets": 328535000, "otherAssets": 3174875600000, "deferredLongTermAssetCharges": 51892547000, "totalAssets": 4985805347000, "accountsPayable": 4175048090000, "otherCurrentLiab": 11712584000, "longTermDebt": 432755957000, "otherLiab": 80244448000, "minorityInterest": 1040035000, "totalCurrentLiabilities": 4204448424000, "totalLiab": 4717448829000, "commonStock": 17630163000, "retainedEarnings": 61016408000, "treasuryStock": 36855168000, "capitalSurplus": 151814744000, "otherStockholderEquity": 36855168000, "totalStockholderEquity": 267316483000, "netTangibleAssets": 266863006000}, {"maxAge": 1, "endDate": "2018-03-31", "cash": 297542322000, "inventory": 390000, "otherCurrentAssets": 232976111000, "totalCurrentAssets": 530518823000, "longTermInvestments": 1254848001000, "propertyPlantEquipment": 38132419000, "goodWill": 124942000, "intangibleAssets": 328076000, "otherAssets": 3087252719000, "deferredLongTermAssetCharges": 41981427000, "totalAssets": 4911204980000, "accountsPayable": 4102884313000, "otherCurrentLiab": 12688835000, "longTermDebt": 456803916000, "otherLiab": 51228202000, "totalCurrentLiabilities": 4150654779000, "totalLiab": 4658686897000, "commonStock": 11685734000, "retainedEarnings": 92857751000, "treasuryStock": 37238026000, "capitalSurplus": 110736572000, "otherStockholderEquity": 37238026000, "totalStockholderEquity": 252518083000, "netTangibleAssets": 252065065000}, {"maxAge": 1, "endDate": "2017-03-31", "cash": 174162726000, "inventory": 390000, "otherCurrentAssets": 178959392000, "totalCurrentAssets": 353122508000, "longTermInvestments": 1134412641000, "propertyPlantEquipment": 38794519000, "goodWill": 124942000, "intangibleAssets": 259567000, "otherAssets": 3030097986000, "deferredLongTermAssetCharges": 22972730000, "totalAssets": 4556812163000, "accountsPayable": 3771946988000, "otherCurrentLiab": 14955569000, "longTermDebt": 412254965000, "otherLiab": 100119541000, "totalCurrentLiabilities": 3803500987000, "totalLiab": 4315875493000, "commonStock": 6874411000, "retainedEarnings": 147107674000, "treasuryStock": 41878594000, "capitalSurplus": 45075991000, "otherStockholderEquity": 41878594000, "totalStockholderEquity": 240936670000, "netTangibleAssets": 240552161000}], "maxAge": 86400}, "earningsTrend": {"trend": [{"maxAge": 1, "period": "0q", "endDate": "2018-06-30", "growth": -13.824, "earningsEstimate": {"avg": -21.8, "low": -21.8, "high": -21.8, "yearAgoEps": 1.7, "numberOfAnalysts": 1, "growth": -13.824}, "revenueEstimate": {"avg": 30522500000, "low": 23807000000, "high": 34317000000, "numberOfAnalysts": 4, "yearAgoRevenue": 36572500000, "growth": -0.165}, "epsTrend": {"current": -21.8, "7daysAgo": -21.8, "30daysAgo": 0.0, "60daysAgo": 0.0, "90daysAgo": 0.0}, "epsRevisions": {"upLast7days": 0, "upLast30days": 0, "downLast30days": 0, "downLast90days": {}}}, {"maxAge": 1, "period": "+1q", "endDate": "2018-09-30", "growth": {}, "earningsEstimate": {"avg": 0.0, "low": 0.0, "high": 0.0, "yearAgoEps": -21.87, "numberOfAnalysts": 0, "growth": {}}, "revenueEstimate": {"avg": 0, "low": 0, "high": 0, "numberOfAnalysts": 0, "yearAgoRevenue": {}, "growth": {}}, "epsTrend": {"current": 0.0, "7daysAgo": 0.0, "30daysAgo": 0.0, "60daysAgo": 0.0, "90daysAgo": 0.0}, "epsRevisions": {"upLast7days": 0, "upLast30days": 0, "downLast30days": 0, "downLast90days": {}}}, {"maxAge": 1, "period": "0y", "endDate": "2019-03-31", "growth": 1.079, "earningsEstimate": {"avg": 5.49, "low": -1.5, "high": 10.9, "yearAgoEps": -69.45, "numberOfAnalysts": 22, "growth": 1.079}, "revenueEstimate": {"avg": 151723000000, "low": 133618000000, "high": 163000000000, "numberOfAnalysts": 19, "yearAgoRevenue": 93046600000, "growth": 0.631}, "epsTrend": {"current": 5.49, "7daysAgo": 5.49, "30daysAgo": 5.51, "60daysAgo": 5.8, "90daysAgo": 10.26}, "epsRevisions": {"upLast7days": 0, "upLast30days": 0, "downLast30days": 0, "downLast90days": {}}}, {"maxAge": 1, "period": "+1y", "endDate": "2020-03-31", "growth": 2.18, "earningsEstimate": {"avg": 17.46, "low": 5.7, "high": 29.3, "yearAgoEps": 5.49, "numberOfAnalysts": 20, "growth": 2.18}, "revenueEstimate": {"avg": 168451000000, "low": 148537000000, "high": 191160000000, "numberOfAnalysts": 17, "yearAgoRevenue": 151723000000, "growth": 0.11}, "epsTrend": {"current": 17.46, "7daysAgo": 17.46, "30daysAgo": 17.54, "60daysAgo": 18.11, "90daysAgo": 22.13}, "epsRevisions": {"upLast7days": 0, "upLast30days": 0, "downLast30days": 0, "downLast90days": {}}}, {"maxAge": 1, "period": "+5y", "endDate": null, "growth": 0.22, "earningsEstimate": {"avg": {}, "low": {}, "high": {}, "yearAgoEps": {}, "numberOfAnalysts": {}, "growth": {}}, "revenueEstimate": {"avg": {}, "low": {}, "high": {}, "numberOfAnalysts": {}, "yearAgoRevenue": {}, "growth": {}}, "epsTrend": {"current": {}, "7daysAgo": {}, "30daysAgo": {}, "60daysAgo": {}, "90daysAgo": {}}, "epsRevisions": {"upLast7days": {}, "upLast30days": {}, "downLast30days": {}, "downLast90days": {}}}, {"maxAge": 1, "period": "-5y", "endDate": null, "growth": -0.2809, "earningsEstimate": {"avg": {}, "low": {}, "high": {}, "yearAgoEps": {}, "numberOfAnalysts": {}, "growth": {}}, "revenueEstimate": {"avg": {}, "low": {}, "high": {}, "numberOfAnalysts": {}, "yearAgoRevenue": {}, "growth": {}}, "epsTrend": {"current": {}, "7daysAgo": {}, "30daysAgo": {}, "60daysAgo": {}, "90daysAgo": {}}, "epsRevisions": {"upLast7days": {}, "upLast30days": {}, "downLast30days": {}, "downLast90days": {}}}], "maxAge": 1}, "institutionOwnership": {"ownershipList": [], "maxAge": 1}, "majorHoldersBreakdown": {"maxAge": 1, "insidersPercentHeld": 0.89071, "institutionsPercentHeld": 0.0465, "institutionsFloatPercentHeld": 0.42549, "institutionsCount": 26}, "balanceSheetHistoryQuarterly": {"balanceSheetStatements": [{"maxAge": 1, "endDate": "2020-12-31", "cash": 319312100000, "netReceivables": 327383100000, "totalCurrentAssets": 646695200000, "longTermInvestments": 3321700500000, "propertyPlantEquipment": 73458500000, "otherAssets": 6393513100000, "totalAssets": 10435367300000, "accountsPayable": 8841866500000, "longTermDebt": 574320900000, "otherLiab": 375879300000, "minorityInterest": 1040000000, "totalCurrentLiabilities": 8841866500000, "totalLiab": 9792066700000, "commonStock": 64068400000, "treasuryStock": 578192200000, "otherStockholderEquity": 578192200000, "totalStockholderEquity": 642260600000, "netTangibleAssets": 642260600000}, {"maxAge": 1, "endDate": "2020-09-30", "cash": 661891400000, "totalCurrentAssets": 661891400000, "longTermInvestments": 3306906900000, "propertyPlantEquipment": 73062600000, "otherAssets": 6324510700000, "totalAssets": 10366371600000, "accountsPayable": 8878167100000, "longTermDebt": 540457500000, "otherLiab": 320968200000, "minorityInterest": 1040000000, "totalCurrentLiabilities": 8878167100000, "totalLiab": 9739592800000, "commonStock": 64068400000, "treasuryStock": 561670400000, "otherStockholderEquity": 561670400000, "totalStockholderEquity": 625738800000, "netTangibleAssets": 625738800000}, {"maxAge": 1, "endDate": "2020-06-30", "cash": 285777900000, "netReceivables": 771776700000, "totalCurrentAssets": 1057554600000, "longTermInvestments": 3329503900000, "propertyPlantEquipment": 73109400000, "otherAssets": 6393132000000, "totalAssets": 10853299900000, "accountsPayable": 8942725800000, "longTermDebt": 941681100000, "otherLiab": 353976400000, "minorityInterest": 1040000000, "totalCurrentLiabilities": 8942725800000, "totalLiab": 10238383300000, "commonStock": 64068400000, "treasuryStock": 549808200000, "otherStockholderEquity": 549808200000, "totalStockholderEquity": 613876600000, "netTangibleAssets": 613876600000}, {"maxAge": 1, "endDate": "2020-03-31", "cash": 371348576000, "inventory": 390000, "otherCurrentAssets": 222347777000, "totalCurrentAssets": 593696743000, "longTermInvestments": 1542514860000, "propertyPlantEquipment": 47069858000, "goodWill": 124942000, "intangibleAssets": 685135000, "otherAssets": 3370998981000, "deferredLongTermAssetCharges": 73568800000, "totalAssets": 5555090519000, "accountsPayable": 4524361458000, "otherCurrentLiab": 9091800000, "longTermDebt": 527140581000, "otherLiab": 135834181000, "minorityInterest": 1040035000, "totalCurrentLiabilities": 4552221733000, "totalLiab": 5215196495000, "commonStock": 34228189000, "retainedEarnings": 1942308000, "treasuryStock": 49906644000, "capitalSurplus": 252776848000, "otherStockholderEquity": 49906644000, "totalStockholderEquity": 338853989000, "netTangibleAssets": 338043912000}], "maxAge": 86400}, "earningsHistory": {"history": [{"maxAge": 1, "epsActual": 1.7, "epsEstimate": 2.5, "epsDifference": -0.8, "surprisePercent": -0.32, "quarter": "2017-06-30", "period": "-4q"}, {"maxAge": 1, "epsActual": -21.87, "epsEstimate": 1.1, "epsDifference": -22.97, "surprisePercent": -20.882, "quarter": "2017-09-30", "period": "-3q"}, {"maxAge": 1, "epsActual": -16.63, "epsEstimate": -2.8, "epsDifference": -13.83, "surprisePercent": -4.939, "quarter": "2017-12-31", "period": "-2q"}, {"maxAge": 1, "epsActual": -29.59, "epsEstimate": -12.43, "epsDifference": -17.16, "surprisePercent": -1.381, "quarter": "2018-03-31", "period": "-1q"}], "maxAge": 86400}, "summaryProfile": {"address1": "Union Bank Bhavan", "address2": "239, Vidhan Bhavan Marg Nariman Point", "city": "Mumbai", "zip": "400021", "country": "India", "phone": "91 22 2289 2000", "website": "http://www.unionbankofindia.co.in", "industry": "Banks\u2014Regional", "sector": "Financial Services", "longBusinessSummary": "Union Bank of India provides various banking products and services. It operates through four segments: Treasury Operation, Retail Banking Operation, Corporate/Wholesale Banking, and Other Banking Operations. The company offers savings and current accounts; term and recurring deposits; and demat and online trading accounts. It also provides retail loans, including home, vehicle, education, and personal loans; loans against property; and loans for pensioners, as well as products and loans for micro, small, and medium enterprises. In addition, the company offers mutual funds, life, non-life, and general insurance products, and tax saving deposits; government saving schemes, tax collection services, pension products, and departmentalized ministries accounts; short term, long term, and other credit for agricultural/SSI/tertiary sectors; and safe deposit locker and cheque collection services. Further, it provides merchant banking services; corporate loans comprising Covid emergency line of credit, trade finance, working capital, lines of credit, project financing, and channel finance; debt structuring/restructuring, loan syndication, structured finance, mergers and acquisition advisory, and private equity services; cash management, ECGC cover, and foreign exchange services, as well as derivatives; export and import finance services; NRI banking services; and treasury and other products, and remittance services. Additionally, the company offers app, Internet, self-service, ATM, and SMS banking services; point of sale terminal and immediate payment services; and combo, debit, credit, gift, prepaid, and payroll cards. As of March 31, 2020, it operated 4,281 branches in India; 3 overseas branches at Sydney, Hong Kong, and Dubai; and 6,895 ATMs and 5,586 micro ATMs. The company was founded in 1919 and is headquartered in Mumbai, India.", "fullTimeEmployees": 37318, "companyOfficers": [], "maxAge": 86400}, "netSharePurchaseActivity": {"maxAge": 1, "period": "6m", "buyInfoCount": 0, "buyInfoShares": 0, "sellInfoCount": 0, "netInfoCount": 0, "netInfoShares": 0, "netPercentInsiderShares": 0.0, "totalInsiderShares": 5721221120}, "insiderTransactions": {"transactions": [{"maxAge": 1, "shares": 76829721, "filerUrl": "", "transactionText": "", "filerName": "President of India", "filerRelation": "Promoter", "moneyText": "", "startDate": "2019-03-28", "ownership": "D"}, {"maxAge": 1, "shares": 312819803, "filerUrl": "", "transactionText": "", "filerName": "President of India", "filerRelation": "Promoter", "moneyText": "", "startDate": "2018-03-27", "ownership": "D"}, {"maxAge": 1, "shares": 38988181, "filerUrl": "", "transactionText": "", "filerName": "President of India", "filerRelation": "Promoter", "moneyText": "", "startDate": "2017-08-04", "ownership": "D"}, {"maxAge": 1, "shares": 51662281, "filerUrl": "", "transactionText": "", "filerName": "President of India", "filerRelation": "Promoter", "moneyText": "", "startDate": "2015-09-30", "ownership": "D"}, {"maxAge": 1, "shares": 5472563, "filerUrl": "", "transactionText": "", "filerName": "President of India", "filerRelation": "Promoter", "moneyText": "", "startDate": "2014-09-12", "ownership": "D"}], "maxAge": 1}, "sectorTrend": {"maxAge": 1, "symbol": null, "estimates": []}, "incomeStatementHistoryQuarterly": {"incomeStatementHistory": [{"maxAge": 1, "endDate": "2020-12-31", "totalRevenue": 52085300000, "costOfRevenue": 0, "grossProfit": 52085300000, "researchDevelopment": {}, "sellingGeneralAdministrative": 24673300000, "nonRecurring": {}, "otherOperatingExpenses": 27029600000, "totalOperatingExpenses": 51702900000, "operatingIncome": 382400000, "totalOtherIncomeExpenseNet": 98100000, "ebit": 0, "interestExpense": {}, "incomeBeforeTax": 480500000, "incomeTaxExpense": -6713500000, "minorityInterest": 1040000000, "netIncomeFromContinuingOps": 7194000000, "discontinuedOperations": {}, "extraordinaryItems": {}, "effectOfAccountingCharges": {}, "otherItems": {}, "netIncome": 7194000000, "netIncomeApplicableToCommonShares": 7194000000}, {"maxAge": 1, "endDate": "2020-09-30", "totalRevenue": 51756200000, "costOfRevenue": 0, "grossProfit": 51756200000, "researchDevelopment": {}, "sellingGeneralAdministrative": 21280700000, "nonRecurring": {}, "otherOperatingExpenses": 24486300000, "totalOperatingExpenses": 45767000000, "operatingIncome": 5989200000, "totalOtherIncomeExpenseNet": 100500000, "ebit": 0, "interestExpense": {}, "incomeBeforeTax": 6089700000, "incomeTaxExpense": 751000000, "minorityInterest": 1040000000, "netIncomeFromContinuingOps": 5338700000, "discontinuedOperations": {}, "extraordinaryItems": {}, "effectOfAccountingCharges": {}, "otherItems": {}, "netIncome": 5338700000, "netIncomeApplicableToCommonShares": 5338700000}, {"maxAge": 1, "endDate": "2020-06-30", "totalRevenue": 48654100000, "costOfRevenue": 0, "grossProfit": 48654100000, "researchDevelopment": {}, "sellingGeneralAdministrative": 21326000000, "nonRecurring": {}, "otherOperatingExpenses": 22538000000, "totalOperatingExpenses": 43864000000, "operatingIncome": 4790100000, "totalOtherIncomeExpenseNet": 84600000, "ebit": 0, "interestExpense": {}, "incomeBeforeTax": 4874700000, "incomeTaxExpense": 1465200000, "minorityInterest": 1040000000, "netIncomeFromContinuingOps": 3409500000, "discontinuedOperations": {}, "extraordinaryItems": {}, "effectOfAccountingCharges": {}, "otherItems": {}, "netIncome": 3409500000, "netIncomeApplicableToCommonShares": 3409500000}, {"maxAge": 1, "endDate": "2020-03-31", "totalRevenue": -10798441000, "costOfRevenue": 0, "grossProfit": -10798441000, "researchDevelopment": {}, "sellingGeneralAdministrative": 31693407000, "nonRecurring": {}, "otherOperatingExpenses": -7815653000, "totalOperatingExpenses": 23877754000, "operatingIncome": -34676195000, "totalOtherIncomeExpenseNet": -837591000, "ebit": 0, "interestExpense": {}, "incomeBeforeTax": -35513786000, "incomeTaxExpense": -8383500000, "minorityInterest": 1040035000, "netIncomeFromContinuingOps": -27130286000, "discontinuedOperations": {}, "extraordinaryItems": {}, "effectOfAccountingCharges": {}, "otherItems": {}, "netIncome": -27130286000, "netIncomeApplicableToCommonShares": -27130286000}], "maxAge": 86400}, "cashflowStatementHistoryQuarterly": {"cashflowStatements": [{"maxAge": 1, "endDate": "2020-12-31", "netIncome": 7194000000, "changeToLiabilities": 0}, {"maxAge": 1, "endDate": "2020-09-30", "netIncome": 5338700000, "changeToLiabilities": 0}, {"maxAge": 1, "endDate": "2020-06-30", "netIncome": 3409500000, "changeToLiabilities": 0}, {"maxAge": 1, "endDate": "2020-03-31", "netIncome": -27130286000, "changeToLiabilities": 0}], "maxAge": 86400}, "earnings": {"maxAge": 86400, "earningsChart": {"quarterly": [{"date": "2Q2017", "actual": 1.7, "estimate": 2.5}, {"date": "3Q2017", "actual": -21.87, "estimate": 1.1}, {"date": "4Q2017", "actual": -16.63, "estimate": -2.8}, {"date": "1Q2018", "actual": -29.59, "estimate": -12.43}], "currentQuarterEstimate": -21.8, "currentQuarterEstimateDate": "2Q", "currentQuarterEstimateYear": 2018, "earningsDate": []}, "financialsChart": {"yearly": [{"date": 2017, "revenue": 73800511000, "earnings": 5726444000}, {"date": 2018, "revenue": 20301857000, "earnings": -52124682000}, {"date": 2019, "revenue": 39230169000, "earnings": -29223494000}, {"date": 2020, "revenue": 40366559000, "earnings": -31208886000}], "quarterly": [{"date": "1Q2020", "revenue": -10798441000, "earnings": -27130286000}, {"date": "2Q2020", "revenue": 48654100000, "earnings": 3409500000}, {"date": "3Q2020", "revenue": 51756200000, "earnings": 5338700000}, {"date": "4Q2020", "revenue": 52085300000, "earnings": 7194000000}]}, "financialCurrency": "INR"}, "financialData": {"maxAge": 86400, "currentPrice": 34.2, "targetHighPrice": 188.0, "targetLowPrice": 68.0, "targetMeanPrice": 110.2, "targetMedianPrice": 104.0, "recommendationMean": 3.1, "recommendationKey": "hold", "numberOfAnalystOpinions": 25, "totalCash": 319312101376, "totalCashPerShare": 49.712, "totalDebt": 574320869376, "totalRevenue": 141697155072, "revenuePerShare": 25.039, "returnOnAssets": -0.0014200001, "returnOnEquity": -0.021860002, "grossProfits": 40366559000, "earningsGrowth": -0.527, "revenueGrowth": 0.981, "grossMargins": 0.0, "ebitdaMargins": 0.0, "operatingMargins": -0.16595, "profitMargins": -0.07896, "financialCurrency": "INR"}}}