{"UNIQUEO.BO": {"cashflowStatementHistory": {"cashflowStatements": [{"maxAge": 1, "endDate": "2020-03-31", "netIncome": 444561, "depreciation": 1701294, "changeToNetincome": 488303, "changeToAccountReceivables": 7247546, "changeToLiabilities": 5599232, "changeToInventory": -7128712, "changeToOperatingActivities": 2432960, "totalCashFromOperatingActivities": 10810969, "capitalExpenditures": -3202744, "otherCashflowsFromInvestingActivities": -133088, "totalCashflowsFromInvestingActivities": -3335832, "netBorrowings": -7408813, "totalCashFromFinancingActivities": -7408813, "changeInCash": 66324}, {"maxAge": 1, "endDate": "2019-03-31", "netIncome": 6552621, "depreciation": 1626529, "changeToNetincome": -1765301, "changeToAccountReceivables": -15858023, "changeToLiabilities": 5017375, "changeToInventory": -1977462, "changeToOperatingActivities": 3716011, "totalCashFromOperatingActivities": -2662462, "capitalExpenditures": -1136724, "otherCashflowsFromInvestingActivities": -9274, "totalCashflowsFromInvestingActivities": -1145998, "netBorrowings": 3727982, "totalCashFromFinancingActivities": 3727982, "changeInCash": -80474}, {"maxAge": 1, "endDate": "2018-03-31", "netIncome": 3063053, "depreciation": 1480709, "changeToNetincome": -666592, "changeToAccountReceivables": 3128319, "changeToLiabilities": -504365, "changeToInventory": 18194829, "changeToOperatingActivities": -5076735, "totalCashFromOperatingActivities": 19645004, "capitalExpenditures": -2875290, "otherCashflowsFromInvestingActivities": -86285, "totalCashflowsFromInvestingActivities": -2961575, "netBorrowings": -18526162, "totalCashFromFinancingActivities": -18526162, "changeInCash": -1842730}, {"maxAge": 1, "endDate": "2017-03-31", "netIncome": -13564276, "depreciation": 1523211, "changeToNetincome": -1615435, "changeToAccountReceivables": 72871195, "changeToLiabilities": -16647062, "changeToInventory": 1767840, "changeToOperatingActivities": 11546627, "totalCashFromOperatingActivities": 55907891, "capitalExpenditures": -585800, "otherCashflowsFromInvestingActivities": 1589586, "totalCashflowsFromInvestingActivities": 1003786, "netBorrowings": -55159371, "totalCashFromFinancingActivities": -55159371, "changeInCash": 1752305}], "maxAge": 86400}, "institutionOwnership": {"maxAge": 1, "ownershipList": []}, "balanceSheetHistoryQuarterly": {"balanceSheetStatements": [{"maxAge": 1, "endDate": "2020-06-30", "totalStockholderEquity": 122957000, "netTangibleAssets": 122919000}, {"maxAge": 1, "endDate": "2020-03-31", "cash": 212090, "netReceivables": 147578674, "inventory": 17806458, "otherCurrentAssets": 8566031, "totalCurrentAssets": 174429524, "propertyPlantEquipment": 17464772, "intangibleAssets": 38579, "otherAssets": 217602, "totalAssets": 192150477, "accountsPayable": 14755099, "otherCurrentLiab": 3726350, "otherLiab": 675278, "totalCurrentLiabilities": 68518469, "totalLiab": 69193747, "commonStock": 59530000, "retainedEarnings": 51579403, "treasuryStock": 11847331, "otherStockholderEquity": 11847331, "totalStockholderEquity": 122956734, "netTangibleAssets": 122918155}, {"maxAge": 1, "endDate": "2019-12-31", "totalStockholderEquity": 123949000, "netTangibleAssets": 123896000}, {"maxAge": 1, "endDate": "2019-09-30", "cash": 3364000, "netReceivables": 135153000, "inventory": 13261000, "otherCurrentAssets": 2417000, "totalCurrentAssets": 154195000, "propertyPlantEquipment": 18316000, "intangibleAssets": 53000, "otherAssets": 535000, "totalAssets": 173099000, "accountsPayable": 6504000, "otherCurrentLiab": 7955000, "otherLiab": 511000, "totalCurrentLiabilities": 48639000, "totalLiab": 49150000, "commonStock": 59530000, "treasuryStock": 64419000, "otherStockholderEquity": 64419000, "totalStockholderEquity": 123949000, "netTangibleAssets": 123896000}], "maxAge": 86400}, "indexTrend": {"maxAge": 1, "symbol": "SP5", "peRatio": 19.7411, "pegRatio": 1.34172, "estimates": [{"period": "0q", "growth": 0.549}, {"period": "+1q", "growth": 0.431}, {"period": "0y", "growth": 0.305}, {"period": "+1y", "growth": 0.109}, {"period": "+5y", "growth": 0.120859005}, {"period": "-5y"}]}, "insiderTransactions": {"transactions": [{"maxAge": 1, "shares": 101201, "filerUrl": "", "transactionText": "", "filerName": "Kanodia (Madhu)", "filerRelation": "Promoter", "moneyText": "", "startDate": "2017-09-28", "ownership": "D"}, {"maxAge": 1, "shares": 68000, "filerUrl": "", "transactionText": "", "filerName": "Kanodia (Sarla Devi)", "filerRelation": "Promoter", "moneyText": "", "startDate": "2017-08-22", "ownership": "D"}, {"maxAge": 1, "shares": 250000, "filerUrl": "", "transactionText": "", "filerName": "Kanodia (Sarla Devi)", "filerRelation": "Promoter", "moneyText": "", "startDate": "2013-12-31", "ownership": "D"}, {"maxAge": 1, "shares": 250000, "filerUrl": "", "transactionText": "", "filerName": "Kanodia (Madhu)", "filerRelation": "Promoter", "moneyText": "", "startDate": "2013-12-30", "ownership": "D"}, {"maxAge": 1, "shares": 95700, "filerUrl": "", "transactionText": "", "filerName": "Kanodia (Jyoti Prakash)", "filerRelation": "Managing Director", "moneyText": "", "startDate": "2011-10-04", "ownership": "D"}, {"maxAge": 1, "shares": 170100, "filerUrl": "", "transactionText": "", "filerName": "Kanodia (Madhu)", "filerRelation": "Promoter", "moneyText": "", "startDate": "2011-10-04", "ownership": "D"}, {"maxAge": 1, "shares": 200000, "filerUrl": "", "transactionText": "", "filerName": "Kanodia (Sarla Devi)", "filerRelation": "Promoter", "moneyText": "", "startDate": "2011-10-04", "ownership": "D"}, {"maxAge": 1, "shares": 105000, "filerUrl": "", "transactionText": "", "filerName": "Kanodia (Madhu)", "filerRelation": "Promoter", "moneyText": "", "startDate": "2011-09-09", "ownership": "D"}, {"maxAge": 1, "shares": 175894, "filerUrl": "", "transactionText": "", "filerName": "Kanodia (Jyoti Prakash)", "filerRelation": "Managing Director", "moneyText": "", "startDate": "2011-08-29", "ownership": "D"}, {"maxAge": 1, "shares": 75400, "filerUrl": "", "transactionText": "", "filerName": "Kanodia (Jyoti Prakash)", "filerRelation": "Managing Director", "moneyText": "", "startDate": "2011-01-12", "ownership": "D"}, {"maxAge": 1, "shares": 110000, "filerUrl": "", "transactionText": "", "filerName": "Kanodia (Jyoti Prakash)", "filerRelation": "Managing Director", "moneyText": "", "startDate": "2010-12-20", "ownership": "D"}], "maxAge": 1}, "quoteType": {"exchange": "BSE", "quoteType": "EQUITY", "symbol": "UNIQUEO.BO", "underlyingSymbol": "UNIQUEO.BO", "shortName": "UNIQUE ORGANICS LTD.", "longName": "Unique Organics Limited", "firstTradeDateEpochUtc": "2000-01-03 09:15:00", "timeZoneFullName": "Asia/Kolkata", "timeZoneShortName": "IST", "uuid": "47433a37-88df-3c6e-817a-3ba78fe97892", "messageBoardId": null, "gmtOffSetMilliseconds": 19800000, "maxAge": 1}, "incomeStatementHistory": {"incomeStatementHistory": [{"maxAge": 1, "endDate": "2020-03-31", "totalRevenue": 302782827, "costOfRevenue": 254293512, "grossProfit": 48489315, "researchDevelopment": {}, "sellingGeneralAdministrative": 12534522, "nonRecurring": {}, "otherOperatingExpenses": 29331731, "totalOperatingExpenses": 297886849, "operatingIncome": 4895978, "totalOtherIncomeExpenseNet": -3853883, "ebit": 4895978, "interestExpense": -4621726, "incomeBeforeTax": 1042095, "incomeTaxExpense": 597534, "minorityInterest": {}, "netIncomeFromContinuingOps": 444561, "discontinuedOperations": {}, "extraordinaryItems": {}, "effectOfAccountingCharges": {}, "otherItems": {}, "netIncome": 444561, "netIncomeApplicableToCommonShares": 444561}, {"maxAge": 1, "endDate": "2019-03-31", "totalRevenue": 289460786, "costOfRevenue": 210646506, "grossProfit": 78814280, "researchDevelopment": {}, "sellingGeneralAdministrative": 12571954, "nonRecurring": {}, "otherOperatingExpenses": 53550300, "totalOperatingExpenses": 278421079, "operatingIncome": 11039707, "totalOtherIncomeExpenseNet": -5014645, "ebit": 11039707, "interestExpense": -6922764, "incomeBeforeTax": 6025062, "incomeTaxExpense": -527559, "minorityInterest": {}, "netIncomeFromContinuingOps": 6552621, "discontinuedOperations": {}, "extraordinaryItems": {}, "effectOfAccountingCharges": {}, "otherItems": {}, "netIncome": 6552621, "netIncomeApplicableToCommonShares": 6552621}, {"maxAge": 1, "endDate": "2018-03-31", "totalRevenue": 385822501, "costOfRevenue": 321427473, "grossProfit": 64395028, "researchDevelopment": {}, "sellingGeneralAdministrative": 8363283, "nonRecurring": {}, "otherOperatingExpenses": 47166915, "totalOperatingExpenses": 378464170, "operatingIncome": 7358331, "totalOtherIncomeExpenseNet": -4919074, "ebit": 7358331, "interestExpense": -6855505, "incomeBeforeTax": 2439257, "incomeTaxExpense": -623796, "minorityInterest": {}, "netIncomeFromContinuingOps": 3063053, "discontinuedOperations": {}, "extraordinaryItems": {}, "effectOfAccountingCharges": {}, "otherItems": {}, "netIncome": 3063053, "netIncomeApplicableToCommonShares": 3063053}, {"maxAge": 1, "endDate": "2017-03-31", "totalRevenue": 317655200, "costOfRevenue": 266329195, "grossProfit": 51326005, "researchDevelopment": {}, "sellingGeneralAdministrative": 11540755, "nonRecurring": {}, "otherOperatingExpenses": 49894127, "totalOperatingExpenses": 329313078, "operatingIncome": -11657878, "totalOtherIncomeExpenseNet": -1878723, "ebit": -11657878, "interestExpense": -4740791, "incomeBeforeTax": -13536601, "incomeTaxExpense": 27675, "minorityInterest": {}, "netIncomeFromContinuingOps": -13564276, "discontinuedOperations": {}, "extraordinaryItems": {}, "effectOfAccountingCharges": {}, "otherItems": {}, "netIncome": -13564276, "netIncomeApplicableToCommonShares": -13564276}], "maxAge": 86400}, "fundOwnership": {"maxAge": 1, "ownershipList": []}, "summaryDetail": {"maxAge": 1, "priceHint": 2, "previousClose": 13.32, "open": 12.68, "dayLow": 12.68, "dayHigh": 12.68, "regularMarketPreviousClose": 13.32, "regularMarketOpen": 12.68, "regularMarketDayLow": 12.68, "regularMarketDayHigh": 12.68, "trailingPE": 8.475936, "volume": 100, "regularMarketVolume": 100, "averageVolume": 5929, "averageVolume10days": 5388, "averageDailyVolume10Day": 5388, "bid": 12.67, "ask": 13.95, "bidSize": 0, "askSize": 0, "marketCap": 75484040, "fiftyTwoWeekLow": 2.85, "fiftyTwoWeekHigh": 22.6, "fiftyDayAverage": 18.37, "twoHundredDayAverage": 14.145766, "trailingAnnualDividendRate": 1.0, "trailingAnnualDividendYield": 0.075075075, "currency": "INR", "fromCurrency": null, "toCurrency": null, "lastMarket": null, "algorithm": null, "tradeable": false}, "incomeStatementHistoryQuarterly": {"incomeStatementHistory": [{"maxAge": 1, "endDate": "2020-06-30", "totalRevenue": 155669000, "costOfRevenue": 121379000, "grossProfit": 34290000, "researchDevelopment": {}, "sellingGeneralAdministrative": 3477000, "nonRecurring": {}, "otherOperatingExpenses": 14665000, "totalOperatingExpenses": 139888000, "operatingIncome": 15781000, "totalOtherIncomeExpenseNet": -1375000, "ebit": 15781000, "interestExpense": -2024000, "incomeBeforeTax": 14406000, "incomeTaxExpense": 3746000, "minorityInterest": {}, "netIncomeFromContinuingOps": 10660000, "discontinuedOperations": {}, "extraordinaryItems": {}, "effectOfAccountingCharges": {}, "otherItems": {}, "netIncome": 10660000, "netIncomeApplicableToCommonShares": 10660000}, {"maxAge": 1, "endDate": "2020-03-31", "totalRevenue": 56553827, "costOfRevenue": 49504512, "grossProfit": 7049315, "researchDevelopment": {}, "sellingGeneralAdministrative": 4983522, "nonRecurring": {}, "otherOperatingExpenses": 2646731, "totalOperatingExpenses": 57746849, "operatingIncome": -1193022, "totalOtherIncomeExpenseNet": -892883, "ebit": -1193022, "interestExpense": -772726, "incomeBeforeTax": -2085905, "incomeTaxExpense": -272466, "minorityInterest": {}, "netIncomeFromContinuingOps": -1813439, "discontinuedOperations": {}, "extraordinaryItems": {}, "effectOfAccountingCharges": {}, "otherItems": {}, "netIncome": -1813439, "netIncomeApplicableToCommonShares": -1813439}, {"maxAge": 1, "endDate": "2019-12-31", "totalRevenue": 104579000, "costOfRevenue": 89412000, "grossProfit": 15167000, "researchDevelopment": {}, "sellingGeneralAdministrative": 2890000, "nonRecurring": {}, "otherOperatingExpenses": 10002000, "totalOperatingExpenses": 102682000, "operatingIncome": 1897000, "totalOtherIncomeExpenseNet": -737000, "ebit": 1897000, "interestExpense": -1264000, "incomeBeforeTax": 1160000, "incomeTaxExpense": 301000, "minorityInterest": {}, "netIncomeFromContinuingOps": 859000, "discontinuedOperations": {}, "extraordinaryItems": {}, "effectOfAccountingCharges": {}, "otherItems": {}, "netIncome": 859000, "netIncomeApplicableToCommonShares": 859000}, {"maxAge": 1, "endDate": "2019-09-30", "totalRevenue": 42113000, "costOfRevenue": 34379000, "grossProfit": 7734000, "researchDevelopment": {}, "sellingGeneralAdministrative": 1740000, "nonRecurring": {}, "otherOperatingExpenses": 4913000, "totalOperatingExpenses": 41410000, "operatingIncome": 703000, "totalOtherIncomeExpenseNet": -888000, "ebit": 703000, "interestExpense": -1012000, "incomeBeforeTax": -185000, "incomeTaxExpense": 9000, "minorityInterest": {}, "netIncomeFromContinuingOps": -194000, "discontinuedOperations": {}, "extraordinaryItems": {}, "effectOfAccountingCharges": {}, "otherItems": {}, "netIncome": -194000, "netIncomeApplicableToCommonShares": -194000}], "maxAge": 86400}, "cashflowStatementHistoryQuarterly": {"cashflowStatements": [{"maxAge": 1, "endDate": "2020-06-30", "netIncome": 10660000, "changeToLiabilities": 0}, {"maxAge": 1, "endDate": "2020-03-31", "netIncome": -1813439, "changeToLiabilities": 0}, {"maxAge": 1, "endDate": "2019-12-31", "netIncome": 859000, "changeToLiabilities": 0}, {"maxAge": 1, "endDate": "2019-09-30", "netIncome": -194000, "changeToLiabilities": 0}], "maxAge": 86400}, "insiderHolders": {"holders": [{"maxAge": 1, "name": "Kanodia (Jyoti Prakash)", "relation": "Managing Director", "url": "", "transactionDescription": "Acquisition", "latestTransDate": "2011-10-04", "positionDirect": 642494, "positionDirectDate": "2011-10-04"}, {"maxAge": 1, "name": "Kanodia (Madhu)", "relation": "Promoter", "url": "", "transactionDescription": "Sale", "latestTransDate": "2017-09-28", "positionDirect": 433899, "positionDirectDate": "2017-09-28"}, {"maxAge": 1, "name": "Kanodia (Sarla Devi)", "relation": "Promoter", "url": "", "transactionDescription": "Sale", "latestTransDate": "2017-08-22", "positionDirect": 760800, "positionDirectDate": "2017-08-22"}], "maxAge": 1}, "calendarEvents": {"maxAge": 1, "earnings": {"earningsDate": []}}, "price": {"maxAge": 1, "regularMarketChangePercent": -0.048048005, "regularMarketChange": -0.6399994, "regularMarketTime": "2021-04-30 15:15:00", "priceHint": 2, "regularMarketPrice": 12.68, "regularMarketDayHigh": 12.68, "regularMarketDayLow": 12.68, "regularMarketVolume": 100, "averageDailyVolume10Day": 5388, "averageDailyVolume3Month": 5929, "regularMarketPreviousClose": 13.32, "regularMarketSource": "FREE_REALTIME", "regularMarketOpen": 12.68, "exchange": "BSE", "exchangeName": "BSE", "exchangeDataDelayedBy": 0, "marketState": "CLOSED", "quoteType": "EQUITY", "symbol": "UNIQUEO.BO", "underlyingSymbol": null, "shortName": "UNIQUE ORGANICS LTD.", "longName": "Unique Organics Limited", "currency": "INR", "quoteSourceName": "Delayed Quote", "currencySymbol": "\u20b9", "fromCurrency": null, "toCurrency": null, "lastMarket": null, "marketCap": 75484040}, "balanceSheetHistory": {"balanceSheetStatements": [{"maxAge": 1, "endDate": "2020-03-31", "cash": 212090, "netReceivables": 147578674, "inventory": 17806458, "otherCurrentAssets": 8566031, "totalCurrentAssets": 174429524, "propertyPlantEquipment": 17464772, "intangibleAssets": 38579, "otherAssets": 217602, "totalAssets": 192150477, "accountsPayable": 14755099, "otherCurrentLiab": 3726350, "otherLiab": 675278, "totalCurrentLiabilities": 68518469, "totalLiab": 69193747, "commonStock": 59530000, "retainedEarnings": 51579403, "treasuryStock": 11847331, "otherStockholderEquity": 11847331, "totalStockholderEquity": 122956734, "netTangibleAssets": 122918155}, {"maxAge": 1, "endDate": "2019-03-31", "cash": 145166, "netReceivables": 154826221, "inventory": 10677746, "otherCurrentAssets": 11439246, "totalCurrentAssets": 177273987, "propertyPlantEquipment": 15963322, "intangibleAssets": 64369, "otherAssets": 187922, "totalAssets": 193489600, "accountsPayable": 9155867, "otherCurrentLiab": 4182125, "otherLiab": 212139, "totalCurrentLiabilities": 70751554, "totalLiab": 70963693, "commonStock": 59530000, "retainedEarnings": 51134847, "treasuryStock": 11861062, "otherStockholderEquity": 11861062, "totalStockholderEquity": 122525909, "netTangibleAssets": 122461540}, {"maxAge": 1, "endDate": "2018-03-31", "cash": 224140, "netReceivables": 138968198, "inventory": 8700284, "otherCurrentAssets": 11911998, "totalCurrentAssets": 159942346, "propertyPlantEquipment": 16496237, "intangibleAssets": 90159, "otherAssets": 187922, "totalAssets": 176716664, "accountsPayable": 4138491, "otherCurrentLiab": 3235889, "otherLiab": 1899685, "totalCurrentLiabilities": 58746825, "totalLiab": 60646510, "commonStock": 59530000, "retainedEarnings": 44582228, "treasuryStock": 11957929, "otherStockholderEquity": 11957929, "totalStockholderEquity": 116070157, "netTangibleAssets": 115979998}, {"maxAge": 1, "endDate": "2017-03-31", "cash": 645371, "netReceivables": 142096517, "inventory": 26895114, "otherCurrentAssets": 16399275, "totalCurrentAssets": 187215379, "propertyPlantEquipment": 15101656, "intangibleAssets": 115950, "otherAssets": 187922, "totalAssets": 202620907, "accountsPayable": 4642856, "otherCurrentLiab": 3856355, "otherLiab": 2584459, "totalCurrentLiabilities": 87059355, "totalLiab": 89643814, "commonStock": 59530000, "retainedEarnings": 41519178, "treasuryStock": 11927917, "otherStockholderEquity": 11927917, "totalStockholderEquity": 112977095, "netTangibleAssets": 112861145}], "maxAge": 86400}, "financialData": {"maxAge": 86400, "currentPrice": 12.68, "recommendationKey": "none", "grossProfits": 48489315, "financialCurrency": "INR"}}}