{"UNITEDTE.BO": {"cashflowStatementHistory": {"cashflowStatements": [{"maxAge": 1, "endDate": "2020-03-31", "netIncome": 135061, "depreciation": 2519787, "changeToNetincome": 2521247, "changeToAccountReceivables": -4921749, "changeToLiabilities": 16511603, "changeToInventory": -5263666, "changeToOperatingActivities": -4215500, "totalCashFromOperatingActivities": 7286783, "capitalExpenditures": -17689929, "otherCashflowsFromInvestingActivities": 206798, "totalCashflowsFromInvestingActivities": -16083131, "netBorrowings": 11926606, "otherCashflowsFromFinancingActivities": -2819842, "totalCashFromFinancingActivities": 9106764, "changeInCash": 310416}, {"maxAge": 1, "endDate": "2019-03-31", "netIncome": -53131, "depreciation": 2952206, "changeToNetincome": 2488578, "changeToAccountReceivables": 13274662, "changeToLiabilities": -2352823, "changeToInventory": -12099917, "changeToOperatingActivities": -1674330, "totalCashFromOperatingActivities": 2535245, "capitalExpenditures": -17689929, "otherCashflowsFromInvestingActivities": 458718, "totalCashflowsFromInvestingActivities": 458718, "netBorrowings": -519970, "otherCashflowsFromFinancingActivities": -2502278, "totalCashFromFinancingActivities": -3022248, "changeInCash": -28285}, {"maxAge": 1, "endDate": "2018-03-31", "netIncome": 175654, "depreciation": 2952206, "changeToNetincome": 2840694, "changeToAccountReceivables": -13343876, "changeToLiabilities": 3542376, "changeToInventory": 8038272, "changeToOperatingActivities": 190676, "totalCashFromOperatingActivities": 4396002, "capitalExpenditures": -17689929, "otherCashflowsFromInvestingActivities": 460785, "totalCashflowsFromInvestingActivities": 460785, "netBorrowings": -2116171, "otherCashflowsFromFinancingActivities": -2959703, "totalCashFromFinancingActivities": -5075874, "changeInCash": -219087}, {"maxAge": 1, "endDate": "2017-03-31", "netIncome": 940132, "depreciation": 3549156, "changeToNetincome": 2541494, "changeToAccountReceivables": 5967788, "changeToLiabilities": -8842667, "changeToInventory": -7439384, "changeToOperatingActivities": -429861, "totalCashFromOperatingActivities": -3713342, "capitalExpenditures": -17689929, "otherCashflowsFromInvestingActivities": 81432, "totalCashflowsFromInvestingActivities": 266432, "netBorrowings": 5948196, "otherCashflowsFromFinancingActivities": -2873814, "totalCashFromFinancingActivities": 3074382, "changeInCash": -372528}], "maxAge": 86400}, "institutionOwnership": {"ownershipList": [], "maxAge": 1}, "balanceSheetHistoryQuarterly": {"balanceSheetStatements": [{"maxAge": 1, "endDate": "2020-06-30", "totalStockholderEquity": 104362000, "netTangibleAssets": 104362000}, {"maxAge": 1, "endDate": "2020-03-31", "cash": 533828, "netReceivables": 14535720, "inventory": 41427985, "otherCurrentAssets": 7661810, "totalCurrentAssets": 64282233, "propertyPlantEquipment": 108661196, "otherAssets": 1706836, "totalAssets": 174650265, "accountsPayable": 22551098, "shortLongTermDebt": 2329403, "otherCurrentLiab": 7178248, "longTermDebt": 11079675, "otherLiab": 289008, "totalCurrentLiabilities": 58919730, "totalLiab": 70288413, "commonStock": 30000000, "retainedEarnings": 73872910, "treasuryStock": 488942, "otherStockholderEquity": 488942, "totalStockholderEquity": 104361852, "netTangibleAssets": 104361852}, {"maxAge": 1, "endDate": "2019-12-31"}, {"maxAge": 1, "endDate": "2019-09-30", "cash": 2137000, "netReceivables": 12388000, "inventory": 43620000, "otherCurrentAssets": 2627000, "totalCurrentAssets": 60772000, "longTermInvestments": 1403000, "propertyPlantEquipment": 95957000, "otherAssets": 1000, "totalAssets": 158133000, "accountsPayable": 21962000, "otherCurrentLiab": 3388000, "longTermDebt": 1050000, "otherLiab": 517000, "totalCurrentLiabilities": 52297000, "totalLiab": 53864000, "commonStock": 30000000, "treasuryStock": 74269000, "otherStockholderEquity": 74269000, "totalStockholderEquity": 104269000, "netTangibleAssets": 104269000}], "maxAge": 86400}, "indexTrend": {"maxAge": 1, "symbol": "SP5", "peRatio": 19.7411, "pegRatio": 1.34172, "estimates": [{"period": "0q", "growth": 0.549}, {"period": "+1q", "growth": 0.431}, {"period": "0y", "growth": 0.305}, {"period": "+1y", "growth": 0.109}, {"period": "+5y", "growth": 0.120859005}, {"period": "-5y"}]}, "quoteType": {"exchange": "BSE", "quoteType": "EQUITY", "symbol": "UNITEDTE.BO", "underlyingSymbol": "UNITEDTE.BO", "shortName": "UNITED TEXTILES LTD.", "longName": "United Textiles Limited", "firstTradeDateEpochUtc": "2004-03-16 09:15:00", "timeZoneFullName": "Asia/Kolkata", "timeZoneShortName": "IST", "uuid": "253b762f-c033-3b18-a5e6-1b929e016672", "gmtOffSetMilliseconds": 19800000, "maxAge": 1}, "incomeStatementHistory": {"incomeStatementHistory": [{"maxAge": 1, "endDate": "2020-03-31", "totalRevenue": 89272553, "costOfRevenue": 79331160, "grossProfit": 9941393, "researchDevelopment": {}, "sellingGeneralAdministrative": 4347229, "nonRecurring": {}, "otherOperatingExpenses": 204894, "totalOperatingExpenses": 86403070, "operatingIncome": 2869483, "totalOtherIncomeExpenseNet": -2732402, "ebit": 2869483, "interestExpense": -2864571, "incomeBeforeTax": 137081, "incomeTaxExpense": 2020, "minorityInterest": {}, "netIncomeFromContinuingOps": 135061, "discontinuedOperations": {}, "extraordinaryItems": {}, "effectOfAccountingCharges": {}, "otherItems": {}, "netIncome": 135061, "netIncomeApplicableToCommonShares": 135061}, {"maxAge": 1, "endDate": "2019-03-31", "totalRevenue": 67565065, "costOfRevenue": 57577567, "grossProfit": 9987498, "researchDevelopment": {}, "sellingGeneralAdministrative": 4386472, "nonRecurring": {}, "otherOperatingExpenses": 158284, "totalOperatingExpenses": 65074529, "operatingIncome": 2490536, "totalOtherIncomeExpenseNet": -2372278, "ebit": 2490536, "interestExpense": -2502308, "incomeBeforeTax": 118258, "incomeTaxExpense": 171389, "minorityInterest": {}, "netIncomeFromContinuingOps": -53131, "discontinuedOperations": {}, "extraordinaryItems": {}, "effectOfAccountingCharges": {}, "otherItems": {}, "netIncome": -53131, "netIncomeApplicableToCommonShares": -53131}, {"maxAge": 1, "endDate": "2018-03-31", "totalRevenue": 119099009, "costOfRevenue": 108497272, "grossProfit": 10601737, "researchDevelopment": {}, "sellingGeneralAdministrative": 4421698, "nonRecurring": {}, "otherOperatingExpenses": 196163, "totalOperatingExpenses": 116067339, "operatingIncome": 3031670, "totalOtherIncomeExpenseNet": -2787869, "ebit": 3031670, "interestExpense": -2959743, "incomeBeforeTax": 243801, "incomeTaxExpense": 68147, "minorityInterest": {}, "netIncomeFromContinuingOps": 175654, "discontinuedOperations": {}, "extraordinaryItems": {}, "effectOfAccountingCharges": {}, "otherItems": {}, "netIncome": 175654, "netIncomeApplicableToCommonShares": 175654}, {"maxAge": 1, "endDate": "2017-03-31", "totalRevenue": 134924993, "costOfRevenue": 123963476, "grossProfit": 10961517, "researchDevelopment": {}, "sellingGeneralAdministrative": 3344753, "nonRecurring": {}, "otherOperatingExpenses": 178078, "totalOperatingExpenses": 131035463, "operatingIncome": 3889530, "totalOtherIncomeExpenseNet": -2713398, "ebit": 3889530, "interestExpense": -2959743, "incomeBeforeTax": 1176132, "incomeTaxExpense": 236000, "minorityInterest": {}, "netIncomeFromContinuingOps": 940132, "discontinuedOperations": {}, "extraordinaryItems": {}, "effectOfAccountingCharges": {}, "otherItems": {}, "netIncome": 940132, "netIncomeApplicableToCommonShares": 940132}], "maxAge": 86400}, "fundOwnership": {"ownershipList": [], "maxAge": 1}, "summaryDetail": {"maxAge": 1, "priceHint": 4, "previousClose": 5.25, "open": 5.4, "dayLow": 4.99, "dayHigh": 5.51, "regularMarketPreviousClose": 5.25, "regularMarketOpen": 5.4, "regularMarketDayLow": 4.99, "regularMarketDayHigh": 5.51, "trailingPE": 110.88888, "volume": 938, "regularMarketVolume": 938, "averageVolume": 223, "averageVolume10days": 267, "averageDailyVolume10Day": 267, "bid": 0.0, "ask": 4.99, "bidSize": 0, "askSize": 0, "marketCap": 14969999, "fiftyTwoWeekLow": 3.61, "fiftyTwoWeekHigh": 8.66, "fiftyDayAverage": 4.9463634, "twoHundredDayAverage": 5.51875, "currency": "INR", "fromCurrency": null, "lastMarket": null, "algorithm": null, "tradeable": false}, "incomeStatementHistoryQuarterly": {"incomeStatementHistory": [{"maxAge": 1, "endDate": "2020-06-30", "totalRevenue": 12498000, "costOfRevenue": 8637000, "grossProfit": 3861000, "researchDevelopment": {}, "sellingGeneralAdministrative": 384000, "nonRecurring": {}, "otherOperatingExpenses": 1768000, "totalOperatingExpenses": 12048000, "operatingIncome": 450000, "totalOtherIncomeExpenseNet": -433000, "ebit": 450000, "interestExpense": -472000, "incomeBeforeTax": 17000, "incomeTaxExpense": 79000, "minorityInterest": {}, "netIncomeFromContinuingOps": -62000, "discontinuedOperations": {}, "extraordinaryItems": {}, "effectOfAccountingCharges": {}, "otherItems": {}, "netIncome": -62000, "netIncomeApplicableToCommonShares": -62000}, {"maxAge": 1, "endDate": "2020-03-31", "totalRevenue": 20782553, "costOfRevenue": 31094160, "grossProfit": -10311607, "researchDevelopment": {}, "sellingGeneralAdministrative": 2323229, "nonRecurring": {}, "otherOperatingExpenses": -13731106, "totalOperatingExpenses": 20363070, "operatingIncome": 419483, "totalOtherIncomeExpenseNet": -895402, "ebit": 419483, "interestExpense": -882571, "incomeBeforeTax": -475919, "incomeTaxExpense": -235980, "minorityInterest": {}, "netIncomeFromContinuingOps": -239939, "discontinuedOperations": {}, "extraordinaryItems": {}, "effectOfAccountingCharges": {}, "otherItems": {}, "netIncome": -239939, "netIncomeApplicableToCommonShares": -239939}, {"maxAge": 1, "endDate": "2019-12-31", "totalRevenue": 32299000, "costOfRevenue": 26156000, "grossProfit": 6143000, "researchDevelopment": {}, "sellingGeneralAdministrative": 725000, "nonRecurring": {}, "otherOperatingExpenses": 4057000, "totalOperatingExpenses": 31626000, "operatingIncome": 673000, "totalOtherIncomeExpenseNet": -528000, "ebit": 673000, "interestExpense": -601000, "incomeBeforeTax": 145000, "incomeTaxExpense": 137000, "minorityInterest": {}, "netIncomeFromContinuingOps": 8000, "discontinuedOperations": {}, "extraordinaryItems": {}, "effectOfAccountingCharges": {}, "otherItems": {}, "netIncome": 8000, "netIncomeApplicableToCommonShares": 8000}, {"maxAge": 1, "endDate": "2019-09-30", "totalRevenue": 18790000, "costOfRevenue": 10960000, "grossProfit": 7830000, "researchDevelopment": {}, "sellingGeneralAdministrative": 790000, "nonRecurring": {}, "otherOperatingExpenses": 5590000, "totalOperatingExpenses": 17950000, "operatingIncome": 840000, "totalOtherIncomeExpenseNet": -620000, "ebit": 840000, "interestExpense": -650000, "incomeBeforeTax": 220000, "incomeTaxExpense": 40000, "minorityInterest": {}, "netIncomeFromContinuingOps": 180000, "discontinuedOperations": {}, "extraordinaryItems": {}, "effectOfAccountingCharges": {}, "otherItems": {}, "netIncome": 180000, "netIncomeApplicableToCommonShares": 180000}], "maxAge": 86400}, "cashflowStatementHistoryQuarterly": {"cashflowStatements": [{"maxAge": 1, "endDate": "2020-06-30", "netIncome": -62000, "changeToLiabilities": 0}, {"maxAge": 1, "endDate": "2020-03-31", "netIncome": -239939, "changeToLiabilities": 0}, {"maxAge": 1, "endDate": "2019-12-31", "netIncome": 8000, "changeToLiabilities": 0}, {"maxAge": 1, "endDate": "2019-09-30", "netIncome": 180000, "changeToLiabilities": 0}], "maxAge": 86400}, "insiderHolders": {"holders": [], "maxAge": 1}, "calendarEvents": {"maxAge": 1, "earnings": {"earningsDate": []}}, "upgradeDowngradeHistory": {"history": [], "maxAge": 86400}, "price": {"maxAge": 1, "regularMarketChangePercent": -0.049523853, "regularMarketChange": -0.26000023, "regularMarketTime": "2021-04-30 15:13:57", "priceHint": 4, "regularMarketPrice": 4.99, "regularMarketDayHigh": 5.51, "regularMarketDayLow": 4.99, "regularMarketVolume": 938, "averageDailyVolume10Day": 267, "averageDailyVolume3Month": 223, "regularMarketPreviousClose": 5.25, "regularMarketSource": "FREE_REALTIME", "regularMarketOpen": 5.4, "exchange": "BSE", "exchangeName": "BSE", "exchangeDataDelayedBy": 0, "marketState": "CLOSED", "quoteType": "EQUITY", "symbol": "UNITEDTE.BO", "underlyingSymbol": null, "shortName": "UNITED TEXTILES LTD.", "longName": "United Textiles Limited", "currency": "INR", "quoteSourceName": "Delayed Quote", "currencySymbol": "\u20b9", "fromCurrency": null, "lastMarket": null, "marketCap": 14969999}, "balanceSheetHistory": {"balanceSheetStatements": [{"maxAge": 1, "endDate": "2020-03-31", "cash": 533828, "netReceivables": 14535720, "inventory": 41427985, "otherCurrentAssets": 7661810, "totalCurrentAssets": 64282233, "propertyPlantEquipment": 108661196, "otherAssets": 1706836, "totalAssets": 174650265, "accountsPayable": 22551098, "shortLongTermDebt": 2329403, "otherCurrentLiab": 7178248, "longTermDebt": 11079675, "otherLiab": 289008, "totalCurrentLiabilities": 58919730, "totalLiab": 70288413, "commonStock": 30000000, "retainedEarnings": 73872910, "treasuryStock": 488942, "otherStockholderEquity": 488942, "totalStockholderEquity": 104361852, "netTangibleAssets": 104361852}, {"maxAge": 1, "endDate": "2019-03-31", "cash": 223412, "netReceivables": 9573026, "inventory": 36164319, "otherCurrentAssets": 3848138, "totalCurrentAssets": 49833672, "propertyPlantEquipment": 94651972, "otherAssets": 1403122, "totalAssets": 145888766, "accountsPayable": 11084670, "shortLongTermDebt": 909266, "otherCurrentLiab": 3493347, "otherLiab": 506645, "totalCurrentLiabilities": 41496120, "totalLiab": 42002765, "commonStock": 30000000, "retainedEarnings": 73737849, "treasuryStock": 148152, "otherStockholderEquity": 148152, "totalStockholderEquity": 103886001, "netTangibleAssets": 103886001}, {"maxAge": 1, "endDate": "2018-03-31", "cash": 251697, "netReceivables": 22817080, "inventory": 24064402, "otherCurrentAssets": 2060303, "totalCurrentAssets": 49331764, "propertyPlantEquipment": 97604178, "otherAssets": 1403121, "totalAssets": 148339063, "accountsPayable": 10742856, "shortLongTermDebt": 3203093, "otherCurrentLiab": 3551704, "longTermDebt": 886352, "otherLiab": 445378, "totalCurrentLiabilities": 43118307, "totalLiab": 44450037, "commonStock": 30000000, "retainedEarnings": 73790980, "treasuryStock": 98046, "otherStockholderEquity": 98046, "totalStockholderEquity": 103889026, "netTangibleAssets": 103889026}, {"maxAge": 1, "endDate": "2017-03-31", "cash": 470784, "netReceivables": 9763001, "inventory": 32102674, "otherCurrentAssets": 2212194, "totalCurrentAssets": 44738307, "propertyPlantEquipment": 100556384, "otherAssets": 1403121, "totalAssets": 146697812, "accountsPayable": 7321108, "shortLongTermDebt": 3600000, "otherCurrentLiab": 3049477, "longTermDebt": 3975371, "otherLiab": 481879, "totalCurrentLiabilities": 38644561, "totalLiab": 43101811, "commonStock": 30000000, "retainedEarnings": 73615326, "treasuryStock": -19325, "otherStockholderEquity": -19325, "totalStockholderEquity": 103596001, "netTangibleAssets": 103596001}], "maxAge": 86400}, "financialData": {"maxAge": 86400, "currentPrice": 4.99, "recommendationKey": "none", "grossProfits": 9941393, "financialCurrency": "INR"}}}