{"UNITINT.BO": {"cashflowStatementHistory": {"cashflowStatements": [{"maxAge": 1, "endDate": "2020-03-31", "netIncome": -1608000, "depreciation": 20608409, "changeToNetincome": 25019563, "changeToAccountReceivables": -52750966, "changeToLiabilities": -14217780, "changeToInventory": -39839006, "totalCashFromOperatingActivities": -62787780, "capitalExpenditures": -1485435, "investments": -3570252, "otherCashflowsFromInvestingActivities": 1486655, "totalCashflowsFromInvestingActivities": -3569032, "netBorrowings": 93182518, "otherCashflowsFromFinancingActivities": -20400654, "totalCashFromFinancingActivities": 72781864, "changeInCash": 6425052}, {"maxAge": 1, "endDate": "2019-03-31", "netIncome": 3192926, "depreciation": 9628826, "changeToNetincome": 99001, "changeToAccountReceivables": -136245327, "changeToLiabilities": 81400375, "changeToInventory": -4250458, "totalCashFromOperatingActivities": -46174657, "capitalExpenditures": -1485435, "investments": -3570252, "otherCashflowsFromInvestingActivities": 1486655, "totalCashflowsFromInvestingActivities": 1663741, "netBorrowings": 33239611, "otherCashflowsFromFinancingActivities": -20400654, "totalCashFromFinancingActivities": 33239611, "changeInCash": -11271305}, {"maxAge": 1, "endDate": "2018-03-31", "netIncome": 2468994, "depreciation": 9342466, "changeToNetincome": 7782425, "changeToAccountReceivables": -89150875, "changeToLiabilities": -21693960, "changeToInventory": 4648356, "totalCashFromOperatingActivities": -86602594, "capitalExpenditures": -1485435, "investments": -3570252, "otherCashflowsFromInvestingActivities": 1486655, "totalCashflowsFromInvestingActivities": 11605459, "netBorrowings": 91576048, "otherCashflowsFromFinancingActivities": -20400654, "totalCashFromFinancingActivities": 91576048, "changeInCash": 16578913}, {"maxAge": 1, "endDate": "2017-03-31", "netIncome": 2045077, "depreciation": 9095699, "changeToNetincome": 2457594, "changeToAccountReceivables": 114563418, "changeToLiabilities": -90434097, "changeToInventory": -46098159, "totalCashFromOperatingActivities": -8370468, "capitalExpenditures": -1485435, "investments": -3570252, "otherCashflowsFromInvestingActivities": 1486655, "totalCashflowsFromInvestingActivities": 11605459, "netBorrowings": 6387177, "otherCashflowsFromFinancingActivities": -602980, "totalCashFromFinancingActivities": 5784197, "changeInCash": -2586271}], "maxAge": 86400}, "institutionOwnership": {"maxAge": 1, "ownershipList": []}, "balanceSheetHistoryQuarterly": {"balanceSheetStatements": [{"maxAge": 1, "endDate": "2020-06-30", "totalStockholderEquity": 129821353, "netTangibleAssets": 129821353}, {"maxAge": 1, "endDate": "2020-03-31", "cash": 34424980, "netReceivables": 439834639, "inventory": 139829236, "otherCurrentAssets": 5827511, "totalCurrentAssets": 619916366, "longTermInvestments": 3570252, "propertyPlantEquipment": 94759904, "otherAssets": -3459779, "deferredLongTermAssetCharges": -3459779, "totalAssets": 714786743, "accountsPayable": 200617768, "shortLongTermDebt": 184108533, "otherCurrentLiab": 20961205, "longTermDebt": 179277884, "totalCurrentLiabilities": 405687506, "totalLiab": 584965390, "commonStock": 99882000, "retainedEarnings": 29939353, "totalStockholderEquity": 129821353, "netTangibleAssets": 129821353}, {"maxAge": 1, "endDate": "2019-12-31", "totalStockholderEquity": 131477701, "netTangibleAssets": 131477701}, {"maxAge": 1, "endDate": "2019-09-30", "cash": 27940904, "shortTermInvestments": 2639767, "netReceivables": 614245607, "inventory": 99143254, "otherCurrentAssets": 7829050, "totalCurrentAssets": 751798582, "propertyPlantEquipment": 103835218, "otherAssets": -1565866, "deferredLongTermAssetCharges": -1565866, "totalAssets": 854067934, "accountsPayable": 302302544, "shortLongTermDebt": 144950365, "otherCurrentLiab": 41074636, "longTermDebt": 234262688, "totalCurrentLiabilities": 488327545, "totalLiab": 722590233, "commonStock": 99882000, "retainedEarnings": 31595701, "totalStockholderEquity": 131477701, "netTangibleAssets": 131477701}], "maxAge": 86400}, "indexTrend": {"maxAge": 1, "symbol": "SP5", "peRatio": 19.7411, "pegRatio": 1.34172, "estimates": [{"period": "0q", "growth": 0.549}, {"period": "+1q", "growth": 0.431}, {"period": "0y", "growth": 0.305}, {"period": "+1y", "growth": 0.109}, {"period": "+5y", "growth": 0.120859005}, {"period": "-5y"}]}, "quoteType": {"exchange": "BSE", "quoteType": "EQUITY", "symbol": "UNITINT.BO", "underlyingSymbol": "UNITINT.BO", "shortName": "UNITECH INTERNATIONAL LTD.", "longName": "Unitech International Limited", "firstTradeDateEpochUtc": "2000-01-03 09:15:00", "timeZoneFullName": "Asia/Kolkata", "timeZoneShortName": "IST", "uuid": "a52ebbf9-0808-3028-bf92-0e58c78a5340", "messageBoardId": null, "gmtOffSetMilliseconds": 19800000, "maxAge": 1}, "incomeStatementHistory": {"incomeStatementHistory": [{"maxAge": 1, "endDate": "2020-03-31", "totalRevenue": 1049712000, "costOfRevenue": 958370000, "grossProfit": 91342000, "researchDevelopment": {}, "sellingGeneralAdministrative": 14783000, "nonRecurring": {}, "otherOperatingExpenses": 36297000, "totalOperatingExpenses": 1030058000, "operatingIncome": 19654000, "totalOtherIncomeExpenseNet": -17368000, "ebit": 19654000, "interestExpense": -20401000, "incomeBeforeTax": 2286000, "incomeTaxExpense": 3894000, "minorityInterest": {}, "netIncomeFromContinuingOps": -1608000, "discontinuedOperations": {}, "extraordinaryItems": {}, "effectOfAccountingCharges": {}, "otherItems": {}, "netIncome": -1608000, "netIncomeApplicableToCommonShares": -1608000}, {"maxAge": 1, "endDate": "2019-03-31", "totalRevenue": 1456684787, "costOfRevenue": 1394497874, "grossProfit": 62186913, "researchDevelopment": {}, "sellingGeneralAdministrative": 13895906, "nonRecurring": {}, "otherOperatingExpenses": 13007872, "totalOperatingExpenses": 1431030478, "operatingIncome": 25654309, "totalOtherIncomeExpenseNet": -19441140, "ebit": 25654309, "interestExpense": -23441443, "incomeBeforeTax": 6213169, "incomeTaxExpense": 3020243, "minorityInterest": {}, "netIncomeFromContinuingOps": 3192926, "discontinuedOperations": {}, "extraordinaryItems": {}, "effectOfAccountingCharges": {}, "otherItems": {}, "netIncome": 3192926, "netIncomeApplicableToCommonShares": 3192926}, {"maxAge": 1, "endDate": "2018-03-31", "totalRevenue": 1314630279, "costOfRevenue": 1273893726, "grossProfit": 40736553, "researchDevelopment": {}, "sellingGeneralAdministrative": 8166892, "nonRecurring": {}, "otherOperatingExpenses": 7377477, "totalOperatingExpenses": 1298780561, "operatingIncome": 15849718, "totalOtherIncomeExpenseNet": -11187501, "ebit": 15849718, "interestExpense": -13042344, "incomeBeforeTax": 4662217, "incomeTaxExpense": 2193223, "minorityInterest": {}, "netIncomeFromContinuingOps": 2468994, "discontinuedOperations": {}, "extraordinaryItems": {}, "effectOfAccountingCharges": {}, "otherItems": {}, "netIncome": 2468994, "netIncomeApplicableToCommonShares": 2468994}, {"maxAge": 1, "endDate": "2017-03-31", "totalRevenue": 1359594142, "costOfRevenue": 1321408800, "grossProfit": 38185342, "researchDevelopment": {}, "sellingGeneralAdministrative": 3480812, "nonRecurring": {}, "otherOperatingExpenses": 10366085, "totalOperatingExpenses": 1344351396, "operatingIncome": 15242746, "totalOtherIncomeExpenseNet": -10937547, "ebit": 15242746, "interestExpense": -11441472, "incomeBeforeTax": 4305199, "incomeTaxExpense": 2260122, "minorityInterest": {}, "netIncomeFromContinuingOps": 2045077, "discontinuedOperations": {}, "extraordinaryItems": {}, "effectOfAccountingCharges": {}, "otherItems": {}, "netIncome": 2045077, "netIncomeApplicableToCommonShares": 2045077}], "maxAge": 86400}, "fundOwnership": {"maxAge": 1, "ownershipList": []}, "summaryDetail": {"maxAge": 1, "priceHint": 4, "previousClose": 3.85, "open": 3.85, "dayLow": 3.85, "dayHigh": 3.85, "regularMarketPreviousClose": 3.85, "regularMarketOpen": 3.85, "regularMarketDayLow": 3.85, "regularMarketDayHigh": 3.85, "volume": 1250, "regularMarketVolume": 1250, "averageVolume": 2014, "averageVolume10days": 3917, "averageDailyVolume10Day": 3917, "bid": 3.57, "ask": 3.85, "bidSize": 0, "askSize": 0, "marketCap": 38887696, "fiftyTwoWeekLow": 3.48, "fiftyTwoWeekHigh": 5.86, "fiftyDayAverage": 4.003714, "twoHundredDayAverage": 4.519343, "currency": "INR", "fromCurrency": null, "toCurrency": null, "lastMarket": null, "algorithm": null, "tradeable": false}, "incomeStatementHistoryQuarterly": {"incomeStatementHistory": [{"maxAge": 1, "endDate": "2020-06-30", "totalRevenue": 21166000, "costOfRevenue": 17138000, "grossProfit": 4028000, "researchDevelopment": {}, "sellingGeneralAdministrative": 3026000, "nonRecurring": {}, "otherOperatingExpenses": 3055000, "totalOperatingExpenses": 28520000, "operatingIncome": -7354000, "totalOtherIncomeExpenseNet": -6823000, "ebit": -7354000, "interestExpense": -6822000, "incomeBeforeTax": -14177000, "incomeTaxExpense": 0, "minorityInterest": {}, "netIncomeFromContinuingOps": -14177000, "discontinuedOperations": {}, "extraordinaryItems": {}, "effectOfAccountingCharges": {}, "otherItems": {}, "netIncome": -14177000, "netIncomeApplicableToCommonShares": -14177000}, {"maxAge": 1, "endDate": "2020-03-31", "totalRevenue": 270874000, "costOfRevenue": 236335000, "grossProfit": 34539000, "researchDevelopment": {}, "sellingGeneralAdministrative": 9240000, "nonRecurring": {}, "otherOperatingExpenses": 21364000, "totalOperatingExpenses": 272352000, "operatingIncome": -1478000, "totalOtherIncomeExpenseNet": -260000, "ebit": -1478000, "interestExpense": -2318000, "incomeBeforeTax": -1738000, "incomeTaxExpense": 3947000, "minorityInterest": {}, "netIncomeFromContinuingOps": -5685000, "discontinuedOperations": {}, "extraordinaryItems": {}, "effectOfAccountingCharges": {}, "otherItems": {}, "netIncome": -5685000, "netIncomeApplicableToCommonShares": -5685000}, {"maxAge": 1, "endDate": "2019-12-31", "totalRevenue": 147524000, "costOfRevenue": 133218000, "grossProfit": 14306000, "researchDevelopment": {}, "sellingGeneralAdministrative": 1638000, "nonRecurring": {}, "otherOperatingExpenses": 3746000, "totalOperatingExpenses": 143667000, "operatingIncome": 3857000, "totalOtherIncomeExpenseNet": -3007000, "ebit": 3857000, "interestExpense": -3197000, "incomeBeforeTax": 850000, "incomeTaxExpense": 0, "minorityInterest": {}, "netIncomeFromContinuingOps": 850000, "discontinuedOperations": {}, "extraordinaryItems": {}, "effectOfAccountingCharges": {}, "otherItems": {}, "netIncome": 850000, "netIncomeApplicableToCommonShares": 850000}, {"maxAge": 1, "endDate": "2019-09-30", "totalRevenue": 438905000, "costOfRevenue": 416703000, "grossProfit": 22202000, "researchDevelopment": {}, "sellingGeneralAdministrative": 2512000, "nonRecurring": {}, "otherOperatingExpenses": 5346000, "totalOperatingExpenses": 429626000, "operatingIncome": 9279000, "totalOtherIncomeExpenseNet": -7802000, "ebit": 9279000, "interestExpense": -8258000, "incomeBeforeTax": 1477000, "incomeTaxExpense": 0, "minorityInterest": {}, "netIncomeFromContinuingOps": 1477000, "discontinuedOperations": {}, "extraordinaryItems": {}, "effectOfAccountingCharges": {}, "otherItems": {}, "netIncome": 1477000, "netIncomeApplicableToCommonShares": 1477000}], "maxAge": 86400}, "cashflowStatementHistoryQuarterly": {"cashflowStatements": [{"maxAge": 1, "endDate": "2020-06-30", "netIncome": -14177000, "changeToLiabilities": 0}, {"maxAge": 1, "endDate": "2020-03-31", "netIncome": -5685000, "changeToLiabilities": 0}, {"maxAge": 1, "endDate": "2019-12-31", "netIncome": 850000, "changeToLiabilities": 0}, {"maxAge": 1, "endDate": "2019-09-30", "netIncome": 1477000, "changeToLiabilities": 0}], "maxAge": 86400}, "insiderHolders": {"holders": [], "maxAge": 1}, "calendarEvents": {"maxAge": 1, "earnings": {"earningsDate": []}}, "price": {"maxAge": 1, "regularMarketChangePercent": 0.0, "regularMarketChange": 0.0, "regularMarketTime": "2021-04-29 15:15:00", "priceHint": 4, "regularMarketPrice": 3.85, "regularMarketDayHigh": 3.85, "regularMarketDayLow": 3.85, "regularMarketVolume": 1250, "averageDailyVolume10Day": 3917, "averageDailyVolume3Month": 2014, "regularMarketPreviousClose": 3.85, "regularMarketSource": "FREE_REALTIME", "regularMarketOpen": 3.85, "exchange": "BSE", "exchangeName": "BSE", "exchangeDataDelayedBy": 0, "marketState": "CLOSED", "quoteType": "EQUITY", "symbol": "UNITINT.BO", "underlyingSymbol": null, "shortName": "UNITECH INTERNATIONAL LTD.", "longName": "Unitech International Limited", "currency": "INR", "quoteSourceName": "Delayed Quote", "currencySymbol": "\u20b9", "fromCurrency": null, "toCurrency": null, "lastMarket": null, "marketCap": 38887696}, "balanceSheetHistory": {"balanceSheetStatements": [{"maxAge": 1, "endDate": "2020-03-31", "cash": 34424980, "netReceivables": 439834639, "inventory": 139829236, "otherCurrentAssets": 5827511, "totalCurrentAssets": 619916366, "longTermInvestments": 3570252, "propertyPlantEquipment": 94759904, "otherAssets": -3459779, "deferredLongTermAssetCharges": -3459779, "totalAssets": 714786743, "accountsPayable": 200617768, "shortLongTermDebt": 184108533, "otherCurrentLiab": 20961205, "longTermDebt": 179277884, "totalCurrentLiabilities": 405687506, "totalLiab": 584965390, "commonStock": 99882000, "retainedEarnings": 29939353, "totalStockholderEquity": 129821353, "netTangibleAssets": 129821353}, {"maxAge": 1, "endDate": "2019-03-31", "cash": 27999930, "netReceivables": 387504859, "inventory": 99990230, "otherCurrentAssets": 5406325, "totalCurrentAssets": 520901344, "propertyPlantEquipment": 113882877, "otherAssets": -1565865, "deferredLongTermAssetCharges": -1565866, "totalAssets": 633218356, "accountsPayable": 214720184, "shortLongTermDebt": 12633331, "otherCurrentLiab": 4048561, "longTermDebt": 121692636, "totalCurrentLiabilities": 384308019, "totalLiab": 506000655, "commonStock": 99882000, "retainedEarnings": 27335701, "totalStockholderEquity": 127217701, "netTangibleAssets": 127217701}, {"maxAge": 1, "endDate": "2018-03-31", "cash": 39271233, "netReceivables": 255688791, "inventory": 95739772, "otherCurrentAssets": 3689782, "totalCurrentAssets": 394389578, "propertyPlantEquipment": 120422778, "otherAssets": 372577, "deferredLongTermAssetCharges": -545623, "totalAssets": 515184933, "accountsPayable": 141669589, "shortLongTermDebt": 4486025, "otherCurrentLiab": 2972365, "longTermDebt": 105803863, "otherLiab": 1, "totalCurrentLiabilities": 285356294, "totalLiab": 391160158, "commonStock": 99882000, "retainedEarnings": 24142775, "totalStockholderEquity": 124024775, "netTangibleAssets": 124024775}, {"maxAge": 1, "endDate": "2017-03-31", "cash": 22692320, "netReceivables": 165260477, "inventory": 100388128, "otherCurrentAssets": 4967221, "totalCurrentAssets": 293308146, "propertyPlantEquipment": 141370702, "otherAssets": 1065802, "deferredLongTermAssetCharges": 147600, "totalAssets": 435744650, "accountsPayable": 163363548, "shortLongTermDebt": 4647916, "otherCurrentLiab": 1937894, "longTermDebt": 91342686, "otherLiab": 1, "totalCurrentLiabilities": 222846181, "totalLiab": 314188868, "commonStock": 99882000, "retainedEarnings": 21673782, "totalStockholderEquity": 121555782, "netTangibleAssets": 121555782}], "maxAge": 86400}, "financialData": {"maxAge": 86400, "currentPrice": 3.85, "recommendationKey": "none", "grossProfits": 91342000, "financialCurrency": "INR"}}}