{"UNITY.BO": {"cashflowStatementHistory": {"cashflowStatements": [{"maxAge": 1, "endDate": "2017-03-31", "netIncome": -11697755000, "depreciation": 135209000, "changeToNetincome": 3193976000, "changeToAccountReceivables": 991923000, "changeToLiabilities": 655121000, "changeToInventory": 1506444000, "changeToOperatingActivities": 2736859000, "totalCashFromOperatingActivities": -2474474000, "capitalExpenditures": -365000, "otherCashflowsFromInvestingActivities": 5000, "totalCashflowsFromInvestingActivities": -390419000, "netBorrowings": 2759752000, "otherCashflowsFromFinancingActivities": 91931000, "totalCashFromFinancingActivities": 2851683000, "changeInCash": -13210000}, {"maxAge": 1, "endDate": "2016-03-31", "netIncome": -5569852000, "depreciation": 233224000, "changeToNetincome": 3079711000, "changeToAccountReceivables": 4305495000, "changeToLiabilities": -1573797000, "changeToInventory": -315109000, "changeToOperatingActivities": -1730936000, "totalCashFromOperatingActivities": -1566807000, "capitalExpenditures": -578655000, "otherCashflowsFromInvestingActivities": 8000, "totalCashflowsFromInvestingActivities": 2878039000, "netBorrowings": -2610012000, "otherCashflowsFromFinancingActivities": 792461000, "totalCashFromFinancingActivities": -1257006000, "changeInCash": 54227000, "issuanceOfStock": 560545000}, {"maxAge": 1, "endDate": "2015-03-31", "netIncome": -3417073000, "depreciation": 320987000, "changeToNetincome": 2954510000, "changeToAccountReceivables": 1337392000, "changeToLiabilities": -1190257000, "changeToInventory": 1772389000, "changeToOperatingActivities": -12225092000, "totalCashFromOperatingActivities": -10441607000, "capitalExpenditures": -696373000, "investments": 38793000, "otherCashflowsFromInvestingActivities": 44838000, "totalCashflowsFromInvestingActivities": -606582000, "netBorrowings": 9522900000, "otherCashflowsFromFinancingActivities": -238278000, "totalCashFromFinancingActivities": 10011722000, "changeInCash": -1036467000, "issuanceOfStock": 727100000}, {"maxAge": 1, "endDate": "2014-03-31", "netIncome": 62276000, "depreciation": 257710000, "changeToNetincome": 2372965000, "changeToAccountReceivables": -4038620000, "changeToLiabilities": 1225292000, "changeToInventory": 1835264000, "changeToOperatingActivities": -3055027000, "totalCashFromOperatingActivities": -1333534000, "capitalExpenditures": -1558904000, "investments": -8454000, "otherCashflowsFromInvestingActivities": 157048000, "totalCashflowsFromInvestingActivities": -1403331000, "dividendsPaid": -14817000, "netBorrowings": 5661353000, "otherCashflowsFromFinancingActivities": -2643545000, "totalCashFromFinancingActivities": 3002991000, "changeInCash": 266127000, "issuanceOfStock": 727100000}], "maxAge": 86400}, "institutionOwnership": {"ownershipList": [], "maxAge": 1}, "balanceSheetHistoryQuarterly": {"balanceSheetStatements": [{"maxAge": 1, "endDate": "2007-12-31"}, {"maxAge": 1, "endDate": "2007-03-31", "cash": 1066754000, "netReceivables": 2004185000, "inventory": 312613000, "otherCurrentAssets": 1420819000, "totalCurrentAssets": 5224147000, "longTermInvestments": 484505000, "propertyPlantEquipment": 394984000, "otherAssets": 2169000, "totalAssets": 6105805000, "accountsPayable": 707058000, "otherCurrentLiab": 1043448000, "longTermDebt": 677098000, "otherLiab": 4628000, "deferredLongTermLiab": 2169000, "totalCurrentLiabilities": 2403735000, "totalLiab": 3085461000, "commonStock": 133680000, "retainedEarnings": 744697000, "capitalSurplus": 2141967000, "totalStockholderEquity": 3020344000, "netTangibleAssets": 3020344000}, {"maxAge": 1, "endDate": "2006-12-31"}, {"maxAge": 1, "endDate": "2006-09-30"}], "maxAge": 86400}, "indexTrend": {"maxAge": 1, "symbol": "SP5", "peRatio": 19.7411, "pegRatio": 1.34172, "estimates": [{"period": "0q", "growth": 0.549}, {"period": "+1q", "growth": 0.431}, {"period": "0y", "growth": 0.305}, {"period": "+1y", "growth": 0.109}, {"period": "+5y", "growth": 0.120865}, {"period": "-5y"}]}, "insiderTransactions": {"transactions": [{"maxAge": 1, "shares": 50000, "filerUrl": "", "transactionText": "", "filerName": "Joshi (Chaitanya)", "filerRelation": "Director (Non-Executive)", "moneyText": "", "startDate": "2011-11-17", "ownership": "D"}, {"maxAge": 1, "shares": 640000, "filerUrl": "", "transactionText": "", "filerName": "Kotak Mahindra Investments, Ltd.", "filerRelation": "UNREPORTED", "moneyText": "", "startDate": "2009-12-24", "ownership": "D"}], "maxAge": 1}, "quoteType": {"exchange": "BSE", "quoteType": "EQUITY", "symbol": "UNITY.BO", "underlyingSymbol": "UNITY.BO", "shortName": "UNITY INFRAPROJECTS LTD.", "longName": "Unity Infraprojects Limited", "firstTradeDateEpochUtc": "2006-06-12 09:15:00", "timeZoneFullName": "Asia/Kolkata", "timeZoneShortName": "IST", "uuid": "b455920e-6c06-32f9-8d65-9c1751c6011a", "gmtOffSetMilliseconds": 19800000, "maxAge": 1}, "incomeStatementHistory": {"incomeStatementHistory": [{"maxAge": 1, "endDate": "2017-03-31", "totalRevenue": 2473251000, "costOfRevenue": 9033609000, "grossProfit": -6560358000, "researchDevelopment": {}, "sellingGeneralAdministrative": 143818000, "nonRecurring": {}, "otherOperatingExpenses": 1323596000, "totalOperatingExpenses": 10639981000, "operatingIncome": -8166730000, "totalOtherIncomeExpenseNet": -3624560000, "ebit": -8166730000, "interestExpense": -3202389000, "incomeBeforeTax": -11791290000, "incomeTaxExpense": -93535000, "minorityInterest": -10000, "netIncomeFromContinuingOps": -11697755000, "discontinuedOperations": {}, "extraordinaryItems": {}, "effectOfAccountingCharges": {}, "otherItems": {}, "netIncome": -11697755000, "netIncomeApplicableToCommonShares": -11688006000}, {"maxAge": 1, "endDate": "2016-03-31", "totalRevenue": 4370650000, "costOfRevenue": 4887620000, "grossProfit": -516970000, "researchDevelopment": {}, "sellingGeneralAdministrative": 399860000, "nonRecurring": {}, "otherOperatingExpenses": 622621000, "totalOperatingExpenses": 6147782000, "operatingIncome": -1777132000, "totalOtherIncomeExpenseNet": -3791919000, "ebit": -1777132000, "interestExpense": -3387141000, "incomeBeforeTax": -5569051000, "incomeTaxExpense": 801000, "minorityInterest": 1000, "netIncomeFromContinuingOps": -5569852000, "discontinuedOperations": {}, "extraordinaryItems": {}, "effectOfAccountingCharges": {}, "otherItems": {}, "netIncome": -5569852000, "netIncomeApplicableToCommonShares": -5569852000}, {"maxAge": 1, "endDate": "2015-03-31", "totalRevenue": 10994714000, "costOfRevenue": 9996075000, "grossProfit": 998639000, "researchDevelopment": {}, "sellingGeneralAdministrative": 826918000, "nonRecurring": {}, "otherOperatingExpenses": 458939000, "totalOperatingExpenses": 11608455000, "operatingIncome": -613741000, "totalOtherIncomeExpenseNet": -2729182000, "ebit": -613741000, "interestExpense": -2858158000, "incomeBeforeTax": -3342923000, "incomeTaxExpense": 74150000, "minorityInterest": 3000, "netIncomeFromContinuingOps": -3417073000, "discontinuedOperations": {}, "extraordinaryItems": {}, "effectOfAccountingCharges": {}, "otherItems": {}, "netIncome": -3417073000, "netIncomeApplicableToCommonShares": -3417073000}, {"maxAge": 1, "endDate": "2014-03-31", "totalRevenue": 23036135000, "costOfRevenue": 18072879000, "grossProfit": 4963256000, "researchDevelopment": {}, "sellingGeneralAdministrative": 1479868000, "nonRecurring": {}, "otherOperatingExpenses": 672996000, "totalOperatingExpenses": 20490059000, "operatingIncome": 2546076000, "totalOtherIncomeExpenseNet": -2515722000, "ebit": 2546076000, "interestExpense": -2436142000, "incomeBeforeTax": 30354000, "incomeTaxExpense": -31932000, "minorityInterest": 13000, "netIncomeFromContinuingOps": 62286000, "discontinuedOperations": {}, "extraordinaryItems": {}, "effectOfAccountingCharges": {}, "otherItems": {}, "netIncome": 62276000, "netIncomeApplicableToCommonShares": 62276000}], "maxAge": 86400}, "fundOwnership": {"ownershipList": [], "maxAge": 1}, "summaryDetail": {"maxAge": 1, "priceHint": 4, "previousClose": 0.82, "open": 0.8, "dayLow": 0.8, "dayHigh": 0.83, "regularMarketPreviousClose": 0.82, "regularMarketOpen": 0.8, "regularMarketDayLow": 0.8, "regularMarketDayHigh": 0.83, "volume": 11870, "regularMarketVolume": 11870, "averageVolume": 6848, "averageVolume10days": 2915, "averageDailyVolume10Day": 2915, "bid": 0.83, "ask": 0.89, "bidSize": 0, "askSize": 0, "marketCap": 100327904, "fiftyTwoWeekLow": 0.26, "fiftyTwoWeekHigh": 1.58, "fiftyDayAverage": 1.2590909, "twoHundredDayAverage": 1.0911765, "currency": "INR", "fromCurrency": null, "lastMarket": null, "algorithm": null, "tradeable": false}, "incomeStatementHistoryQuarterly": {"incomeStatementHistory": [{"maxAge": 1, "endDate": "2007-12-31", "totalRevenue": 2316280000, "costOfRevenue": 1891380000, "grossProfit": 424900000, "researchDevelopment": {}, "sellingGeneralAdministrative": 79590000, "nonRecurring": {}, "otherOperatingExpenses": 29030000, "totalOperatingExpenses": 2018330000, "operatingIncome": 297950000, "totalOtherIncomeExpenseNet": -40370000, "ebit": 297950000, "interestExpense": -61250000, "incomeBeforeTax": 257580000, "incomeTaxExpense": 79980000, "minorityInterest": {}, "netIncomeFromContinuingOps": 177600000, "discontinuedOperations": {}, "extraordinaryItems": {}, "effectOfAccountingCharges": {}, "otherItems": {}, "netIncome": 177600000, "netIncomeApplicableToCommonShares": 177600000}, {"maxAge": 1, "endDate": "2007-03-31", "totalRevenue": 1794243000, "costOfRevenue": 1477779000, "grossProfit": 316464000, "researchDevelopment": {}, "sellingGeneralAdministrative": 180162000, "nonRecurring": {}, "otherOperatingExpenses": -85350000, "totalOperatingExpenses": 1586523000, "operatingIncome": 207720000, "totalOtherIncomeExpenseNet": 7249000, "ebit": 207720000, "interestExpense": -6093000, "incomeBeforeTax": 214969000, "incomeTaxExpense": 142832000, "minorityInterest": {}, "netIncomeFromContinuingOps": 72137000, "discontinuedOperations": {}, "extraordinaryItems": {}, "effectOfAccountingCharges": {}, "otherItems": {}, "netIncome": 72117000, "netIncomeApplicableToCommonShares": 72117000}, {"maxAge": 1, "endDate": "2006-12-31", "totalRevenue": 1560010000, "costOfRevenue": 1259966000, "grossProfit": 300044000, "researchDevelopment": {}, "sellingGeneralAdministrative": 40422000, "nonRecurring": {}, "otherOperatingExpenses": 40952000, "totalOperatingExpenses": 1362970000, "operatingIncome": 197040000, "totalOtherIncomeExpenseNet": -14160000, "ebit": 197040000, "interestExpense": -27190000, "incomeBeforeTax": 182880000, "incomeTaxExpense": 46950000, "minorityInterest": {}, "netIncomeFromContinuingOps": 135930000, "discontinuedOperations": {}, "extraordinaryItems": {}, "effectOfAccountingCharges": {}, "otherItems": {}, "netIncome": 135930000, "netIncomeApplicableToCommonShares": 135930000}, {"maxAge": 1, "endDate": "2006-09-30", "totalRevenue": 1003111000, "costOfRevenue": 827669000, "grossProfit": 175442000, "researchDevelopment": {}, "sellingGeneralAdministrative": 29775000, "nonRecurring": {}, "otherOperatingExpenses": 22558000, "totalOperatingExpenses": 892029000, "operatingIncome": 111082000, "totalOtherIncomeExpenseNet": 5117000, "ebit": 111082000, "interestExpense": -20546000, "incomeBeforeTax": 116199000, "incomeTaxExpense": 27336000, "minorityInterest": {}, "netIncomeFromContinuingOps": 88863000, "discontinuedOperations": {}, "extraordinaryItems": {}, "effectOfAccountingCharges": {}, "otherItems": {}, "netIncome": 88863000, "netIncomeApplicableToCommonShares": 88863000}], "maxAge": 86400}, "cashflowStatementHistoryQuarterly": {"cashflowStatements": [{"maxAge": 1, "endDate": "2007-12-31", "netIncome": 177600000, "changeToLiabilities": 0}, {"maxAge": 1, "endDate": "2007-03-31", "netIncome": 72117000, "changeToLiabilities": 0}, {"maxAge": 1, "endDate": "2006-12-31", "netIncome": 135930000, "changeToLiabilities": 0}, {"maxAge": 1, "endDate": "2006-09-30", "netIncome": 88863000, "changeToLiabilities": 0}], "maxAge": 86400}, "insiderHolders": {"holders": [{"maxAge": 1, "name": "Joshi (Chaitanya)", "relation": "Director (Non-Executive)", "url": "", "transactionDescription": "Acquisition", "latestTransDate": "2011-11-17", "positionDirect": 50000, "positionDirectDate": "2011-11-17"}, {"maxAge": 1, "name": "Kotak Mahindra Investments, Ltd.", "relation": "UNREPORTED", "url": "", "transactionDescription": "Acquisition", "latestTransDate": "2009-12-24", "positionDirect": 994100, "positionDirectDate": "2009-12-24"}], "maxAge": 1}, "calendarEvents": {"maxAge": 1, "earnings": {"earningsDate": ["2018-05-17 05:30:S", "2018-05-18 05:30:S"]}}, "upgradeDowngradeHistory": {"history": [], "maxAge": 86400}, "price": {"maxAge": 1, "regularMarketChangePercent": 0.01219511, "regularMarketChange": 0.00999999, "regularMarketTime": "2021-04-30 15:18:25", "priceHint": 4, "regularMarketPrice": 0.83, "regularMarketDayHigh": 0.83, "regularMarketDayLow": 0.8, "regularMarketVolume": 11870, "averageDailyVolume10Day": 2915, "averageDailyVolume3Month": 6848, "regularMarketPreviousClose": 0.82, "regularMarketSource": "FREE_REALTIME", "regularMarketOpen": 0.8, "exchange": "BSE", "exchangeName": "BSE", "exchangeDataDelayedBy": 0, "marketState": "CLOSED", "quoteType": "EQUITY", "symbol": "UNITY.BO", "underlyingSymbol": null, "shortName": "UNITY INFRAPROJECTS LTD.", "longName": "Unity Infraprojects Limited", "currency": "INR", "quoteSourceName": "Delayed Quote", "currencySymbol": "\u20b9", "fromCurrency": null, "lastMarket": null, "marketCap": 100327904}, "balanceSheetHistory": {"balanceSheetStatements": [{"maxAge": 1, "endDate": "2017-03-31", "cash": 139735000, "shortTermInvestments": 16865000, "netReceivables": 6380110000, "inventory": 3736681000, "otherCurrentAssets": 4677053000, "totalCurrentAssets": 14978670000, "longTermInvestments": 683195000, "propertyPlantEquipment": 3546336000, "goodWill": 98615000, "intangibleAssets": 15111000, "otherAssets": 16723619000, "totalAssets": 36045546000, "accountsPayable": 2294554000, "shortLongTermDebt": 601369000, "otherCurrentLiab": 2411335000, "longTermDebt": 19088713000, "otherLiab": 117869000, "minorityInterest": -10000, "totalCurrentLiabilities": 27869107000, "totalLiab": 47075689000, "commonStock": 241754000, "retainedEarnings": -15298109000, "capitalSurplus": 4026222000, "totalStockholderEquity": -11030133000, "netTangibleAssets": -11143859000}, {"maxAge": 1, "endDate": "2016-03-31", "cash": 166394000, "shortTermInvestments": 3509000, "netReceivables": 6573991000, "inventory": 5243125000, "otherCurrentAssets": 9039811000, "totalCurrentAssets": 21030468000, "longTermInvestments": 272135000, "propertyPlantEquipment": 3788718000, "goodWill": 98615000, "intangibleAssets": 3494447000, "otherAssets": 9508186000, "totalAssets": 38192569000, "accountsPayable": 1773299000, "shortLongTermDebt": 604364000, "otherCurrentLiab": 2353605000, "longTermDebt": 22038144000, "otherLiab": 108801000, "minorityInterest": 1000, "totalCurrentLiabilities": 15387473000, "totalLiab": 37534418000, "commonStock": 241754000, "retainedEarnings": -3609825000, "treasuryStock": -1000, "capitalSurplus": 4026222000, "otherStockholderEquity": -1000, "totalStockholderEquity": 658150000, "netTangibleAssets": -2934912000}, {"maxAge": 1, "endDate": "2015-03-31", "cash": 386234000, "shortTermInvestments": 942141000, "netReceivables": 10469179000, "inventory": 4927300000, "otherCurrentAssets": 9161398000, "totalCurrentAssets": 26087842000, "longTermInvestments": 178995000, "propertyPlantEquipment": 7000640000, "goodWill": 98615000, "intangibleAssets": 22146000, "otherAssets": 8479244000, "totalAssets": 41867482000, "accountsPayable": 1721176000, "shortLongTermDebt": 43199000, "otherCurrentLiab": 1479532000, "longTermDebt": 25633162000, "otherLiab": 112653000, "minorityInterest": 3000, "totalCurrentLiabilities": 10357808000, "totalLiab": 36103623000, "commonStock": 148175000, "retainedEarnings": 617800000, "treasuryStock": 2165725000, "capitalSurplus": 2832156000, "otherStockholderEquity": 2165725000, "totalStockholderEquity": 5763856000, "netTangibleAssets": 5643095000}, {"maxAge": 1, "endDate": "2014-03-31", "cash": 1422705000, "shortTermInvestments": 646171000, "netReceivables": 11678755000, "inventory": 6699689000, "otherCurrentAssets": 4237556000, "totalCurrentAssets": 24908410000, "longTermInvestments": 240528000, "propertyPlantEquipment": 6650223000, "goodWill": 98615000, "intangibleAssets": 27683000, "otherAssets": 8018666000, "deferredLongTermAssetCharges": 53724000, "totalAssets": 39944125000, "accountsPayable": 2323813000, "shortLongTermDebt": 4937376000, "otherCurrentLiab": 1259733000, "longTermDebt": 6333338000, "otherLiab": 77460000, "minorityInterest": 13000, "totalCurrentLiabilities": 25049871000, "totalLiab": 31460669000, "commonStock": 148175000, "retainedEarnings": 617800000, "treasuryStock": 4885312000, "capitalSurplus": 2832156000, "otherStockholderEquity": 4885312000, "totalStockholderEquity": 8483443000, "netTangibleAssets": 8357145000}], "maxAge": 86400}, "financialData": {"maxAge": 86400, "currentPrice": 0.83, "recommendationKey": "none", "grossProfits": -6560358000, "financialCurrency": "INR"}}}