{"UNITEDTEA.NS": {"assetProfile": {"address1": "No. 3, Savithri Shanmugam Road", "address2": "Race Course", "city": "Coimbatore", "zip": "641018", "country": "India", "phone": "91 42 2222 0566", "fax": "91 42 2222 2865", "website": "http://www.unitednilgiritea.com", "industry": "Farm Products", "sector": "Consumer Defensive", "longBusinessSummary": "The United Nilgiri Tea Estates Company Limited engages in growing, manufacturing, and selling teas in India. The company offers black, special, green, herbal, and gift teas. It is also involved in letting-out of properties. The company also exports its products to Australia, Congo, Canada, Germany, the Netherlands, Denmark, Finland, Japan, the United States, and the United Kingdom. The United Nilgiri Tea Estates Company Limited was founded in 1922 and is based in Coimbatore, India.", "fullTimeEmployees": 1029, "companyOfficers": [{"maxAge": 1, "name": "Mr. Titus Gerard Beverly Pinto", "age": 64, "title": "Whole-Time Director", "yearBorn": 1956, "fiscalYear": 2020, "totalPay": 5004156, "exercisedValue": 0, "unexercisedValue": 0}, {"maxAge": 1, "name": "Mr. Sankaranarayanan  Raghuraman Esq.", "title": "Chief Financial Officer", "fiscalYear": 2020, "totalPay": 3462909, "exercisedValue": 0, "unexercisedValue": 0}, {"maxAge": 1, "name": "Mr. R. V. Sridharan", "title": "Company Sec. & Compliance Officer", "fiscalYear": 2020, "totalPay": 900000, "exercisedValue": 0, "unexercisedValue": 0}], "compensationAsOfEpochDate": "2020-12-31 05:30:00", "maxAge": 86400}, "cashflowStatementHistory": {"cashflowStatements": [{"maxAge": 1, "endDate": "2020-03-31", "netIncome": 107119000, "depreciation": 27607000, "changeToNetincome": -34343000, "changeToAccountReceivables": -27593000, "changeToLiabilities": 4948000, "changeToInventory": -3087000, "changeToOperatingActivities": 7903000, "totalCashFromOperatingActivities": 82622000, "capitalExpenditures": -87742000, "investments": 13356000, "otherCashflowsFromInvestingActivities": 34846000, "totalCashflowsFromInvestingActivities": -39008000, "dividendsPaid": -13491000, "otherCashflowsFromFinancingActivities": -2773000, "totalCashFromFinancingActivities": -16264000, "changeInCash": 27349000}, {"maxAge": 1, "endDate": "2019-03-31", "netIncome": 143723000, "depreciation": 26928000, "changeToNetincome": -55903000, "changeToAccountReceivables": 8914000, "changeToLiabilities": 2678000, "changeToInventory": -13901000, "changeToOperatingActivities": -7303000, "totalCashFromOperatingActivities": 105354000, "capitalExpenditures": -50250000, "investments": -52321000, "otherCashflowsFromInvestingActivities": 6528000, "totalCashflowsFromInvestingActivities": -95059000, "dividendsPaid": -13491000, "otherCashflowsFromFinancingActivities": -2773000, "totalCashFromFinancingActivities": -16264000, "changeInCash": -5969000}, {"maxAge": 1, "endDate": "2018-03-31", "netIncome": 121504000, "depreciation": 26329000, "changeToNetincome": -53648000, "changeToAccountReceivables": -32724000, "changeToLiabilities": 6837000, "changeToInventory": -5574000, "changeToOperatingActivities": 431000, "totalCashFromOperatingActivities": 63380000, "capitalExpenditures": -33942000, "investments": -49181000, "otherCashflowsFromInvestingActivities": 19692000, "totalCashflowsFromInvestingActivities": -62488000, "dividendsPaid": -13491000, "otherCashflowsFromFinancingActivities": -2746000, "totalCashFromFinancingActivities": -16237000, "effectOfExchangeRate": 164000, "changeInCash": -15181000}, {"maxAge": 1, "endDate": "2017-03-31", "netIncome": 91632000, "depreciation": 26265000, "changeToNetincome": -25853000, "changeToAccountReceivables": 34653000, "changeToLiabilities": 4000, "changeToInventory": -15227000, "changeToOperatingActivities": -16792000, "totalCashFromOperatingActivities": 94845000, "capitalExpenditures": -26935000, "investments": -64560000, "otherCashflowsFromInvestingActivities": 21488000, "totalCashflowsFromInvestingActivities": -69494000, "dividendsPaid": -13513000, "otherCashflowsFromFinancingActivities": -3763000, "totalCashFromFinancingActivities": -17276000, "effectOfExchangeRate": -93000, "changeInCash": 7982000}], "maxAge": 86400}, "institutionOwnership": {"ownershipList": [], "maxAge": 1}, "majorHoldersBreakdown": {"maxAge": 1}, "balanceSheetHistoryQuarterly": {"balanceSheetStatements": [{"maxAge": 1, "endDate": "2020-12-31", "totalStockholderEquity": 1608534000, "netTangibleAssets": 1608497000}, {"maxAge": 1, "endDate": "2020-09-30", "cash": 104681000, "shortTermInvestments": 164109000, "netReceivables": 105183000, "inventory": 82325000, "otherCurrentAssets": 9849000, "totalCurrentAssets": 466147000, "longTermInvestments": 803987000, "propertyPlantEquipment": 292086000, "intangibleAssets": 37000, "otherAssets": 176316000, "totalAssets": 1738573000, "accountsPayable": 27294000, "otherCurrentLiab": 66060000, "otherLiab": 36246000, "totalCurrentLiabilities": 93793000, "totalLiab": 130039000, "commonStock": 49966000, "treasuryStock": 1558568000, "otherStockholderEquity": 1558568000, "totalStockholderEquity": 1608534000, "netTangibleAssets": 1608497000}, {"maxAge": 1, "endDate": "2020-06-30", "totalStockholderEquity": 1544960000, "netTangibleAssets": 1544915000}, {"maxAge": 1, "endDate": "2020-03-31", "cash": 35463000, "shortTermInvestments": 62454000, "netReceivables": 106649000, "inventory": 66257000, "otherCurrentAssets": 13068000, "totalCurrentAssets": 297432000, "longTermInvestments": 757774000, "propertyPlantEquipment": 296688000, "intangibleAssets": 45000, "otherAssets": 283974000, "totalAssets": 1635913000, "accountsPayable": 19155000, "otherCurrentLiab": 18038000, "otherLiab": 24925000, "totalCurrentLiabilities": 66028000, "totalLiab": 90953000, "commonStock": 49966000, "retainedEarnings": 1211263000, "treasuryStock": 283731000, "otherStockholderEquity": 283731000, "totalStockholderEquity": 1544960000, "netTangibleAssets": 1544915000}], "maxAge": 86400}, "indexTrend": {"maxAge": 1, "symbol": "SP5", "peRatio": 19.7411, "pegRatio": 1.34172, "estimates": [{"period": "0q", "growth": 0.549}, {"period": "+1q", "growth": 0.431}, {"period": "0y", "growth": 0.305}, {"period": "+1y", "growth": 0.109}, {"period": "+5y", "growth": 0.120865}, {"period": "-5y"}]}, "defaultKeyStatistics": {"maxAge": 1, "priceHint": 2, "enterpriseValue": 1245600384, "profitMargins": 0.22099, "floatShares": 4182907, "sharesOutstanding": 4996570, "beta": 0.745545, "category": null, "bookValue": 321.782, "priceToBook": 0.9414759, "fundFamily": null, "legalType": null, "lastFiscalYearEnd": "2020-03-31 05:30:00", "nextFiscalYearEnd": "2022-03-31 05:30:00", "mostRecentQuarter": "2020-12-31 05:30:00", "earningsQuarterlyGrowth": -0.012, "netIncomeToCommon": 144804000, "trailingEps": 28.975, "lastSplitFactor": null, "enterpriseToRevenue": 1.901, "enterpriseToEbitda": 9.628}, "summaryProfile": {"address1": "No. 3, Savithri Shanmugam Road", "address2": "Race Course", "city": "Coimbatore", "zip": "641018", "country": "India", "phone": "91 42 2222 0566", "fax": "91 42 2222 2865", "website": "http://www.unitednilgiritea.com", "industry": "Farm Products", "sector": "Consumer Defensive", "longBusinessSummary": "The United Nilgiri Tea Estates Company Limited engages in growing, manufacturing, and selling teas in India. The company offers black, special, green, herbal, and gift teas. It is also involved in letting-out of properties. The company also exports its products to Australia, Congo, Canada, Germany, the Netherlands, Denmark, Finland, Japan, the United States, and the United Kingdom. The United Nilgiri Tea Estates Company Limited was founded in 1922 and is based in Coimbatore, India.", "fullTimeEmployees": 1029, "companyOfficers": [], "maxAge": 86400}, "netSharePurchaseActivity": {"maxAge": 1, "period": "6m", "buyInfoCount": 0, "buyInfoShares": 0, "sellInfoCount": 0, "netInfoCount": 0, "netInfoShares": 0, "totalInsiderShares": 0}, "quoteType": {"exchange": "NSI", "quoteType": "EQUITY", "symbol": "UNITEDTEA.NS", "underlyingSymbol": "UNITEDTEA.NS", "shortName": "UNITED NILGIRI TEA", "longName": "The United Nilgiri Tea Estates Company Limited", "firstTradeDateEpochUtc": "2010-01-08 09:15:00", "timeZoneFullName": "Asia/Kolkata", "timeZoneShortName": "IST", "uuid": "0ad77bb5-faf4-3a56-9e07-d7a2cd8eac79", "gmtOffSetMilliseconds": 19800000, "maxAge": 1}, "incomeStatementHistory": {"incomeStatementHistory": [{"maxAge": 1, "endDate": "2020-03-31", "totalRevenue": 628220000, "costOfRevenue": 147102000, "grossProfit": 481118000, "researchDevelopment": {}, "sellingGeneralAdministrative": 186316000, "nonRecurring": {}, "otherOperatingExpenses": 166967000, "totalOperatingExpenses": 528060000, "operatingIncome": 100160000, "totalOtherIncomeExpenseNet": 38622000, "ebit": 100160000, "interestExpense": -495000, "incomeBeforeTax": 138782000, "incomeTaxExpense": 31663000, "minorityInterest": {}, "netIncomeFromContinuingOps": 107119000, "discontinuedOperations": {}, "extraordinaryItems": {}, "effectOfAccountingCharges": {}, "otherItems": {}, "netIncome": 107119000, "netIncomeApplicableToCommonShares": 107119000}, {"maxAge": 1, "endDate": "2019-03-31", "totalRevenue": 657003000, "costOfRevenue": 171695000, "grossProfit": 485308000, "researchDevelopment": {}, "sellingGeneralAdministrative": 176909000, "nonRecurring": {}, "otherOperatingExpenses": 163599000, "totalOperatingExpenses": 539349000, "operatingIncome": 117654000, "totalOtherIncomeExpenseNet": 52356000, "ebit": 117654000, "interestExpense": -714000, "incomeBeforeTax": 170010000, "incomeTaxExpense": 26287000, "minorityInterest": {}, "netIncomeFromContinuingOps": 143723000, "discontinuedOperations": {}, "extraordinaryItems": {}, "effectOfAccountingCharges": {}, "otherItems": {}, "netIncome": 143723000, "netIncomeApplicableToCommonShares": 143723000}, {"maxAge": 1, "endDate": "2018-03-31", "totalRevenue": 618017000, "costOfRevenue": 140136000, "grossProfit": 477881000, "researchDevelopment": {}, "sellingGeneralAdministrative": 184003000, "nonRecurring": {}, "otherOperatingExpenses": 164233000, "totalOperatingExpenses": 514926000, "operatingIncome": 103091000, "totalOtherIncomeExpenseNet": 49917000, "ebit": 103091000, "interestExpense": -683000, "incomeBeforeTax": 153008000, "incomeTaxExpense": 31504000, "minorityInterest": {}, "netIncomeFromContinuingOps": 121504000, "discontinuedOperations": {}, "extraordinaryItems": {}, "effectOfAccountingCharges": {}, "otherItems": {}, "netIncome": 121504000, "netIncomeApplicableToCommonShares": 121504000}, {"maxAge": 1, "endDate": "2017-03-31", "totalRevenue": 544877000, "costOfRevenue": 128648000, "grossProfit": 416229000, "researchDevelopment": {}, "sellingGeneralAdministrative": 152820000, "nonRecurring": {}, "otherOperatingExpenses": 136330000, "totalOperatingExpenses": 444227000, "operatingIncome": 100650000, "totalOtherIncomeExpenseNet": 21324000, "ebit": 100650000, "interestExpense": -646000, "incomeBeforeTax": 121974000, "incomeTaxExpense": 30342000, "minorityInterest": {}, "netIncomeFromContinuingOps": 91632000, "discontinuedOperations": {}, "extraordinaryItems": {}, "effectOfAccountingCharges": {}, "otherItems": {}, "netIncome": 91632000, "netIncomeApplicableToCommonShares": 91632000}], "maxAge": 86400}, "fundOwnership": {"ownershipList": [], "maxAge": 1}, "summaryDetail": {"maxAge": 1, "priceHint": 2, "previousClose": 299.1, "open": 306.1, "dayLow": 299.65, "dayHigh": 309.0, "regularMarketPreviousClose": 299.1, "regularMarketOpen": 306.1, "regularMarketDayLow": 299.65, "regularMarketDayHigh": 309.0, "dividendRate": 2.7, "dividendYield": 0.0089, "exDividendDate": "2021-03-25 05:30:00", "payoutRatio": 0.1065, "fiveYearAvgDividendYield": 0.84, "beta": 0.745545, "trailingPE": 10.455565, "volume": 1891, "regularMarketVolume": 1891, "averageVolume": 3361, "averageVolume10days": 2908, "averageDailyVolume10Day": 2908, "bid": 0.0, "ask": 0.0, "bidSize": 0, "askSize": 0, "marketCap": 1513710976, "fiftyTwoWeekLow": 181.05, "fiftyTwoWeekHigh": 390.0, "priceToSalesTrailing12Months": 2.3101838, "fiftyDayAverage": 307.72122, "twoHundredDayAverage": 319.705, "trailingAnnualDividendRate": 2.7, "trailingAnnualDividendYield": 0.009027082, "currency": "INR", "fromCurrency": null, "lastMarket": null, "algorithm": null, "tradeable": false}, "incomeStatementHistoryQuarterly": {"incomeStatementHistory": [{"maxAge": 1, "endDate": "2020-12-31", "totalRevenue": 205359000, "costOfRevenue": 68042000, "grossProfit": 137317000, "researchDevelopment": {}, "sellingGeneralAdministrative": 54413000, "nonRecurring": {}, "otherOperatingExpenses": 43779000, "totalOperatingExpenses": 175140000, "operatingIncome": 30219000, "totalOtherIncomeExpenseNet": 24323000, "ebit": 30219000, "interestExpense": -218000, "incomeBeforeTax": 54542000, "incomeTaxExpense": 8203000, "minorityInterest": {}, "netIncomeFromContinuingOps": 46339000, "discontinuedOperations": {}, "extraordinaryItems": {}, "effectOfAccountingCharges": {}, "otherItems": {}, "netIncome": 46339000, "netIncomeApplicableToCommonShares": 46339000}, {"maxAge": 1, "endDate": "2020-09-30", "totalRevenue": 175948000, "costOfRevenue": 55665000, "grossProfit": 120283000, "researchDevelopment": {}, "sellingGeneralAdministrative": 51638000, "nonRecurring": {}, "otherOperatingExpenses": 37699000, "totalOperatingExpenses": 152756000, "operatingIncome": 23192000, "totalOtherIncomeExpenseNet": 15040000, "ebit": 23192000, "interestExpense": -192000, "incomeBeforeTax": 38232000, "incomeTaxExpense": 8139000, "minorityInterest": {}, "netIncomeFromContinuingOps": 30093000, "discontinuedOperations": {}, "extraordinaryItems": {}, "effectOfAccountingCharges": {}, "otherItems": {}, "netIncome": 30093000, "netIncomeApplicableToCommonShares": 30093000}, {"maxAge": 1, "endDate": "2020-06-30", "totalRevenue": 153753000, "costOfRevenue": 34044000, "grossProfit": 119709000, "researchDevelopment": {}, "sellingGeneralAdministrative": 45171000, "nonRecurring": {}, "otherOperatingExpenses": 32044000, "totalOperatingExpenses": 118808000, "operatingIncome": 34945000, "totalOtherIncomeExpenseNet": 28716000, "ebit": 34945000, "interestExpense": -237000, "incomeBeforeTax": 63661000, "incomeTaxExpense": 14953000, "minorityInterest": {}, "netIncomeFromContinuingOps": 48708000, "discontinuedOperations": {}, "extraordinaryItems": {}, "effectOfAccountingCharges": {}, "otherItems": {}, "netIncome": 48708000, "netIncomeApplicableToCommonShares": 48708000}, {"maxAge": 1, "endDate": "2020-03-31", "totalRevenue": 162389000, "costOfRevenue": 54027000, "grossProfit": 108362000, "researchDevelopment": {}, "sellingGeneralAdministrative": 44233000, "nonRecurring": {}, "otherOperatingExpenses": 49120000, "totalOperatingExpenses": 154719000, "operatingIncome": 7670000, "totalOtherIncomeExpenseNet": -1574000, "ebit": 7670000, "interestExpense": -125000, "incomeBeforeTax": 6096000, "incomeTaxExpense": 4575000, "minorityInterest": {}, "netIncomeFromContinuingOps": 1521000, "discontinuedOperations": {}, "extraordinaryItems": {}, "effectOfAccountingCharges": {}, "otherItems": {}, "netIncome": 1521000, "netIncomeApplicableToCommonShares": 1521000}], "maxAge": 86400}, "cashflowStatementHistoryQuarterly": {"cashflowStatements": [{"maxAge": 1, "endDate": "2020-12-31", "netIncome": 46339000, "changeToLiabilities": 0}, {"maxAge": 1, "endDate": "2020-09-30", "netIncome": 30093000, "changeToLiabilities": 0}, {"maxAge": 1, "endDate": "2020-06-30", "netIncome": 48708000, "changeToLiabilities": 0}, {"maxAge": 1, "endDate": "2020-03-31", "netIncome": 1521000, "changeToLiabilities": 0}], "maxAge": 86400}, "insiderHolders": {"holders": [], "maxAge": 1}, "calendarEvents": {"maxAge": 1, "earnings": {"earningsDate": []}, "exDividendDate": "2021-03-25 05:30:00"}, "upgradeDowngradeHistory": {"history": [], "maxAge": 86400}, "price": {"maxAge": 1, "regularMarketChangePercent": 0.0128719695, "regularMarketChange": 3.850006, "regularMarketTime": "2021-04-30 15:29:14", "priceHint": 2, "regularMarketPrice": 302.95, "regularMarketDayHigh": 309.0, "regularMarketDayLow": 299.65, "regularMarketVolume": 1891, "averageDailyVolume10Day": 2908, "averageDailyVolume3Month": 3361, "regularMarketPreviousClose": 299.1, "regularMarketSource": "FREE_REALTIME", "regularMarketOpen": 306.1, "exchange": "NSI", "exchangeName": "NSE", "exchangeDataDelayedBy": 15, "marketState": "CLOSED", "quoteType": "EQUITY", "symbol": "UNITEDTEA.NS", "underlyingSymbol": null, "shortName": "UNITED NILGIRI TEA", "longName": "The United Nilgiri Tea Estates Company Limited", "currency": "INR", "quoteSourceName": "Delayed Quote", "currencySymbol": "\u20b9", "fromCurrency": null, "lastMarket": null, "marketCap": 1513710976}, "balanceSheetHistory": {"balanceSheetStatements": [{"maxAge": 1, "endDate": "2020-03-31", "cash": 35463000, "shortTermInvestments": 62454000, "netReceivables": 106649000, "inventory": 66257000, "otherCurrentAssets": 13068000, "totalCurrentAssets": 297432000, "longTermInvestments": 757774000, "propertyPlantEquipment": 296688000, "intangibleAssets": 45000, "otherAssets": 283974000, "totalAssets": 1635913000, "accountsPayable": 19155000, "otherCurrentLiab": 18038000, "otherLiab": 24925000, "totalCurrentLiabilities": 66028000, "totalLiab": 90953000, "commonStock": 49966000, "retainedEarnings": 1211263000, "treasuryStock": 283731000, "otherStockholderEquity": 283731000, "totalStockholderEquity": 1544960000, "netTangibleAssets": 1544915000}, {"maxAge": 1, "endDate": "2019-03-31", "cash": 8114000, "shortTermInvestments": 162215000, "netReceivables": 74001000, "inventory": 63169000, "otherCurrentAssets": 17926000, "totalCurrentAssets": 392868000, "longTermInvestments": 669125000, "propertyPlantEquipment": 226478000, "intangibleAssets": 113000, "otherAssets": 186994000, "totalAssets": 1475578000, "accountsPayable": 14207000, "otherCurrentLiab": 13614000, "otherLiab": 27786000, "totalCurrentLiabilities": 54130000, "totalLiab": 81916000, "commonStock": 49966000, "retainedEarnings": 1124618000, "treasuryStock": 219078000, "otherStockholderEquity": 219078000, "totalStockholderEquity": 1393662000, "netTangibleAssets": 1393549000}, {"maxAge": 1, "endDate": "2018-03-31", "cash": 75069000, "netReceivables": 87169000, "inventory": 49268000, "otherCurrentAssets": 1946000, "totalCurrentAssets": 235329000, "longTermInvestments": 619136000, "propertyPlantEquipment": 217893000, "intangibleAssets": 330000, "otherAssets": 177039000, "totalAssets": 1249727000, "accountsPayable": 12114000, "otherCurrentLiab": 20634000, "otherLiab": 20925000, "totalCurrentLiabilities": 63369000, "totalLiab": 84294000, "commonStock": 49966000, "retainedEarnings": 815069000, "treasuryStock": 300398000, "otherStockholderEquity": 300398000, "totalStockholderEquity": 1165433000, "netTangibleAssets": 1165103000}, {"maxAge": 1, "endDate": "2017-03-31", "cash": 186135000, "netReceivables": 41536000, "inventory": 43695000, "otherCurrentAssets": 14878000, "totalCurrentAssets": 291877000, "longTermInvestments": 405315000, "propertyPlantEquipment": 199953000, "intangibleAssets": 473000, "otherAssets": 187252000, "totalAssets": 1084870000, "accountsPayable": 5277000, "otherCurrentLiab": 21630000, "otherLiab": 19277000, "totalCurrentLiabilities": 50474000, "totalLiab": 69751000, "commonStock": 49966000, "retainedEarnings": 717485000, "treasuryStock": 247668000, "otherStockholderEquity": 247668000, "totalStockholderEquity": 1015119000, "netTangibleAssets": 1014646000}], "maxAge": 86400}, "financialData": {"maxAge": 86400, "currentPrice": 302.95, "recommendationKey": "none", "totalCash": 268790016, "totalCashPerShare": 53.771, "ebitda": 129379000, "totalDebt": 0, "totalRevenue": 655233984, "revenuePerShare": 131.113, "grossProfits": 481118000, "earningsGrowth": -0.012, "revenueGrowth": 0.201, "grossMargins": 0.75694, "ebitdaMargins": 0.19745001, "operatingMargins": 0.15720001, "profitMargins": 0.22099, "financialCurrency": "INR"}}}