{"UNITECH.BO": {"recommendationTrend": {"trend": [{"period": "0m", "strongBuy": 0, "buy": 0, "hold": 0, "sell": 0, "strongSell": 0}, {"period": "-1m", "strongBuy": 0, "buy": 0, "hold": 0, "sell": 0, "strongSell": 0}, {"period": "-2m", "strongBuy": 0, "buy": 0, "hold": 0, "sell": 0, "strongSell": 0}, {"period": "-3m", "strongBuy": 0, "buy": 0, "hold": 0, "sell": 0, "strongSell": 0}], "maxAge": 86400}, "cashflowStatementHistory": {"cashflowStatements": [{"maxAge": 1, "endDate": "2019-03-31", "netIncome": -7814652000, "changeToLiabilities": 0}, {"maxAge": 1, "endDate": "2018-03-31", "netIncome": -12750727000, "changeToLiabilities": 0}, {"maxAge": 1, "endDate": "2017-03-31", "netIncome": -4026659664, "depreciation": 121633189, "changeToNetincome": 6092655709, "changeToAccountReceivables": -16119072090, "changeToLiabilities": 10837953323, "changeToInventory": 2739891016, "totalCashFromOperatingActivities": -353598517, "capitalExpenditures": -62552078, "investments": 880953655, "otherCashflowsFromInvestingActivities": 324842818, "totalCashflowsFromInvestingActivities": 1307432595, "netBorrowings": 218489038, "otherCashflowsFromFinancingActivities": -1344934450, "totalCashFromFinancingActivities": -1126445412, "changeInCash": -172611334}, {"maxAge": 1, "endDate": "2016-03-31", "netIncome": -9003571966, "depreciation": 165499719, "changeToNetincome": 7185903, "changeToAccountReceivables": -11789061009, "changeToLiabilities": 18392097085, "changeToInventory": -151941136, "totalCashFromOperatingActivities": -2379791404, "capitalExpenditures": -165127569, "investments": -2134754948, "otherCashflowsFromInvestingActivities": 313531728, "totalCashflowsFromInvestingActivities": 6640592091, "netBorrowings": -1764090923, "otherCashflowsFromFinancingActivities": -2767914935, "totalCashFromFinancingActivities": -4532005858, "changeInCash": -271205172}], "maxAge": 86400}, "institutionOwnership": {"maxAge": 1, "ownershipList": []}, "balanceSheetHistoryQuarterly": {"balanceSheetStatements": [{"maxAge": 1, "endDate": "2019-06-30", "totalStockholderEquity": 62399171000, "netTangibleAssets": 54983419000}, {"maxAge": 1, "endDate": "2018-06-30"}, {"maxAge": 1, "endDate": "2018-03-31", "cash": 860763000, "shortTermInvestments": 4197000, "netReceivables": 13625048000, "inventory": 30210867000, "otherCurrentAssets": 187246076000, "totalCurrentAssets": 231946951000, "longTermInvestments": 20362950000, "propertyPlantEquipment": 3708998000, "goodWill": 8164059000, "intangibleAssets": 31220000, "otherAssets": 3705779000, "deferredLongTermAssetCharges": 2965139000, "totalAssets": 267919957000, "accountsPayable": 10766494000, "otherCurrentLiab": 146481665000, "longTermDebt": 19764807000, "otherLiab": 1501605000, "minorityInterest": -99933000, "totalCurrentLiabilities": 169930654000, "totalLiab": 191197066000, "commonStock": 5232602000, "treasuryStock": 71590222000, "otherStockholderEquity": 71590222000, "totalStockholderEquity": 76822824000, "netTangibleAssets": 68627545000}, {"maxAge": 1, "endDate": "2017-12-31", "totalStockholderEquity": 90400411000, "netTangibleAssets": 71412633000}], "maxAge": 86400}, "earningsHistory": {"history": [{"maxAge": 1, "epsActual": {}, "epsEstimate": {}, "epsDifference": {}, "surprisePercent": {}, "quarter": {}, "period": "-4q"}, {"maxAge": 1, "epsActual": {}, "epsEstimate": {}, "epsDifference": {}, "surprisePercent": {}, "quarter": {}, "period": "-3q"}, {"maxAge": 1, "epsActual": {}, "epsEstimate": {}, "epsDifference": {}, "surprisePercent": {}, "quarter": {}, "period": "-2q"}, {"maxAge": 1, "epsActual": {}, "epsEstimate": {}, "epsDifference": {}, "surprisePercent": {}, "quarter": {}, "period": "-1q"}], "maxAge": 86400}, "indexTrend": {"maxAge": 1, "symbol": "SP5", "peRatio": 19.7411, "pegRatio": 1.34172, "estimates": [{"period": "0q", "growth": 0.549}, {"period": "+1q", "growth": 0.431}, {"period": "0y", "growth": 0.305}, {"period": "+1y", "growth": 0.109}, {"period": "+5y", "growth": 0.120859005}, {"period": "-5y"}]}, "industryTrend": {"maxAge": 1, "symbol": null, "estimates": []}, "insiderTransactions": {"transactions": [{"maxAge": 1, "shares": 101228566, "filerUrl": "", "transactionText": "", "filerName": "Mayfair Capital Pvt Ltd", "filerRelation": "Promoter", "moneyText": "", "startDate": "2015-06-03", "ownership": "D"}, {"maxAge": 1, "shares": 91660000, "filerUrl": "", "transactionText": "", "filerName": "Mayfair Capital Pvt Ltd", "filerRelation": "Promoter", "moneyText": "", "startDate": "2015-06-03", "ownership": "D"}, {"maxAge": 1, "shares": 932000, "filerUrl": "", "transactionText": "", "filerName": "Mayfair Capital Pvt Ltd", "filerRelation": "Promoter", "moneyText": "", "startDate": "2015-06-01", "ownership": "D"}, {"maxAge": 1, "shares": 58994745, "filerUrl": "", "transactionText": "", "filerName": "Mayfair Capital Pvt Ltd", "filerRelation": "Promoter", "moneyText": "", "startDate": "2015-05-25", "ownership": "D"}, {"maxAge": 1, "shares": 114701607, "filerUrl": "", "transactionText": "", "filerName": "Platinum International Fund", "filerRelation": "Investment Advisor", "moneyText": "", "startDate": "2015-04-07", "ownership": "D"}, {"maxAge": 1, "shares": 12500000, "filerUrl": "", "transactionText": "", "filerName": "Mayfair Capital Pvt Ltd", "filerRelation": "Promoter", "moneyText": "", "startDate": "2015-03-12", "ownership": "D"}, {"maxAge": 1, "shares": 8200000, "filerUrl": "", "transactionText": "", "filerName": "Mayfair Capital Pvt Ltd", "filerRelation": "Promoter", "moneyText": "", "startDate": "2015-02-27", "ownership": "D"}, {"maxAge": 1, "shares": 500000, "filerUrl": "", "transactionText": "", "filerName": "Mayfair Capital Pvt Ltd", "filerRelation": "Promoter", "moneyText": "", "startDate": "2015-01-20", "ownership": "D"}, {"maxAge": 1, "shares": 78522000, "filerUrl": "", "transactionText": "", "filerName": "Mayfair Capital Pvt Ltd", "filerRelation": "Promoter", "moneyText": "", "startDate": "2015-01-19", "ownership": "D"}, {"maxAge": 1, "shares": 227501000, "filerUrl": "", "transactionText": "", "filerName": "Harsil Projects Pvt Ltd", "filerRelation": "Promoter", "moneyText": "", "startDate": "2013-10-01", "ownership": "D"}, {"maxAge": 1, "shares": 227501000, "filerUrl": "", "transactionText": "", "filerName": "Mayfair Capital Pvt Ltd", "filerRelation": "Promoter", "moneyText": "", "startDate": "2013-10-01", "ownership": "D"}, {"maxAge": 1, "shares": 2050000, "filerUrl": "", "transactionText": "", "filerName": "Mayfair Capital Pvt Ltd", "filerRelation": "Promoter", "moneyText": "", "startDate": "2013-07-03", "ownership": "D"}, {"maxAge": 1, "shares": 563679623, "filerUrl": "", "transactionText": "", "filerName": "Prakausali Investments India Pvt Ltd", "filerRelation": "Promoter", "moneyText": "", "startDate": "2013-06-28", "ownership": "D"}, {"maxAge": 1, "shares": 103311765, "filerUrl": "", "transactionText": "", "filerName": "Mayfair Investments Pvt Ltd", "filerRelation": "Promoter", "moneyText": "", "startDate": "2013-06-28", "ownership": "D"}, {"maxAge": 1, "shares": 667427658, "filerUrl": "", "transactionText": "", "filerName": "Mayfair Capital Pvt Ltd", "filerRelation": "Promoter", "moneyText": "", "startDate": "2013-06-28", "ownership": "D"}, {"maxAge": 1, "shares": 58323713, "filerUrl": "", "transactionText": "", "filerName": "Platinum Investment Management Ltd A/c Plat", "filerRelation": "Investment Advisor", "moneyText": "", "startDate": "2011-11-21", "ownership": "D"}, {"maxAge": 1, "shares": 6056100, "filerUrl": "", "transactionText": "", "filerName": "Platinum Investment Management Ltd A/c Plat", "filerRelation": "Investment Advisor", "moneyText": "", "startDate": "2011-03-24", "ownership": "D"}, {"maxAge": 1, "shares": 20000000, "filerUrl": "", "transactionText": "", "filerName": "Harsil Projects Pvt Ltd", "filerRelation": "Institution- Corporation", "moneyText": "", "startDate": "2010-06-18", "ownership": "D"}, {"maxAge": 1, "shares": 12000, "filerUrl": "", "transactionText": "", "filerName": "Harish (Anil)", "filerRelation": "Director", "moneyText": "", "startDate": "2009-12-31", "ownership": "D"}], "maxAge": 1}, "quoteType": {"exchange": "BSE", "quoteType": "EQUITY", "symbol": "UNITECH.BO", "underlyingSymbol": "UNITECH.BO", "shortName": "UNITECH LTD.", "longName": "Unitech Limited", "firstTradeDateEpochUtc": "2002-07-01 09:15:00", "timeZoneFullName": "Asia/Kolkata", "timeZoneShortName": "IST", "uuid": "0d97bcdb-3159-33f3-ae11-7ca3616648f9", "messageBoardId": null, "gmtOffSetMilliseconds": 19800000, "maxAge": 1}, "incomeStatementHistory": {"incomeStatementHistory": [{"maxAge": 1, "endDate": "2019-03-31", "totalRevenue": 13374683000, "costOfRevenue": 11933677000, "grossProfit": 1441006000, "researchDevelopment": {}, "sellingGeneralAdministrative": 913011000, "nonRecurring": {}, "otherOperatingExpenses": 2518424000, "totalOperatingExpenses": 15455887000, "operatingIncome": -2081204000, "totalOtherIncomeExpenseNet": -6262693000, "ebit": -2081204000, "interestExpense": -5842364000, "incomeBeforeTax": -8343897000, "incomeTaxExpense": -408969000, "minorityInterest": 818525000, "netIncomeFromContinuingOps": -7934928000, "discontinuedOperations": 93699000, "extraordinaryItems": {}, "effectOfAccountingCharges": {}, "otherItems": {}, "netIncome": -7814652000, "netIncomeApplicableToCommonShares": -7814652000}, {"maxAge": 1, "endDate": "2018-03-31", "totalRevenue": 21628563000, "costOfRevenue": 17563712000, "grossProfit": 4064851000, "researchDevelopment": {}, "sellingGeneralAdministrative": 1014330000, "nonRecurring": {}, "otherOperatingExpenses": 3712803000, "totalOperatingExpenses": 22379301000, "operatingIncome": -750738000, "totalOtherIncomeExpenseNet": -12565522000, "ebit": -750738000, "interestExpense": -3189060000, "incomeBeforeTax": -13316260000, "incomeTaxExpense": -144498000, "minorityInterest": -99933000, "netIncomeFromContinuingOps": -13171762000, "discontinuedOperations": 93699000, "extraordinaryItems": {}, "effectOfAccountingCharges": {}, "otherItems": {}, "netIncome": -12750727000, "netIncomeApplicableToCommonShares": -12750727000}, {"maxAge": 1, "endDate": "2017-03-31", "totalRevenue": 17492069069, "costOfRevenue": 17385827378, "grossProfit": 106241691, "researchDevelopment": {}, "sellingGeneralAdministrative": 1351662230, "nonRecurring": {}, "otherOperatingExpenses": 930420243, "totalOperatingExpenses": 19789543040, "operatingIncome": -2297473971, "totalOtherIncomeExpenseNet": -2861034679, "ebit": -2297473971, "interestExpense": -3053120216, "incomeBeforeTax": -5158508650, "incomeTaxExpense": -887928534, "minorityInterest": 330565771, "netIncomeFromContinuingOps": -4270580116, "discontinuedOperations": 93699000, "extraordinaryItems": {}, "effectOfAccountingCharges": {}, "otherItems": {}, "netIncome": -4026659664, "netIncomeApplicableToCommonShares": -4026659664}, {"maxAge": 1, "endDate": "2016-03-31", "totalRevenue": 18684633099, "costOfRevenue": 22611155601, "grossProfit": -3926522502, "researchDevelopment": {}, "sellingGeneralAdministrative": 1711221530, "nonRecurring": {}, "otherOperatingExpenses": 1521542280, "totalOperatingExpenses": 26009419130, "operatingIncome": -7324786031, "totalOtherIncomeExpenseNet": -2111992622, "ebit": -7324786031, "interestExpense": -3209685626, "incomeBeforeTax": -9436778653, "incomeTaxExpense": -635299283, "minorityInterest": 511876836, "netIncomeFromContinuingOps": -8801479370, "discontinuedOperations": 93699000, "extraordinaryItems": {}, "effectOfAccountingCharges": {}, "otherItems": {}, "netIncome": -9003571966, "netIncomeApplicableToCommonShares": -9003571966}], "maxAge": 86400}, "fundOwnership": {"maxAge": 1, "ownershipList": [{"maxAge": 1, "reportDate": "2020-08-31", "organization": "SPDR Portfolio Emerging Markets ETF", "pctHeld": 0.00029999999, "position": 755194, "value": 1298933}, {"maxAge": 1, "reportDate": "2020-05-31", "organization": "DBX ETF Trust-X-trackers International Real Estate ETF", "pctHeld": 0.0002, "position": 643895, "value": 798429}]}, "summaryDetail": {"maxAge": 1, "priceHint": 4, "previousClose": 1.56, "open": 1.57, "dayLow": 1.49, "dayHigh": 1.57, "regularMarketPreviousClose": 1.56, "regularMarketOpen": 1.57, "regularMarketDayLow": 1.49, "regularMarketDayHigh": 1.57, "volume": 990264, "regularMarketVolume": 990264, "averageVolume": 2374692, "averageVolume10days": 1349789, "averageDailyVolume10Day": 1349789, "bid": 0.0, "ask": 1.5, "bidSize": 0, "askSize": 0, "marketCap": 3924450048, "fiftyTwoWeekLow": 1.11, "fiftyTwoWeekHigh": 3.82, "fiftyDayAverage": 1.8522857, "twoHundredDayAverage": 1.680365, "currency": "INR", "fromCurrency": null, "toCurrency": null, "lastMarket": null, "algorithm": null, "tradeable": false}, "sectorTrend": {"maxAge": 1, "symbol": null, "estimates": []}, "incomeStatementHistoryQuarterly": {"incomeStatementHistory": [{"maxAge": 1, "endDate": "2019-06-30", "totalRevenue": 2359941000, "costOfRevenue": 2082202000, "grossProfit": 277739000, "researchDevelopment": {}, "sellingGeneralAdministrative": 214468000, "nonRecurring": {}, "otherOperatingExpenses": 182455000, "totalOperatingExpenses": 2495342000, "operatingIncome": -135401000, "totalOtherIncomeExpenseNet": -954416000, "ebit": -135401000, "interestExpense": -1247696000, "incomeBeforeTax": -1089817000, "incomeTaxExpense": 19879000, "minorityInterest": {}, "netIncomeFromContinuingOps": -1109696000, "discontinuedOperations": 21403000, "extraordinaryItems": {}, "effectOfAccountingCharges": {}, "otherItems": {}, "netIncome": -1100359000, "netIncomeApplicableToCommonShares": -1100359000}, {"maxAge": 1, "endDate": "2018-06-30", "totalRevenue": 1725591000, "costOfRevenue": 1457549000, "grossProfit": 268042000, "researchDevelopment": {}, "sellingGeneralAdministrative": 229343000, "nonRecurring": {}, "otherOperatingExpenses": -34331000, "totalOperatingExpenses": 1671913000, "operatingIncome": 53678000, "totalOtherIncomeExpenseNet": -997771000, "ebit": 53678000, "interestExpense": -1028910000, "incomeBeforeTax": -944093000, "incomeTaxExpense": 42817000, "minorityInterest": {}, "netIncomeFromContinuingOps": -986910000, "discontinuedOperations": 22821000, "extraordinaryItems": {}, "effectOfAccountingCharges": {}, "otherItems": {}, "netIncome": -898638000, "netIncomeApplicableToCommonShares": -898638000}, {"maxAge": 1, "endDate": "2018-03-31", "totalRevenue": 9813345000, "costOfRevenue": 7604417000, "grossProfit": 2208928000, "researchDevelopment": {}, "sellingGeneralAdministrative": 241280000, "nonRecurring": {}, "otherOperatingExpenses": 2529402000, "totalOperatingExpenses": 10403083000, "operatingIncome": -589738000, "totalOtherIncomeExpenseNet": -9920248000, "ebit": -589738000, "interestExpense": -667920000, "incomeBeforeTax": -10509986000, "incomeTaxExpense": -341000000, "minorityInterest": -99933000, "netIncomeFromContinuingOps": -10168986000, "discontinuedOperations": 22821000, "extraordinaryItems": {}, "effectOfAccountingCharges": {}, "otherItems": {}, "netIncome": -9998393000, "netIncomeApplicableToCommonShares": -9998393000}, {"maxAge": 1, "endDate": "2017-12-31", "totalRevenue": 5379902000, "costOfRevenue": 3943920000, "grossProfit": 1435982000, "researchDevelopment": {}, "sellingGeneralAdministrative": 254450000, "nonRecurring": {}, "otherOperatingExpenses": 690552000, "totalOperatingExpenses": 4906567000, "operatingIncome": 473335000, "totalOtherIncomeExpenseNet": -1404378000, "ebit": 473335000, "interestExpense": -937153000, "incomeBeforeTax": -931043000, "incomeTaxExpense": 93907000, "minorityInterest": -99933000, "netIncomeFromContinuingOps": -1024950000, "discontinuedOperations": 22821000, "extraordinaryItems": {}, "effectOfAccountingCharges": {}, "otherItems": {}, "netIncome": -1033384000, "netIncomeApplicableToCommonShares": -1033384000}], "maxAge": 86400}, "cashflowStatementHistoryQuarterly": {"cashflowStatements": [{"maxAge": 1, "endDate": "2019-06-30", "netIncome": -1100359000, "changeToLiabilities": 0}, {"maxAge": 1, "endDate": "2018-06-30", "netIncome": -898638000, "changeToLiabilities": 0}, {"maxAge": 1, "endDate": "2018-03-31", "netIncome": -9998393000, "changeToLiabilities": 0}, {"maxAge": 1, "endDate": "2017-12-31", "netIncome": -1033384000, "changeToLiabilities": 0}], "maxAge": 86400}, "insiderHolders": {"holders": [{"maxAge": 1, "name": "Harish (Anil)", "relation": "Director", "url": "", "transactionDescription": "Acquisition", "latestTransDate": "2009-12-31", "positionDirect": 96460, "positionDirectDate": "2009-12-31"}, {"maxAge": 1, "name": "Harsil Projects Pvt Ltd", "relation": "Promoter", "url": "", "transactionDescription": "Other", "latestTransDate": "2013-10-01", "positionDirect": 0, "positionDirectDate": "2013-10-01"}, {"maxAge": 1, "name": "Mayfair Capital Pvt Ltd", "relation": "Promoter", "url": "", "transactionDescription": "Sale", "latestTransDate": "2015-06-03", "positionDirect": 582741347, "positionDirectDate": "2015-06-03"}, {"maxAge": 1, "name": "Mayfair Investments Pvt Ltd", "relation": "Promoter", "url": "", "transactionDescription": "Other", "latestTransDate": "2013-06-28", "positionDirect": 0, "positionDirectDate": "2013-06-28"}, {"maxAge": 1, "name": "Platinum International Fund", "relation": "Investment Advisor", "url": "", "transactionDescription": "Sale", "latestTransDate": "2015-04-07", "positionDirect": 78584196, "positionDirectDate": "2015-04-07"}, {"maxAge": 1, "name": "Platinum Investment Management Ltd A/c Plat", "relation": "Investment Advisor", "url": "", "transactionDescription": "Acquisition", "latestTransDate": "2011-11-21", "positionDirect": 193285803, "positionDirectDate": "2011-11-21"}, {"maxAge": 1, "name": "Prakausali Investments India Pvt Ltd", "relation": "Promoter", "url": "", "transactionDescription": "Other", "latestTransDate": "2013-06-28", "positionDirect": 0, "positionDirectDate": "2013-06-28"}], "maxAge": 1}, "earnings": {"maxAge": 86400, "earningsChart": {"quarterly": [], "earningsDate": ["2020-02-15 05:30:S", "2020-02-17 05:30:S"]}, "financialsChart": {"yearly": [{"date": 2016, "revenue": 18684633099, "earnings": -9003571966}, {"date": 2017, "revenue": 17492069069, "earnings": -4026659664}, {"date": 2018, "revenue": 21628563000, "earnings": -12750727000}, {"date": 2019, "revenue": 13374683000, "earnings": -7814652000}], "quarterly": [{"date": "4Q2017", "revenue": 5379902000, "earnings": -1033384000}, {"date": "1Q2018", "revenue": 9813345000, "earnings": -9998393000}, {"date": "2Q2018", "revenue": 1725591000, "earnings": -898638000}, {"date": "2Q2019", "revenue": 2359941000, "earnings": -1100359000}]}, "financialCurrency": "INR"}, "calendarEvents": {"maxAge": 1, "earnings": {"earningsDate": ["2020-02-15 05:30:S", "2020-02-17 05:30:S"]}}, "price": {"maxAge": 1, "regularMarketChangePercent": -0.038461503, "regularMarketChange": -0.059999943, "regularMarketTime": "2021-04-30 15:46:20", "priceHint": 4, "regularMarketPrice": 1.5, "regularMarketDayHigh": 1.57, "regularMarketDayLow": 1.49, "regularMarketVolume": 990264, "averageDailyVolume10Day": 1349789, "averageDailyVolume3Month": 2374692, "regularMarketPreviousClose": 1.56, "regularMarketSource": "FREE_REALTIME", "regularMarketOpen": 1.57, "exchange": "BSE", "exchangeName": "BSE", "exchangeDataDelayedBy": 0, "marketState": "CLOSED", "quoteType": "EQUITY", "symbol": "UNITECH.BO", "underlyingSymbol": null, "shortName": "UNITECH LTD.", "longName": "Unitech Limited", "currency": "INR", "quoteSourceName": "Delayed Quote", "currencySymbol": "\u20b9", "fromCurrency": null, "toCurrency": null, "lastMarket": null, "marketCap": 3924450048}, "balanceSheetHistory": {"balanceSheetStatements": [{"maxAge": 1, "endDate": "2019-03-31", "cash": 1204373000, "shortTermInvestments": 2760000, "netReceivables": 14218028000, "inventory": 29667935000, "otherCurrentAssets": 191687573000, "totalCurrentAssets": 236780669000, "longTermInvestments": 20196491000, "propertyPlantEquipment": 2718745000, "goodWill": 7414450000, "intangibleAssets": 1302000, "otherAssets": 4234239000, "deferredLongTermAssetCharges": 3691127000, "totalAssets": 271345896000, "accountsPayable": 10345109000, "otherCurrentLiab": 174166474000, "longTermDebt": 18015335000, "otherLiab": 1008050000, "minorityInterest": 818525000, "totalCurrentLiabilities": 189104815000, "totalLiab": 208128200000, "commonStock": 5232602000, "treasuryStock": 57166569000, "otherStockholderEquity": 57166569000, "totalStockholderEquity": 62399171000, "netTangibleAssets": 54983419000}, {"maxAge": 1, "endDate": "2018-03-31", "cash": 860763000, "shortTermInvestments": 4197000, "netReceivables": 13625048000, "inventory": 30210867000, "otherCurrentAssets": 187246076000, "totalCurrentAssets": 231946951000, "longTermInvestments": 20362950000, "propertyPlantEquipment": 3708998000, "goodWill": 8164059000, "intangibleAssets": 31220000, "otherAssets": 3705779000, "deferredLongTermAssetCharges": 2965139000, "totalAssets": 267919957000, "accountsPayable": 10766494000, "otherCurrentLiab": 146481665000, "longTermDebt": 19764807000, "otherLiab": 1501605000, "minorityInterest": -99933000, "totalCurrentLiabilities": 169930654000, "totalLiab": 191197066000, "commonStock": 5232602000, "treasuryStock": 71590222000, "otherStockholderEquity": 71590222000, "totalStockholderEquity": 76822824000, "netTangibleAssets": 68627545000}, {"maxAge": 1, "endDate": "2017-03-31", "cash": 1204221739, "shortTermInvestments": 3965196, "netReceivables": 46275163129, "inventory": 161153726205, "otherCurrentAssets": 23413768084, "totalCurrentAssets": 232496955102, "longTermInvestments": 20572038317, "propertyPlantEquipment": 4702045012, "goodWill": 18831780804, "intangibleAssets": 62077647, "otherAssets": 5228601240, "deferredLongTermAssetCharges": 2939338461, "totalAssets": 281893498122, "accountsPayable": 12370890591, "shortLongTermDebt": 35662579895, "otherCurrentLiab": 83019986084, "longTermDebt": 19262784806, "otherLiab": 2078280752, "minorityInterest": 330565771, "totalCurrentLiabilities": 168077171884, "totalLiab": 189442233467, "commonStock": 5232602094, "retainedEarnings": 34644098168, "treasuryStock": -970062774, "capitalSurplus": 53214061396, "otherStockholderEquity": -970062774, "totalStockholderEquity": 92120698884, "netTangibleAssets": 73226840433}, {"maxAge": 1, "endDate": "2016-03-31", "cash": 1930647289, "shortTermInvestments": 3188405, "netReceivables": 41042480381, "inventory": 153767750359, "otherCurrentAssets": 23589031245, "totalCurrentAssets": 220793578239, "longTermInvestments": 20247631397, "propertyPlantEquipment": 5804197820, "goodWill": 18010151196, "intangibleAssets": 79828736, "otherAssets": 4202660648, "deferredLongTermAssetCharges": 1906763431, "totalAssets": 269138048036, "accountsPayable": 15249469006, "shortLongTermDebt": 32418055527, "otherCurrentLiab": 72655962671, "longTermDebt": 18531008026, "otherLiab": 2311390464, "minorityInterest": 511876836, "totalCurrentLiabilities": 155810462612, "totalLiab": 176689294904, "commonStock": 5232602094, "retainedEarnings": 39569844444, "treasuryStock": -7183647147, "capitalSurplus": 54318076905, "otherStockholderEquity": -7183647147, "totalStockholderEquity": 91936876296, "netTangibleAssets": 73846896364}], "maxAge": 86400}, "earningsTrend": {"trend": [{"maxAge": 1, "period": "0q", "endDate": null, "growth": {}, "earningsEstimate": {"avg": 0.0, "low": 0.0, "high": 0.0, "yearAgoEps": {}, "numberOfAnalysts": 0, "growth": {}}, "revenueEstimate": {"avg": 0, "low": 0, "high": 0, "numberOfAnalysts": 0, "yearAgoRevenue": {}, "growth": {}}, "epsTrend": {"current": 0.0, "7daysAgo": 0.0, "30daysAgo": 0.0, "60daysAgo": 0.0, "90daysAgo": 0.0}, "epsRevisions": {"upLast7days": 0, "upLast30days": 0, "downLast30days": 0, "downLast90days": {}}}, {"maxAge": 1, "period": "+1q", "endDate": null, "growth": {}, "earningsEstimate": {"avg": 0.0, "low": 0.0, "high": 0.0, "yearAgoEps": {}, "numberOfAnalysts": 0, "growth": {}}, "revenueEstimate": {"avg": 0, "low": 0, "high": 0, "numberOfAnalysts": 0, "yearAgoRevenue": {}, "growth": {}}, "epsTrend": {"current": 0.0, "7daysAgo": 0.0, "30daysAgo": 0.0, "60daysAgo": 0.0, "90daysAgo": 0.0}, "epsRevisions": {"upLast7days": 0, "upLast30days": 0, "downLast30days": 0, "downLast90days": {}}}, {"maxAge": 1, "period": "0y", "endDate": null, "growth": {}, "earningsEstimate": {"avg": 0.0, "low": 0.0, "high": 0.0, "yearAgoEps": {}, "numberOfAnalysts": 0, "growth": {}}, "revenueEstimate": {"avg": 0, "low": 0, "high": 0, "numberOfAnalysts": 0, "yearAgoRevenue": {}, "growth": {}}, "epsTrend": {"current": 0.0, "7daysAgo": 0.0, "30daysAgo": 0.0, "60daysAgo": 0.0, "90daysAgo": 0.0}, "epsRevisions": {"upLast7days": 0, "upLast30days": 0, "downLast30days": 0, "downLast90days": {}}}, {"maxAge": 1, "period": "+1y", "endDate": null, "growth": {}, "earningsEstimate": {"avg": 0.0, "low": 0.0, "high": 0.0, "yearAgoEps": {}, "numberOfAnalysts": 0, "growth": {}}, "revenueEstimate": {"avg": 0, "low": 0, "high": 0, "numberOfAnalysts": 0, "yearAgoRevenue": {}, "growth": {}}, "epsTrend": {"current": 0.0, "7daysAgo": 0.0, "30daysAgo": 0.0, "60daysAgo": 0.0, "90daysAgo": 0.0}, "epsRevisions": {"upLast7days": 0, "upLast30days": 0, "downLast30days": 0, "downLast90days": {}}}, {"maxAge": 1, "period": "+5y", "endDate": null, "growth": 0.584, "earningsEstimate": {"avg": {}, "low": {}, "high": {}, "yearAgoEps": {}, "numberOfAnalysts": {}, "growth": {}}, "revenueEstimate": {"avg": {}, "low": {}, "high": {}, "numberOfAnalysts": {}, "yearAgoRevenue": {}, "growth": {}}, "epsTrend": {"current": {}, "7daysAgo": {}, "30daysAgo": {}, "60daysAgo": {}, "90daysAgo": {}}, "epsRevisions": {"upLast7days": {}, "upLast30days": {}, "downLast30days": {}, "downLast90days": {}}}, {"maxAge": 1, "period": "-5y", "endDate": null, "growth": {}, "earningsEstimate": {"avg": {}, "low": {}, "high": {}, "yearAgoEps": {}, "numberOfAnalysts": {}, "growth": {}}, "revenueEstimate": {"avg": {}, "low": {}, "high": {}, "numberOfAnalysts": {}, "yearAgoRevenue": {}, "growth": {}}, "epsTrend": {"current": {}, "7daysAgo": {}, "30daysAgo": {}, "60daysAgo": {}, "90daysAgo": {}}, "epsRevisions": {"upLast7days": {}, "upLast30days": {}, "downLast30days": {}, "downLast90days": {}}}], "maxAge": 1}, "financialData": {"maxAge": 86400, "currentPrice": 1.5, "targetHighPrice": 5.4, "targetLowPrice": 5.4, "targetMeanPrice": 5.4, "targetMedianPrice": 5.4, "recommendationKey": "none", "numberOfAnalystOpinions": 1, "grossProfits": 1441006000, "financialCurrency": "INR"}}}