{"UNITECH.NS": {"assetProfile": {"address1": "6 Community Centre", "address2": "Saket", "city": "New Delhi", "zip": "110017", "country": "India", "phone": "91 11 4166 4040", "fax": "91 11 2685 7338", "website": "http://www.unitechgroup.com", "industry": "Real Estate\u2014Diversified", "sector": "Real Estate", "longBusinessSummary": "Unitech Limited develops and leases real estate properties in India. The company develops commercial complexes, IT/ITes parks, SEZs, schools, hotels, malls, golf courses, and amusement parks. It also develops integrated residential projects, which include villas, apartments, offices, retail spaces, schools, clubs, floors, plots, and townships. In addition, the company leases IT/ITes and commercial office spaces; and provides property management and consultancy services. Unitech Limited was founded in 1971 and is based in New Delhi, India.", "companyOfficers": [{"maxAge": 1, "name": "Mr. Deepak  Kumar Tyagi", "title": "VP & CFO", "fiscalYear": 2017, "totalPay": 0, "exercisedValue": 0, "unexercisedValue": 0}, {"maxAge": 1, "name": "Mr. Yudhvir Singh Malik I.A.S.", "title": "Chairman & MD", "exercisedValue": 0, "unexercisedValue": 0}, {"maxAge": 1, "name": "Mr. H. D. Sharma", "age": 81, "title": "Pres", "yearBorn": 1939, "exercisedValue": 0, "unexercisedValue": 0}, {"maxAge": 1, "name": "Ms. Tanuja  Kehar", "title": "VP, Head of Corp. Communications", "exercisedValue": 0, "unexercisedValue": 0}, {"maxAge": 1, "name": "Mr. Kailash  Chand Sharma", "title": "Company Sec. & Compliance Officer", "exercisedValue": 0, "unexercisedValue": 0}, {"maxAge": 1, "name": "Mr. Ram Babu Jhalani", "age": 67, "title": "Exec. VP of Construction Division", "yearBorn": 1953, "exercisedValue": 0, "unexercisedValue": 0}, {"maxAge": 1, "name": "Mr. Sameer  Bahri", "age": 51, "title": "Exec. VP", "yearBorn": 1969, "exercisedValue": 0, "unexercisedValue": 0}, {"maxAge": 1, "name": "Mr. Shailender K Mahajan", "age": 63, "title": "Exec. VP of Bus. Devel. Division", "yearBorn": 1957, "exercisedValue": 0, "unexercisedValue": 0}, {"maxAge": 1, "name": "Mr. Jaideep  Singh", "age": 48, "title": "Sr. VP of Bus. Devel. - Southern States ops", "yearBorn": 1972, "exercisedValue": 0, "unexercisedValue": 0}, {"maxAge": 1, "name": "Dr. Pramod K Magu", "age": 75, "title": "Pres of Architecture & Planning", "yearBorn": 1945, "exercisedValue": 0, "unexercisedValue": 0}], "auditRisk": 8, "boardRisk": 10, "compensationRisk": 10, "shareHolderRightsRisk": 1, "overallRisk": 10, "governanceEpochDate": "2021-04-01 05:30:00", "compensationAsOfEpochDate": "2017-12-31 05:30:00", "maxAge": 86400}, "recommendationTrend": {"trend": [{"period": "0m", "strongBuy": 0, "buy": 0, "hold": 0, "sell": 0, "strongSell": 0}, {"period": "-1m", "strongBuy": 0, "buy": 0, "hold": 0, "sell": 0, "strongSell": 0}, {"period": "-2m", "strongBuy": 0, "buy": 0, "hold": 0, "sell": 0, "strongSell": 0}, {"period": "-3m", "strongBuy": 0, "buy": 0, "hold": 0, "sell": 0, "strongSell": 0}], "maxAge": 86400}, "cashflowStatementHistory": {"cashflowStatements": [{"maxAge": 1, "endDate": "2020-03-31", "netIncome": -15547297000, "depreciation": 68848000, "changeToNetincome": 13066117000, "changeToAccountReceivables": 4129392000, "changeToLiabilities": -9629341000, "changeToInventory": 1246830000, "changeToOperatingActivities": 5374476000, "totalCashFromOperatingActivities": -1290975000, "capitalExpenditures": -87743000, "investments": -426507000, "otherCashflowsFromInvestingActivities": 295964000, "totalCashflowsFromInvestingActivities": -217814000, "netBorrowings": 2300095000, "otherCashflowsFromFinancingActivities": -628737000, "totalCashFromFinancingActivities": 1671358000, "changeInCash": 162569000}, {"maxAge": 1, "endDate": "2019-03-31", "netIncome": -7814652000, "depreciation": 68848000, "changeToNetincome": 13066117000, "changeToAccountReceivables": 4129392000, "changeToLiabilities": 0, "changeToInventory": 1246830000, "changeToOperatingActivities": 5374476000, "totalCashFromOperatingActivities": -1290975000, "capitalExpenditures": -87743000, "investments": -426507000, "otherCashflowsFromInvestingActivities": 295964000, "totalCashflowsFromInvestingActivities": -217814000, "netBorrowings": 2300095000, "otherCashflowsFromFinancingActivities": -628737000, "totalCashFromFinancingActivities": 1671358000, "changeInCash": 162569000}, {"maxAge": 1, "endDate": "2018-03-31", "netIncome": -12750727000, "depreciation": 68848000, "changeToNetincome": 13066117000, "changeToAccountReceivables": 4129392000, "changeToLiabilities": 0, "changeToInventory": 1246830000, "changeToOperatingActivities": 5374476000, "totalCashFromOperatingActivities": -1290975000, "capitalExpenditures": -87743000, "investments": -426507000, "otherCashflowsFromInvestingActivities": 295964000, "totalCashflowsFromInvestingActivities": -217814000, "netBorrowings": 2300095000, "otherCashflowsFromFinancingActivities": -628737000, "totalCashFromFinancingActivities": 1671358000, "changeInCash": 162569000}, {"maxAge": 1, "endDate": "2017-03-31", "netIncome": -4026659664, "depreciation": 121633189, "changeToNetincome": 6092655709, "changeToAccountReceivables": -16119072090, "changeToLiabilities": 10837953323, "changeToInventory": 2739891016, "changeToOperatingActivities": 5374476000, "totalCashFromOperatingActivities": -353598517, "capitalExpenditures": -62552078, "investments": 880953655, "otherCashflowsFromInvestingActivities": 324842818, "totalCashflowsFromInvestingActivities": 1307432595, "netBorrowings": 218489038, "otherCashflowsFromFinancingActivities": -1344934450, "totalCashFromFinancingActivities": -1126445412, "changeInCash": -172611334}], "maxAge": 86400}, "indexTrend": {"maxAge": 1, "symbol": "SP5", "peRatio": 19.7411, "pegRatio": 1.34172, "estimates": [{"period": "0q", "growth": 0.549}, {"period": "+1q", "growth": 0.431}, {"period": "0y", "growth": 0.305}, {"period": "+1y", "growth": 0.109}, {"period": "+5y", "growth": 0.120865}, {"period": "-5y"}]}, "defaultKeyStatistics": {"maxAge": 1, "priceHint": 4, "enterpriseValue": 24815458304, "profitMargins": -0.88089997, "floatShares": 2226020771, "sharesOutstanding": 2616300032, "heldPercentInsiders": 0.20668, "heldPercentInstitutions": 0.00456, "beta": 1.754682, "category": null, "bookValue": 17.634, "priceToBook": 0.08222751, "fundFamily": null, "legalType": null, "lastFiscalYearEnd": "2020-03-31 05:30:00", "nextFiscalYearEnd": "2022-03-31 05:30:00", "mostRecentQuarter": "2020-03-31 05:30:00", "netIncomeToCommon": -15621655552, "trailingEps": -5.97, "forwardEps": 2.31, "lastSplitFactor": "2:1", "lastSplitDate": "2007-08-30 05:30:00", "enterpriseToRevenue": 1.406, "enterpriseToEbitda": -5.87}, "industryTrend": {"maxAge": 1, "symbol": null, "estimates": []}, "quoteType": {"exchange": "NSI", "quoteType": "EQUITY", "symbol": "UNITECH.NS", "underlyingSymbol": "UNITECH.NS", "shortName": "UNITECH LIMITED", "longName": "Unitech Limited", "firstTradeDateEpochUtc": "2002-07-01 09:15:00", "timeZoneFullName": "Asia/Kolkata", "timeZoneShortName": "IST", "uuid": "e1b1b35f-5af1-3da1-9a1a-78c54480d587", "gmtOffSetMilliseconds": 19800000, "maxAge": 1}, "incomeStatementHistory": {"incomeStatementHistory": [{"maxAge": 1, "endDate": "2020-03-31", "totalRevenue": 17649390000, "costOfRevenue": 15043500000, "grossProfit": 2605890000, "researchDevelopment": {}, "sellingGeneralAdministrative": 853506000, "nonRecurring": {}, "otherOperatingExpenses": 5979723000, "totalOperatingExpenses": 21945577000, "operatingIncome": -4296187000, "totalOtherIncomeExpenseNet": -11030824000, "ebit": -4296187000, "interestExpense": -7591644000, "incomeBeforeTax": -15327011000, "incomeTaxExpense": 504797000, "minorityInterest": 586601000, "netIncomeFromContinuingOps": -15831808000, "discontinuedOperations": 74359000, "extraordinaryItems": {}, "effectOfAccountingCharges": {}, "otherItems": {}, "netIncome": -15547297000, "netIncomeApplicableToCommonShares": -15547297000}, {"maxAge": 1, "endDate": "2019-03-31", "totalRevenue": 13710405000, "costOfRevenue": 11933677000, "grossProfit": 1776728000, "researchDevelopment": {}, "sellingGeneralAdministrative": 913011000, "nonRecurring": {}, "otherOperatingExpenses": 2518424000, "totalOperatingExpenses": 15455887000, "operatingIncome": -1745482000, "totalOtherIncomeExpenseNet": -6598415000, "ebit": -1745482000, "interestExpense": -5842364000, "incomeBeforeTax": -8343897000, "incomeTaxExpense": -408969000, "minorityInterest": 818525000, "netIncomeFromContinuingOps": -7934928000, "discontinuedOperations": 93699000, "extraordinaryItems": {}, "effectOfAccountingCharges": {}, "otherItems": {}, "netIncome": -7814652000, "netIncomeApplicableToCommonShares": -7814652000}, {"maxAge": 1, "endDate": "2018-03-31", "totalRevenue": 21628563000, "costOfRevenue": 17563712000, "grossProfit": 4064851000, "researchDevelopment": {}, "sellingGeneralAdministrative": 1014330000, "nonRecurring": {}, "otherOperatingExpenses": 3712803000, "totalOperatingExpenses": 22379301000, "operatingIncome": -750738000, "totalOtherIncomeExpenseNet": -12565522000, "ebit": -750738000, "interestExpense": -3189060000, "incomeBeforeTax": -13316260000, "incomeTaxExpense": -144498000, "minorityInterest": -99933000, "netIncomeFromContinuingOps": -13171762000, "discontinuedOperations": 93699000, "extraordinaryItems": {}, "effectOfAccountingCharges": {}, "otherItems": {}, "netIncome": -12750727000, "netIncomeApplicableToCommonShares": -12750727000}, {"maxAge": 1, "endDate": "2017-03-31", "totalRevenue": 17492069069, "costOfRevenue": 17385827378, "grossProfit": 106241691, "researchDevelopment": {}, "sellingGeneralAdministrative": 1351662230, "nonRecurring": {}, "otherOperatingExpenses": 930420243, "totalOperatingExpenses": 19789543040, "operatingIncome": -2297473971, "totalOtherIncomeExpenseNet": -2861034679, "ebit": -2297473971, "interestExpense": -3053120216, "incomeBeforeTax": -5158508650, "incomeTaxExpense": -887928534, "minorityInterest": 330565771, "netIncomeFromContinuingOps": -4270580116, "discontinuedOperations": 93699000, "extraordinaryItems": {}, "effectOfAccountingCharges": {}, "otherItems": {}, "netIncome": -4026659664, "netIncomeApplicableToCommonShares": -4026659664}], "maxAge": 86400}, "fundOwnership": {"ownershipList": [{"maxAge": 1, "reportDate": "2021-03-31", "organization": "SPDR Portfolio Emerging Markets ETF", "pctHeld": 0.00029999999, "position": 768821, "value": 1268554}], "maxAge": 1}, "summaryDetail": {"maxAge": 1, "priceHint": 4, "previousClose": 1.5, "open": 1.55, "dayLow": 1.45, "dayHigh": 1.55, "regularMarketPreviousClose": 1.5, "regularMarketOpen": 1.55, "regularMarketDayLow": 1.45, "regularMarketDayHigh": 1.55, "exDividendDate": "2011-08-11 05:30:00", "payoutRatio": 0.0, "beta": 1.754682, "forwardPE": 0.6277057, "volume": 2307475, "regularMarketVolume": 2307475, "averageVolume": 2158445, "averageVolume10days": 1618354, "averageDailyVolume10Day": 1618354, "bid": 0.0, "ask": 0.0, "bidSize": 0, "askSize": 0, "marketCap": 3945377536, "fiftyTwoWeekLow": 1.15, "fiftyTwoWeekHigh": 2.5, "priceToSalesTrailing12Months": 0.22354187, "fiftyDayAverage": 1.7867647, "twoHundredDayAverage": 1.6617022, "currency": "INR", "fromCurrency": null, "lastMarket": null, "algorithm": null, "tradeable": false}, "insiderHolders": {"holders": [{"maxAge": 1, "name": "Harish (Anil)", "relation": "Director", "url": "", "transactionDescription": "Acquisition", "latestTransDate": "2009-12-31", "positionDirect": 96460, "positionDirectDate": "2009-12-31"}, {"maxAge": 1, "name": "Harsil Projects Pvt Ltd", "relation": "Promoter", "url": "", "transactionDescription": "Other", "latestTransDate": "2013-10-01", "positionDirect": 0, "positionDirectDate": "2013-10-01"}, {"maxAge": 1, "name": "Mayfair Capital Pvt Ltd", "relation": "Promoter", "url": "", "transactionDescription": "Sale", "latestTransDate": "2015-06-03", "positionDirect": 683969913, "positionDirectDate": "2015-06-03"}, {"maxAge": 1, "name": "Mayfair Investments Pvt Ltd", "relation": "Promoter", "url": "", "transactionDescription": "Other", "latestTransDate": "2013-06-28", "positionDirect": 0, "positionDirectDate": "2013-06-28"}, {"maxAge": 1, "name": "Platinum International Fund", "relation": "Investment Advisor", "url": "", "transactionDescription": "Sale", "latestTransDate": "2015-04-07", "positionDirect": 78584196, "positionDirectDate": "2015-04-07"}, {"maxAge": 1, "name": "Platinum Investment Management Ltd A/c Plat", "relation": "Investment Advisor", "url": "", "transactionDescription": "Acquisition", "latestTransDate": "2011-11-21", "positionDirect": 193285803, "positionDirectDate": "2011-11-21"}, {"maxAge": 1, "name": "Prakausali Investments India Pvt Ltd", "relation": "Promoter", "url": "", "transactionDescription": "Other", "latestTransDate": "2013-06-28", "positionDirect": 0, "positionDirectDate": "2013-06-28"}], "maxAge": 1}, "calendarEvents": {"maxAge": 1, "earnings": {"earningsDate": ["2017-09-15 05:30:S", "2017-09-16 05:30:S"]}, "exDividendDate": "2011-08-11 05:30:00"}, "upgradeDowngradeHistory": {"history": [], "maxAge": 86400}, "price": {"maxAge": 1, "regularMarketChangePercent": -0.0333333, "regularMarketChange": -0.049999952, "regularMarketTime": "2021-04-30 15:29:49", "priceHint": 4, "regularMarketPrice": 1.45, "regularMarketDayHigh": 1.55, "regularMarketDayLow": 1.45, "regularMarketVolume": 2307475, "averageDailyVolume10Day": 1618354, "averageDailyVolume3Month": 2158445, "regularMarketPreviousClose": 1.5, "regularMarketSource": "FREE_REALTIME", "regularMarketOpen": 1.55, "exchange": "NSI", "exchangeName": "NSE", "exchangeDataDelayedBy": 15, "marketState": "CLOSED", "quoteType": "EQUITY", "symbol": "UNITECH.NS", "underlyingSymbol": null, "shortName": "UNITECH LIMITED", "longName": "Unitech Limited", "currency": "INR", "quoteSourceName": "Delayed Quote", "currencySymbol": "\u20b9", "fromCurrency": null, "lastMarket": null, "marketCap": 3945377536}, "balanceSheetHistory": {"balanceSheetStatements": [{"maxAge": 1, "endDate": "2020-03-31", "cash": 904763000, "shortTermInvestments": 10471000, "netReceivables": 7786630000, "inventory": 28421107000, "otherCurrentAssets": 190490375000, "totalCurrentAssets": 227613346000, "longTermInvestments": 20632908000, "propertyPlantEquipment": 2672449000, "goodWill": 4025954000, "intangibleAssets": 1267000, "otherAssets": 3822701000, "deferredLongTermAssetCharges": 3399601000, "totalAssets": 258768625000, "accountsPayable": 11433712000, "otherCurrentLiab": 178442130000, "longTermDebt": 11155479000, "otherLiab": 964578000, "minorityInterest": 586601000, "totalCurrentLiabilities": 199941352000, "totalLiab": 212061409000, "commonStock": 5232602000, "treasuryStock": 40888013000, "otherStockholderEquity": 40888013000, "totalStockholderEquity": 46120615000, "netTangibleAssets": 42093394000}, {"maxAge": 1, "endDate": "2019-03-31", "cash": 1204373000, "shortTermInvestments": 2760000, "netReceivables": 14218028000, "inventory": 29667935000, "otherCurrentAssets": 191687573000, "totalCurrentAssets": 236780669000, "longTermInvestments": 20196491000, "propertyPlantEquipment": 2718745000, "goodWill": 7414450000, "intangibleAssets": 1302000, "otherAssets": 4234239000, "deferredLongTermAssetCharges": 3691127000, "totalAssets": 271345896000, "accountsPayable": 10345109000, "otherCurrentLiab": 174166474000, "longTermDebt": 18015335000, "otherLiab": 1008050000, "minorityInterest": 818525000, "totalCurrentLiabilities": 189104815000, "totalLiab": 208128200000, "commonStock": 5232602000, "treasuryStock": 57166569000, "otherStockholderEquity": 57166569000, "totalStockholderEquity": 62399171000, "netTangibleAssets": 54983419000}, {"maxAge": 1, "endDate": "2018-03-31", "cash": 860763000, "shortTermInvestments": 4197000, "netReceivables": 13625048000, "inventory": 30210867000, "otherCurrentAssets": 187246076000, "totalCurrentAssets": 231946951000, "longTermInvestments": 20362950000, "propertyPlantEquipment": 3708998000, "goodWill": 8164059000, "intangibleAssets": 31220000, "otherAssets": 3705779000, "deferredLongTermAssetCharges": 2965139000, "totalAssets": 267919957000, "accountsPayable": 10766494000, "otherCurrentLiab": 146481665000, "longTermDebt": 19764807000, "otherLiab": 1501605000, "minorityInterest": -99933000, "totalCurrentLiabilities": 169930654000, "totalLiab": 191197066000, "commonStock": 5232602000, "treasuryStock": 71590222000, "otherStockholderEquity": 71590222000, "totalStockholderEquity": 76822824000, "netTangibleAssets": 68627545000}, {"maxAge": 1, "endDate": "2017-03-31", "cash": 1204221739, "shortTermInvestments": 3965196, "netReceivables": 46275163129, "inventory": 161153726205, "otherCurrentAssets": 23413768084, "totalCurrentAssets": 232496955102, "longTermInvestments": 20572038317, "propertyPlantEquipment": 4702045012, "goodWill": 18831780804, "intangibleAssets": 62077647, "otherAssets": 5228601240, "deferredLongTermAssetCharges": 2939338461, "totalAssets": 281893498122, "accountsPayable": 12370890591, "shortLongTermDebt": 35662579895, "otherCurrentLiab": 83019986084, "longTermDebt": 19262784806, "otherLiab": 2078280752, "minorityInterest": 330565771, "totalCurrentLiabilities": 168077171884, "totalLiab": 189442233467, "commonStock": 5232602094, "retainedEarnings": 34644098168, "treasuryStock": -970062774, "capitalSurplus": 53214061396, "otherStockholderEquity": -970062774, "totalStockholderEquity": 92120698884, "netTangibleAssets": 73226840433}], "maxAge": 86400}, "earningsTrend": {"trend": [{"maxAge": 1, "period": "0q", "endDate": null, "growth": {}, "earningsEstimate": {"avg": 0.0, "low": 0.0, "high": 0.0, "yearAgoEps": {}, "numberOfAnalysts": 0, "growth": {}}, "revenueEstimate": {"avg": 0, "low": 0, "high": 0, "numberOfAnalysts": 0, "yearAgoRevenue": {}, "growth": {}}, "epsTrend": {"current": 0.0, "7daysAgo": 0.0, "30daysAgo": 0.0, "60daysAgo": 0.0, "90daysAgo": 0.0}, "epsRevisions": {"upLast7days": 0, "upLast30days": 0, "downLast30days": 0, "downLast90days": {}}}, {"maxAge": 1, "period": "+1q", "endDate": null, "growth": {}, "earningsEstimate": {"avg": 0.0, "low": 0.0, "high": 0.0, "yearAgoEps": {}, "numberOfAnalysts": 0, "growth": {}}, "revenueEstimate": {"avg": 0, "low": 0, "high": 0, "numberOfAnalysts": 0, "yearAgoRevenue": {}, "growth": {}}, "epsTrend": {"current": 0.0, "7daysAgo": 0.0, "30daysAgo": 0.0, "60daysAgo": 0.0, "90daysAgo": 0.0}, "epsRevisions": {"upLast7days": 0, "upLast30days": 0, "downLast30days": 0, "downLast90days": {}}}, {"maxAge": 1, "period": "0y", "endDate": null, "growth": {}, "earningsEstimate": {"avg": 0.0, "low": 0.0, "high": 0.0, "yearAgoEps": {}, "numberOfAnalysts": 0, "growth": {}}, "revenueEstimate": {"avg": 0, "low": 0, "high": 0, "numberOfAnalysts": 0, "yearAgoRevenue": {}, "growth": {}}, "epsTrend": {"current": 0.0, "7daysAgo": 0.0, "30daysAgo": 0.0, "60daysAgo": 0.0, "90daysAgo": 0.0}, "epsRevisions": {"upLast7days": 0, "upLast30days": 0, "downLast30days": 0, "downLast90days": {}}}, {"maxAge": 1, "period": "+1y", "endDate": null, "growth": {}, "earningsEstimate": {"avg": 0.0, "low": 0.0, "high": 0.0, "yearAgoEps": {}, "numberOfAnalysts": 0, "growth": {}}, "revenueEstimate": {"avg": 0, "low": 0, "high": 0, "numberOfAnalysts": 0, "yearAgoRevenue": {}, "growth": {}}, "epsTrend": {"current": 0.0, "7daysAgo": 0.0, "30daysAgo": 0.0, "60daysAgo": 0.0, "90daysAgo": 0.0}, "epsRevisions": {"upLast7days": 0, "upLast30days": 0, "downLast30days": 0, "downLast90days": {}}}, {"maxAge": 1, "period": "+5y", "endDate": null, "growth": 0.584, "earningsEstimate": {"avg": {}, "low": {}, "high": {}, "yearAgoEps": {}, "numberOfAnalysts": {}, "growth": {}}, "revenueEstimate": {"avg": {}, "low": {}, "high": {}, "numberOfAnalysts": {}, "yearAgoRevenue": {}, "growth": {}}, "epsTrend": {"current": {}, "7daysAgo": {}, "30daysAgo": {}, "60daysAgo": {}, "90daysAgo": {}}, "epsRevisions": {"upLast7days": {}, "upLast30days": {}, "downLast30days": {}, "downLast90days": {}}}, {"maxAge": 1, "period": "-5y", "endDate": null, "growth": 0.36983, "earningsEstimate": {"avg": {}, "low": {}, "high": {}, "yearAgoEps": {}, "numberOfAnalysts": {}, "growth": {}}, "revenueEstimate": {"avg": {}, "low": {}, "high": {}, "numberOfAnalysts": {}, "yearAgoRevenue": {}, "growth": {}}, "epsTrend": {"current": {}, "7daysAgo": {}, "30daysAgo": {}, "60daysAgo": {}, "90daysAgo": {}}, "epsRevisions": {"upLast7days": {}, "upLast30days": {}, "downLast30days": {}, "downLast90days": {}}}], "maxAge": 1}, "institutionOwnership": {"ownershipList": [], "maxAge": 1}, "majorHoldersBreakdown": {"maxAge": 1, "insidersPercentHeld": 0.20668, "institutionsPercentHeld": 0.00456, "institutionsFloatPercentHeld": 0.00575, "institutionsCount": 2}, "balanceSheetHistoryQuarterly": {"balanceSheetStatements": [{"maxAge": 1, "endDate": "2020-03-31", "cash": 904763000, "shortTermInvestments": 10471000, "netReceivables": 7786630000, "inventory": 28421107000, "otherCurrentAssets": 190490375000, "totalCurrentAssets": 227613346000, "longTermInvestments": 20632908000, "propertyPlantEquipment": 2672449000, "goodWill": 4025954000, "intangibleAssets": 1267000, "otherAssets": 3822701000, "deferredLongTermAssetCharges": 3399601000, "totalAssets": 258768625000, "accountsPayable": 11433712000, "otherCurrentLiab": 178442130000, "longTermDebt": 11155479000, "otherLiab": 964578000, "minorityInterest": 586601000, "totalCurrentLiabilities": 199941352000, "totalLiab": 212061409000, "commonStock": 5232602000, "treasuryStock": 40888013000, "otherStockholderEquity": 40888013000, "totalStockholderEquity": 46120615000, "netTangibleAssets": 42093394000}, {"maxAge": 1, "endDate": "2019-12-31", "totalStockholderEquity": 59936895000, "netTangibleAssets": 52521163000}, {"maxAge": 1, "endDate": "2019-09-30", "cash": 827553000, "shortTermInvestments": 2908000, "netReceivables": 12780050000, "inventory": 29541218000, "otherCurrentAssets": 193990542000, "totalCurrentAssets": 237142271000, "longTermInvestments": 20249463000, "propertyPlantEquipment": 2602961000, "goodWill": 7414450000, "intangibleAssets": 1282000, "otherAssets": 3819936000, "deferredLongTermAssetCharges": 3416088000, "totalAssets": 271230363000, "accountsPayable": 10241387000, "otherCurrentLiab": 178313503000, "longTermDebt": 16231004000, "otherLiab": 1099469000, "minorityInterest": 800680000, "totalCurrentLiabilities": 193162315000, "totalLiab": 210492788000, "commonStock": 5232602000, "treasuryStock": 54704293000, "otherStockholderEquity": 54704293000, "totalStockholderEquity": 59936895000, "netTangibleAssets": 52521163000}, {"maxAge": 1, "endDate": "2019-06-30", "totalStockholderEquity": 62399171000, "netTangibleAssets": 54983419000}], "maxAge": 86400}, "earningsHistory": {"history": [{"maxAge": 1, "epsActual": {}, "epsEstimate": {}, "epsDifference": {}, "surprisePercent": {}, "quarter": {}, "period": "-4q"}, {"maxAge": 1, "epsActual": {}, "epsEstimate": {}, "epsDifference": {}, "surprisePercent": {}, "quarter": {}, "period": "-3q"}, {"maxAge": 1, "epsActual": {}, "epsEstimate": {}, "epsDifference": {}, "surprisePercent": {}, "quarter": {}, "period": "-2q"}, {"maxAge": 1, "epsActual": {}, "epsEstimate": {}, "epsDifference": {}, "surprisePercent": {}, "quarter": {}, "period": "-1q"}], "maxAge": 86400}, "summaryProfile": {"address1": "6 Community Centre", "address2": "Saket", "city": "New Delhi", "zip": "110017", "country": "India", "phone": "91 11 4166 4040", "fax": "91 11 2685 7338", "website": "http://www.unitechgroup.com", "industry": "Real Estate\u2014Diversified", "sector": "Real Estate", "longBusinessSummary": "Unitech Limited develops and leases real estate properties in India. The company develops commercial complexes, IT/ITes parks, SEZs, schools, hotels, malls, golf courses, and amusement parks. It also develops integrated residential projects, which include villas, apartments, offices, retail spaces, schools, clubs, floors, plots, and townships. In addition, the company leases IT/ITes and commercial office spaces; and provides property management and consultancy services. Unitech Limited was founded in 1971 and is based in New Delhi, India.", "companyOfficers": [], "maxAge": 86400}, "netSharePurchaseActivity": {"maxAge": 1, "period": "6m", "buyInfoCount": 0, "buyInfoShares": 0, "sellInfoCount": 0, "netInfoCount": 0, "netInfoShares": 0, "netPercentInsiderShares": 0.0, "totalInsiderShares": 540551232}, "insiderTransactions": {"transactions": [{"maxAge": 1, "shares": 91660000, "filerUrl": "", "transactionText": "", "filerName": "Mayfair Capital Pvt Ltd", "filerRelation": "Promoter", "moneyText": "", "startDate": "2015-06-03", "ownership": "D"}, {"maxAge": 1, "shares": 101228566, "filerUrl": "", "transactionText": "", "filerName": "Mayfair Capital Pvt Ltd", "filerRelation": "Promoter", "moneyText": "", "startDate": "2015-06-03", "ownership": "D"}, {"maxAge": 1, "shares": 932000, "filerUrl": "", "transactionText": "", "filerName": "Mayfair Capital Pvt Ltd", "filerRelation": "Promoter", "moneyText": "", "startDate": "2015-06-01", "ownership": "D"}, {"maxAge": 1, "shares": 58994745, "filerUrl": "", "transactionText": "", "filerName": "Mayfair Capital Pvt Ltd", "filerRelation": "Promoter", "moneyText": "", "startDate": "2015-05-25", "ownership": "D"}, {"maxAge": 1, "shares": 114701607, "filerUrl": "", "transactionText": "", "filerName": "Platinum International Fund", "filerRelation": "Investment Advisor", "moneyText": "", "startDate": "2015-04-07", "ownership": "D"}, {"maxAge": 1, "shares": 12500000, "filerUrl": "", "transactionText": "", "filerName": "Mayfair Capital Pvt Ltd", "filerRelation": "Promoter", "moneyText": "", "startDate": "2015-03-12", "ownership": "D"}, {"maxAge": 1, "shares": 8200000, "filerUrl": "", "transactionText": "", "filerName": "Mayfair Capital Pvt Ltd", "filerRelation": "Promoter", "moneyText": "", "startDate": "2015-02-27", "ownership": "D"}, {"maxAge": 1, "shares": 500000, "filerUrl": "", "transactionText": "", "filerName": "Mayfair Capital Pvt Ltd", "filerRelation": "Promoter", "moneyText": "", "startDate": "2015-01-20", "ownership": "D"}, {"maxAge": 1, "shares": 78522000, "filerUrl": "", "transactionText": "", "filerName": "Mayfair Capital Pvt Ltd", "filerRelation": "Promoter", "moneyText": "", "startDate": "2015-01-19", "ownership": "D"}, {"maxAge": 1, "shares": 227501000, "filerUrl": "", "transactionText": "", "filerName": "Harsil Projects Pvt Ltd", "filerRelation": "Promoter", "moneyText": "", "startDate": "2013-10-01", "ownership": "D"}, {"maxAge": 1, "shares": 227501000, "filerUrl": "", "transactionText": "", "filerName": "Mayfair Capital Pvt Ltd", "filerRelation": "Promoter", "moneyText": "", "startDate": "2013-10-01", "ownership": "D"}, {"maxAge": 1, "shares": 2050000, "filerUrl": "", "transactionText": "", "filerName": "Mayfair Capital Pvt Ltd", "filerRelation": "Promoter", "moneyText": "", "startDate": "2013-07-03", "ownership": "D"}, {"maxAge": 1, "shares": 103311765, "filerUrl": "", "transactionText": "", "filerName": "Mayfair Investments Pvt Ltd", "filerRelation": "Promoter", "moneyText": "", "startDate": "2013-06-28", "ownership": "D"}, {"maxAge": 1, "shares": 667427658, "filerUrl": "", "transactionText": "", "filerName": "Mayfair Capital Pvt Ltd", "filerRelation": "Promoter", "moneyText": "", "startDate": "2013-06-28", "ownership": "D"}, {"maxAge": 1, "shares": 563679623, "filerUrl": "", "transactionText": "", "filerName": "Prakausali Investments India Pvt Ltd", "filerRelation": "Promoter", "moneyText": "", "startDate": "2013-06-28", "ownership": "D"}, {"maxAge": 1, "shares": 58323713, "filerUrl": "", "transactionText": "", "filerName": "Platinum Investment Management Ltd A/c Plat", "filerRelation": "Investment Advisor", "moneyText": "", "startDate": "2011-11-21", "ownership": "D"}, {"maxAge": 1, "shares": 6056100, "filerUrl": "", "transactionText": "", "filerName": "Platinum Investment Management Ltd A/c Plat", "filerRelation": "Investment Advisor", "moneyText": "", "startDate": "2011-03-24", "ownership": "D"}, {"maxAge": 1, "shares": 20000000, "filerUrl": "", "transactionText": "", "filerName": "Harsil Projects Pvt Ltd", "filerRelation": "Institution- Corporation", "moneyText": "", "startDate": "2010-06-18", "ownership": "D"}, {"maxAge": 1, "shares": 12000, "filerUrl": "", "transactionText": "", "filerName": "Harish (Anil)", "filerRelation": "Director", "moneyText": "", "startDate": "2009-12-31", "ownership": "D"}], "maxAge": 1}, "sectorTrend": {"maxAge": 1, "symbol": null, "estimates": []}, "incomeStatementHistoryQuarterly": {"incomeStatementHistory": [{"maxAge": 1, "endDate": "2020-03-31", "totalRevenue": 1481551000, "costOfRevenue": 3508993000, "grossProfit": -2027442000, "researchDevelopment": {}, "sellingGeneralAdministrative": 199735000, "nonRecurring": {}, "otherOperatingExpenses": 3843065000, "totalOperatingExpenses": 7569354000, "operatingIncome": -6087803000, "totalOtherIncomeExpenseNet": -7154184000, "ebit": -6087803000, "interestExpense": -3725969000, "incomeBeforeTax": -13241987000, "incomeTaxExpense": 155624000, "minorityInterest": 586601000, "netIncomeFromContinuingOps": -13397611000, "discontinuedOperations": 11083000, "extraordinaryItems": {}, "effectOfAccountingCharges": {}, "otherItems": {}, "netIncome": -13155471000, "netIncomeApplicableToCommonShares": -13155471000}, {"maxAge": 1, "endDate": "2019-12-31", "totalRevenue": 7848415000, "costOfRevenue": 5717382000, "grossProfit": 2131033000, "researchDevelopment": {}, "sellingGeneralAdministrative": 221847000, "nonRecurring": {}, "otherOperatingExpenses": 682997000, "totalOperatingExpenses": 6640087000, "operatingIncome": 1208328000, "totalOtherIncomeExpenseNet": -1320340000, "ebit": 1208328000, "interestExpense": -1320152000, "incomeBeforeTax": -112012000, "incomeTaxExpense": 14445000, "minorityInterest": 586601000, "netIncomeFromContinuingOps": -126457000, "discontinuedOperations": 10745000, "extraordinaryItems": {}, "effectOfAccountingCharges": {}, "otherItems": {}, "netIncome": -154461000, "netIncomeApplicableToCommonShares": -154461000}, {"maxAge": 1, "endDate": "2019-09-30", "totalRevenue": 5147683000, "costOfRevenue": 3734923000, "grossProfit": 1412760000, "researchDevelopment": {}, "sellingGeneralAdministrative": 217456000, "nonRecurring": {}, "otherOperatingExpenses": 747284000, "totalOperatingExpenses": 4716872000, "operatingIncome": 430811000, "totalOtherIncomeExpenseNet": -1314006000, "ebit": 430811000, "interestExpense": -1297827000, "incomeBeforeTax": -883195000, "incomeTaxExpense": 314849000, "minorityInterest": 800680000, "netIncomeFromContinuingOps": -1198044000, "discontinuedOperations": 26520000, "extraordinaryItems": {}, "effectOfAccountingCharges": {}, "otherItems": {}, "netIncome": -1141614000, "netIncomeApplicableToCommonShares": -1141614000}, {"maxAge": 1, "endDate": "2019-06-30", "totalRevenue": 2359941000, "costOfRevenue": 2082202000, "grossProfit": 277739000, "researchDevelopment": {}, "sellingGeneralAdministrative": 214468000, "nonRecurring": {}, "otherOperatingExpenses": 182455000, "totalOperatingExpenses": 2495342000, "operatingIncome": -135401000, "totalOtherIncomeExpenseNet": -954416000, "ebit": -135401000, "interestExpense": -1247696000, "incomeBeforeTax": -1089817000, "incomeTaxExpense": 19879000, "minorityInterest": 800680000, "netIncomeFromContinuingOps": -1109696000, "discontinuedOperations": 21403000, "extraordinaryItems": {}, "effectOfAccountingCharges": {}, "otherItems": {}, "netIncome": -1100359000, "netIncomeApplicableToCommonShares": -1100359000}], "maxAge": 86400}, "cashflowStatementHistoryQuarterly": {"cashflowStatements": [{"maxAge": 1, "endDate": "2020-03-31", "netIncome": -13155471000, "changeToLiabilities": 0}, {"maxAge": 1, "endDate": "2019-12-31", "netIncome": -154461000, "changeToLiabilities": 0}, {"maxAge": 1, "endDate": "2019-09-30", "netIncome": -1141614000, "changeToLiabilities": 0}, {"maxAge": 1, "endDate": "2019-06-30", "netIncome": -1100359000, "changeToLiabilities": 0}], "maxAge": 86400}, "earnings": {"maxAge": 86400, "earningsChart": {"quarterly": [], "earningsDate": ["2017-09-15 05:30:S", "2017-09-16 05:30:S"]}, "financialsChart": {"yearly": [{"date": 2017, "revenue": 17492069069, "earnings": -4026659664}, {"date": 2018, "revenue": 21628563000, "earnings": -12750727000}, {"date": 2019, "revenue": 13710405000, "earnings": -7814652000}, {"date": 2020, "revenue": 17649390000, "earnings": -15547297000}], "quarterly": [{"date": "2Q2019", "revenue": 2359941000, "earnings": -1100359000}, {"date": "3Q2019", "revenue": 5147683000, "earnings": -1141614000}, {"date": "4Q2019", "revenue": 7848415000, "earnings": -154461000}, {"date": "1Q2020", "revenue": 1481551000, "earnings": -13155471000}]}, "financialCurrency": "INR"}, "financialData": {"maxAge": 86400, "currentPrice": 1.45, "targetHighPrice": 5.4, "targetLowPrice": 5.4, "targetMeanPrice": 5.4, "targetMedianPrice": 5.4, "recommendationKey": "none", "numberOfAnalystOpinions": 1, "totalCash": 915233984, "totalCashPerShare": 0.35, "ebitda": -4227339008, "totalDebt": 21220988928, "quickRatio": 0.039, "currentRatio": 1.138, "totalRevenue": 17649389568, "debtToEquity": 45.434, "revenuePerShare": 6.777, "returnOnAssets": -0.01013, "returnOnEquity": -0.28805, "grossProfits": 2605890000, "freeCashflow": 6790893568, "operatingCashflow": -1290974976, "revenueGrowth": -0.777, "grossMargins": 0.14765, "ebitdaMargins": -0.23952, "operatingMargins": -0.24341999, "profitMargins": -0.88089997, "financialCurrency": "INR"}}}