{"UNIVASTU.NS": {"assetProfile": {"address1": "Bunglow No: 36/B", "address2": "C.T.S. No 994 & 945 (S.No.117 & 118) Madhav Baug, Shivtirth Nagar Kothrud, Paud Road", "city": "Pune", "zip": "411038", "country": "India", "phone": "91 20 2543 4617", "website": "http://www.univastu.com", "industry": "Engineering & Construction", "sector": "Industrials", "longBusinessSummary": "Univastu India Limited operates as a construction company in India. The company provides integrated engineering, procurement, and construction services for civil and structural construction and infrastructure sector projects. It handles turnkey, civil construction, mass housing, water supply and drainage, road, and minor irrigation projects, as well as sports complexes, multi-purpose halls, commercial and industrial structures, hospitals, educational institutions, etc. The company is also involved in the trading of construction materials, including steel, cement, and electrical materials. It serves public and commercial sectors. The company was founded in 2009 and is headquartered in Pune, India.", "fullTimeEmployees": 150, "companyOfficers": [{"maxAge": 1, "name": "Mr. Pradeep Kishan Khandagale", "age": 41, "title": "Chairman & MD", "yearBorn": 1979, "fiscalYear": 2020, "totalPay": 4200000, "exercisedValue": 0, "unexercisedValue": 0}, {"maxAge": 1, "name": "Mr. Pravin  Patil", "age": 30, "title": "Chief Financial Officer", "yearBorn": 1990, "fiscalYear": 2020, "totalPay": 1070000, "exercisedValue": 0, "unexercisedValue": 0}, {"maxAge": 1, "name": "Ms. Amruta  Sant", "title": "Company Sec. & Compliance Officer", "fiscalYear": 2020, "totalPay": 0, "exercisedValue": 0, "unexercisedValue": 0}, {"maxAge": 1, "name": "Mr. Chetan  Bhutada", "age": 34, "title": "Gen. Mang. - Accounts", "yearBorn": 1986, "exercisedValue": 0, "unexercisedValue": 0}, {"maxAge": 1, "name": "Mr. Narendra  Bhagatkar", "age": 61, "title": "Exec. Director", "yearBorn": 1959, "exercisedValue": 0, "unexercisedValue": 0}], "compensationAsOfEpochDate": "2020-12-31 05:30:00", "maxAge": 86400}, "cashflowStatementHistory": {"cashflowStatements": [{"maxAge": 1, "endDate": "2020-03-31", "netIncome": 43316455, "depreciation": 11181938, "changeToNetincome": 45210598, "changeToAccountReceivables": 174509578, "changeToLiabilities": -37984025, "changeToInventory": -178855873, "changeToOperatingActivities": -35390496, "totalCashFromOperatingActivities": 21988175, "capitalExpenditures": -14350852, "totalCashflowsFromInvestingActivities": -14350852, "netBorrowings": 54351241, "otherCashflowsFromFinancingActivities": -42859586, "totalCashFromFinancingActivities": 11491655, "changeInCash": 19128978}, {"maxAge": 1, "endDate": "2019-03-31", "netIncome": 45212692, "depreciation": 7663124, "changeToNetincome": 42507643, "changeToAccountReceivables": -19256918, "changeToLiabilities": 57366555, "changeToInventory": -118037192, "changeToOperatingActivities": -13922636, "totalCashFromOperatingActivities": 1533268, "capitalExpenditures": -57260686, "totalCashflowsFromInvestingActivities": -57260686, "netBorrowings": 123469544, "otherCashflowsFromFinancingActivities": -42319382, "totalCashFromFinancingActivities": 81150162, "changeInCash": 25422743}, {"maxAge": 1, "endDate": "2018-03-31", "netIncome": 33270000, "depreciation": 4717000, "changeToNetincome": 17515000, "changeToAccountReceivables": -196945000, "changeToLiabilities": 165768000, "changeToInventory": -67869000, "changeToOperatingActivities": -36078000, "totalCashFromOperatingActivities": -79622000, "capitalExpenditures": -31035000, "investments": 3862000, "totalCashflowsFromInvestingActivities": -27173000, "netBorrowings": 85945000, "otherCashflowsFromFinancingActivities": -27606000, "totalCashFromFinancingActivities": 118219000, "changeInCash": 11353000, "issuanceOfStock": 59880000}, {"maxAge": 1, "endDate": "2017-03-31", "netIncome": 13648000, "depreciation": 4646000, "changeToNetincome": 13757000, "changeToAccountReceivables": -15426000, "changeToLiabilities": 26612000, "changeToInventory": -17734000, "changeToOperatingActivities": -5260000, "totalCashFromOperatingActivities": 20243000, "capitalExpenditures": -26085000, "investments": -1900000, "otherCashflowsFromInvestingActivities": 570000, "totalCashflowsFromInvestingActivities": -27415000, "netBorrowings": 6351000, "otherCashflowsFromFinancingActivities": -15365000, "totalCashFromFinancingActivities": 1398000, "changeInCash": -5774000, "issuanceOfStock": 10412000}], "maxAge": 86400}, "institutionOwnership": {"ownershipList": [], "maxAge": 1}, "majorHoldersBreakdown": {"maxAge": 1}, "balanceSheetHistoryQuarterly": {"balanceSheetStatements": [{"maxAge": 1, "endDate": "2020-12-31", "cash": 44366426, "shortTermInvestments": 17491295, "netReceivables": 756078585, "otherCurrentAssets": 6799517, "totalCurrentAssets": 824735823, "longTermInvestments": 95498377, "propertyPlantEquipment": 112625848, "intangibleAssets": 450, "otherAssets": 33284184, "totalAssets": 1066144682, "accountsPayable": 207681388, "otherCurrentLiab": 18178582, "longTermDebt": 101606749, "otherLiab": 158529315, "minorityInterest": 956505, "totalCurrentLiabilities": 547717116, "totalLiab": 807853180, "commonStock": 113646000, "treasuryStock": 143688997, "otherStockholderEquity": 143688997, "totalStockholderEquity": 257334997, "netTangibleAssets": 257334547}, {"maxAge": 1, "endDate": "2020-09-30", "cash": 47648994, "shortTermInvestments": 17948736, "netReceivables": 729115776, "otherCurrentAssets": 7632537, "totalCurrentAssets": 802346043, "longTermInvestments": 105069480, "propertyPlantEquipment": 115326637, "intangibleAssets": 450, "otherAssets": 33284184, "totalAssets": 1056026794, "accountsPayable": 229727823, "otherCurrentLiab": 14953314, "longTermDebt": 97214848, "otherLiab": 160431036, "minorityInterest": 901016, "totalCurrentLiabilities": 554407818, "totalLiab": 812053702, "commonStock": 113646000, "treasuryStock": 129426076, "otherStockholderEquity": 129426076, "totalStockholderEquity": 243072076, "netTangibleAssets": 243071626}, {"maxAge": 1, "endDate": "2020-06-30", "totalStockholderEquity": 237555625, "netTangibleAssets": 237555175}, {"maxAge": 1, "endDate": "2019-12-31"}], "maxAge": 86400}, "indexTrend": {"maxAge": 1, "symbol": "SP5", "peRatio": 19.7411, "pegRatio": 1.34172, "estimates": [{"period": "0q", "growth": 0.549}, {"period": "+1q", "growth": 0.431}, {"period": "0y", "growth": 0.305}, {"period": "+1y", "growth": 0.109}, {"period": "+5y", "growth": 0.120865}, {"period": "-5y"}]}, "defaultKeyStatistics": {"maxAge": 1, "priceHint": 2, "enterpriseValue": 822151488, "profitMargins": 0.068179995, "floatShares": 1685574, "sharesOutstanding": 11364600, "beta": 0.331109, "category": null, "bookValue": 22.694, "priceToBook": 1.8352869, "fundFamily": null, "legalType": null, "lastFiscalYearEnd": "2020-03-31 05:30:00", "nextFiscalYearEnd": "2022-03-31 05:30:00", "mostRecentQuarter": "2020-12-31 05:30:00", "earningsQuarterlyGrowth": 0.342, "netIncomeToCommon": 32842576, "trailingEps": 2.882, "lastSplitFactor": "2:1", "lastSplitDate": "2019-12-19 05:30:00", "enterpriseToRevenue": 1.707, "enterpriseToEbitda": 8.426}, "summaryProfile": {"address1": "Bunglow No: 36/B", "address2": "C.T.S. No 994 & 945 (S.No.117 & 118) Madhav Baug, Shivtirth Nagar Kothrud, Paud Road", "city": "Pune", "zip": "411038", "country": "India", "phone": "91 20 2543 4617", "website": "http://www.univastu.com", "industry": "Engineering & Construction", "sector": "Industrials", "longBusinessSummary": "Univastu India Limited operates as a construction company in India. The company provides integrated engineering, procurement, and construction services for civil and structural construction and infrastructure sector projects. It handles turnkey, civil construction, mass housing, water supply and drainage, road, and minor irrigation projects, as well as sports complexes, multi-purpose halls, commercial and industrial structures, hospitals, educational institutions, etc. The company is also involved in the trading of construction materials, including steel, cement, and electrical materials. It serves public and commercial sectors. The company was founded in 2009 and is headquartered in Pune, India.", "fullTimeEmployees": 150, "companyOfficers": [], "maxAge": 86400}, "netSharePurchaseActivity": {"maxAge": 1, "period": "6m", "buyInfoCount": 0, "buyInfoShares": 0, "sellInfoCount": 0, "netInfoCount": 0, "netInfoShares": 0, "totalInsiderShares": 0}, "quoteType": {"exchange": "NSI", "quoteType": "EQUITY", "symbol": "UNIVASTU.NS", "underlyingSymbol": "UNIVASTU.NS", "shortName": "Univastu India Limited", "longName": "Univastu India Limited", "firstTradeDateEpochUtc": "2018-06-27 09:15:00", "timeZoneFullName": "Asia/Kolkata", "timeZoneShortName": "IST", "uuid": "8d30bde9-f254-3c4f-ac4e-1ed8f05b05f7", "gmtOffSetMilliseconds": 19800000, "maxAge": 1}, "incomeStatementHistory": {"incomeStatementHistory": [{"maxAge": 1, "endDate": "2020-03-31", "totalRevenue": 1060595153, "costOfRevenue": 698560092, "grossProfit": 362035061, "researchDevelopment": {}, "sellingGeneralAdministrative": 104785051, "nonRecurring": {}, "otherOperatingExpenses": 148856432, "totalOperatingExpenses": 963383513, "operatingIncome": 97211640, "totalOtherIncomeExpenseNet": -38766980, "ebit": 97211640, "interestExpense": -33156134, "incomeBeforeTax": 58444660, "incomeTaxExpense": 14540071, "minorityInterest": 766689, "netIncomeFromContinuingOps": 43904589, "discontinuedOperations": {}, "extraordinaryItems": {}, "effectOfAccountingCharges": {}, "otherItems": {}, "netIncome": 43316455, "netIncomeApplicableToCommonShares": 43316455}, {"maxAge": 1, "endDate": "2019-03-31", "totalRevenue": 1009012300, "costOfRevenue": 679736093, "grossProfit": 329276207, "researchDevelopment": {}, "sellingGeneralAdministrative": 78418692, "nonRecurring": {}, "otherOperatingExpenses": 139919088, "totalOperatingExpenses": 905736997, "operatingIncome": 103275303, "totalOtherIncomeExpenseNet": -40671685, "ebit": 103275303, "interestExpense": -31877093, "incomeBeforeTax": 62603618, "incomeTaxExpense": 17236371, "minorityInterest": 178555, "netIncomeFromContinuingOps": 45367247, "discontinuedOperations": {}, "extraordinaryItems": {}, "effectOfAccountingCharges": {}, "otherItems": {}, "netIncome": 45212692, "netIncomeApplicableToCommonShares": 45212692}, {"maxAge": 1, "endDate": "2018-03-31", "totalRevenue": 815413000, "costOfRevenue": 580189000, "grossProfit": 235224000, "researchDevelopment": {}, "sellingGeneralAdministrative": 43841000, "nonRecurring": {}, "otherOperatingExpenses": 126392000, "totalOperatingExpenses": 755139000, "operatingIncome": 60274000, "totalOtherIncomeExpenseNet": -13675000, "ebit": 60274000, "interestExpense": -16947000, "incomeBeforeTax": 46599000, "incomeTaxExpense": 13329000, "minorityInterest": 178555, "netIncomeFromContinuingOps": 33270000, "discontinuedOperations": {}, "extraordinaryItems": {}, "effectOfAccountingCharges": {}, "otherItems": {}, "netIncome": 33270000, "netIncomeApplicableToCommonShares": 33270000}, {"maxAge": 1, "endDate": "2017-03-31", "totalRevenue": 417182000, "costOfRevenue": 319131000, "grossProfit": 98051000, "researchDevelopment": {}, "sellingGeneralAdministrative": 27819000, "nonRecurring": {}, "otherOperatingExpenses": 23141000, "totalOperatingExpenses": 374737000, "operatingIncome": 42445000, "totalOtherIncomeExpenseNet": -23406000, "ebit": 42445000, "interestExpense": -19038000, "incomeBeforeTax": 19039000, "incomeTaxExpense": 5391000, "minorityInterest": 178555, "netIncomeFromContinuingOps": 13648000, "discontinuedOperations": {}, "extraordinaryItems": {}, "effectOfAccountingCharges": {}, "otherItems": {}, "netIncome": 13648000, "netIncomeApplicableToCommonShares": 13648000}], "maxAge": 86400}, "fundOwnership": {"ownershipList": [], "maxAge": 1}, "summaryDetail": {"maxAge": 1, "priceHint": 2, "previousClose": 40.35, "open": 40.45, "dayLow": 40.15, "dayHigh": 42.35, "regularMarketPreviousClose": 40.35, "regularMarketOpen": 40.45, "regularMarketDayLow": 40.15, "regularMarketDayHigh": 42.35, "payoutRatio": 0.0, "beta": 0.331109, "trailingPE": 14.45177, "volume": 20938, "regularMarketVolume": 20938, "averageVolume": 47563, "averageVolume10days": 13611, "averageDailyVolume10Day": 13611, "bid": 0.0, "ask": 0.0, "marketCap": 473335616, "fiftyTwoWeekLow": 25.55, "fiftyTwoWeekHigh": 47.75, "priceToSalesTrailing12Months": 0.9826066, "fiftyDayAverage": 32.239395, "twoHundredDayAverage": 32.271786, "currency": "INR", "fromCurrency": null, "lastMarket": null, "algorithm": null, "tradeable": false}, "incomeStatementHistoryQuarterly": {"incomeStatementHistory": [{"maxAge": 1, "endDate": "2020-12-31", "totalRevenue": 87370655, "costOfRevenue": 38268486, "grossProfit": 49102169, "researchDevelopment": {}, "sellingGeneralAdministrative": 10670538, "nonRecurring": {}, "otherOperatingExpenses": 4739679, "totalOperatingExpenses": 56415670, "operatingIncome": 30954985, "totalOtherIncomeExpenseNet": -11544921, "ebit": 30954985, "interestExpense": -12535566, "incomeBeforeTax": 19410064, "incomeTaxExpense": 4726988, "minorityInterest": 956505, "netIncomeFromContinuingOps": 14683076, "discontinuedOperations": {}, "extraordinaryItems": {}, "effectOfAccountingCharges": {}, "otherItems": {}, "netIncome": 14627587, "netIncomeApplicableToCommonShares": 14627587}, {"maxAge": 1, "endDate": "2020-09-30", "totalRevenue": 84494152, "costOfRevenue": 52238455, "grossProfit": 32255697, "researchDevelopment": {}, "sellingGeneralAdministrative": 7891404, "nonRecurring": {}, "otherOperatingExpenses": 4100363, "totalOperatingExpenses": 66978120, "operatingIncome": 17516032, "totalOtherIncomeExpenseNet": -12568000, "ebit": 17516032, "interestExpense": -14047107, "incomeBeforeTax": 4948032, "incomeTaxExpense": 815436, "minorityInterest": 901016, "netIncomeFromContinuingOps": 4132596, "discontinuedOperations": {}, "extraordinaryItems": {}, "effectOfAccountingCharges": {}, "otherItems": {}, "netIncome": 4002742, "netIncomeApplicableToCommonShares": 4002742}, {"maxAge": 1, "endDate": "2020-06-30", "totalRevenue": 65792106, "costOfRevenue": 41905127, "grossProfit": 23886979, "researchDevelopment": {}, "sellingGeneralAdministrative": 5403252, "nonRecurring": {}, "otherOperatingExpenses": 3435292, "totalOperatingExpenses": 53576095, "operatingIncome": 12216011, "totalOtherIncomeExpenseNet": -10230498, "ebit": 12216011, "interestExpense": -11411540, "incomeBeforeTax": 1985513, "incomeTaxExpense": 467343, "minorityInterest": 901016, "netIncomeFromContinuingOps": 1518170, "discontinuedOperations": {}, "extraordinaryItems": {}, "effectOfAccountingCharges": {}, "otherItems": {}, "netIncome": 1513697, "netIncomeApplicableToCommonShares": 1513697}, {"maxAge": 1, "endDate": "2019-12-31", "totalRevenue": 300423068, "costOfRevenue": 244939937, "grossProfit": 55483131, "researchDevelopment": {}, "sellingGeneralAdministrative": 17328488, "nonRecurring": {}, "otherOperatingExpenses": 11580689, "totalOperatingExpenses": 276951091, "operatingIncome": 23471977, "totalOtherIncomeExpenseNet": -9604469, "ebit": 23471977, "interestExpense": -9628549, "incomeBeforeTax": 13867508, "incomeTaxExpense": 2924714, "minorityInterest": 901016, "netIncomeFromContinuingOps": 10942794, "discontinuedOperations": {}, "extraordinaryItems": {}, "effectOfAccountingCharges": {}, "otherItems": {}, "netIncome": 10897218, "netIncomeApplicableToCommonShares": 10897218}], "maxAge": 86400}, "cashflowStatementHistoryQuarterly": {"cashflowStatements": [{"maxAge": 1, "endDate": "2020-12-31", "netIncome": 14627587, "changeToLiabilities": 0}, {"maxAge": 1, "endDate": "2020-09-30", "netIncome": 4002742, "changeToLiabilities": 0}, {"maxAge": 1, "endDate": "2020-06-30", "netIncome": 1513697, "changeToLiabilities": 0}, {"maxAge": 1, "endDate": "2019-12-31", "netIncome": 10897218, "changeToLiabilities": 0}], "maxAge": 86400}, "insiderHolders": {"holders": [], "maxAge": 1}, "calendarEvents": {"maxAge": 1, "earnings": {"earningsDate": []}}, "upgradeDowngradeHistory": {"history": [], "maxAge": 86400}, "price": {"maxAge": 1, "regularMarketChangePercent": 0.03221817, "regularMarketChange": 1.300003, "regularMarketTime": "2021-04-30 15:27:35", "priceHint": 2, "regularMarketPrice": 41.65, "regularMarketDayHigh": 42.35, "regularMarketDayLow": 40.15, "regularMarketVolume": 20938, "averageDailyVolume10Day": 13611, "averageDailyVolume3Month": 47563, "regularMarketPreviousClose": 40.35, "regularMarketSource": "FREE_REALTIME", "regularMarketOpen": 40.45, "exchange": "NSI", "exchangeName": "NSE", "exchangeDataDelayedBy": 15, "marketState": "CLOSED", "quoteType": "EQUITY", "symbol": "UNIVASTU.NS", "underlyingSymbol": null, "shortName": "Univastu India Limited", "longName": "Univastu India Limited", "currency": "INR", "quoteSourceName": "Delayed Quote", "currencySymbol": "\u20b9", "fromCurrency": null, "lastMarket": null, "marketCap": 473335616}, "balanceSheetHistory": {"balanceSheetStatements": [{"maxAge": 1, "endDate": "2020-03-31", "cash": 66143112, "netReceivables": 169584130, "inventory": 442310609, "otherCurrentAssets": 19235559, "totalCurrentAssets": 699702773, "longTermInvestments": 732500, "propertyPlantEquipment": 120440418, "intangibleAssets": 450, "otherAssets": 160849092, "totalAssets": 981725233, "accountsPayable": 246043490, "otherCurrentLiab": 8768723, "longTermDebt": 41865801, "otherLiab": 153353976, "minorityInterest": 766689, "totalCurrentLiabilities": 548183142, "totalLiab": 743402919, "commonStock": 113646000, "retainedEarnings": 79702227, "capitalSurplus": 44207398, "totalStockholderEquity": 237555625, "netTangibleAssets": 237555175}, {"maxAge": 1, "endDate": "2019-03-31", "cash": 47014134, "netReceivables": 329390670, "inventory": 263454735, "otherCurrentAssets": 33159046, "totalCurrentAssets": 674565236, "longTermInvestments": 732500, "propertyPlantEquipment": 117271503, "intangibleAssets": 450, "otherAssets": 109999181, "totalAssets": 902568870, "accountsPayable": 284027515, "otherCurrentLiab": 5769753, "longTermDebt": 52809648, "otherLiab": 142201830, "minorityInterest": 178555, "totalCurrentLiabilities": 513138296, "totalLiab": 708149774, "commonStock": 56823000, "retainedEarnings": 93208773, "capitalSurplus": 44208768, "totalStockholderEquity": 194240541, "netTangibleAssets": 194240091}, {"maxAge": 1, "endDate": "2018-03-31", "cash": 21591000, "netReceivables": 297908000, "inventory": 145418000, "otherCurrentAssets": 62885000, "totalCurrentAssets": 530258000, "longTermInvestments": 733000, "propertyPlantEquipment": 67674000, "otherAssets": 1410000, "totalAssets": 600075000, "accountsPayable": 247638000, "otherCurrentLiab": 19210000, "longTermDebt": 31889000, "otherLiab": 28580000, "totalCurrentLiabilities": 390576000, "totalLiab": 451045000, "commonStock": 56823000, "retainedEarnings": 47995000, "capitalSurplus": 44212000, "totalStockholderEquity": 149030000, "netTangibleAssets": 149030000}, {"maxAge": 1, "endDate": "2017-03-31", "cash": 10238000, "netReceivables": 97203000, "inventory": 77548000, "otherCurrentAssets": 43765000, "totalCurrentAssets": 228939000, "longTermInvestments": 4594000, "propertyPlantEquipment": 33747000, "intangibleAssets": 2000, "otherAssets": 2438000, "deferredLongTermAssetCharges": 1038000, "totalAssets": 269720000, "accountsPayable": 81870000, "otherCurrentLiab": 34549000, "longTermDebt": 14908000, "otherLiab": 24826000, "totalCurrentLiabilities": 169349000, "totalLiab": 209083000, "commonStock": 41853000, "retainedEarnings": 14725000, "capitalSurplus": 4059000, "totalStockholderEquity": 60637000, "netTangibleAssets": 60635000}], "maxAge": 86400}, "financialData": {"maxAge": 86400, "currentPrice": 41.65, "recommendationKey": "none", "totalCash": 61857720, "totalCashPerShare": 5.455, "ebitda": 97573152, "totalDebt": 410774464, "quickRatio": 1.493, "currentRatio": 1.506, "totalRevenue": 481714272, "debtToEquity": 159.035, "revenuePerShare": 42.294, "grossProfits": 362035061, "earningsGrowth": 0.344, "revenueGrowth": -0.709, "grossMargins": 0.65048, "ebitdaMargins": 0.20255, "operatingMargins": 0.17386, "profitMargins": 0.068179995, "financialCurrency": "INR"}}}