{"UNIVCABLES.BO": {"recommendationTrend": {"trend": [{"period": "0m", "strongBuy": 0, "buy": 0, "hold": 0, "sell": 0, "strongSell": 0}, {"period": "-1m", "strongBuy": 0, "buy": 0, "hold": 0, "sell": 0, "strongSell": 0}, {"period": "-2m", "strongBuy": 0, "buy": 0, "hold": 0, "sell": 0, "strongSell": 0}, {"period": "-3m", "strongBuy": 0, "buy": 0, "hold": 0, "sell": 0, "strongSell": 0}], "maxAge": 86400}, "cashflowStatementHistory": {"cashflowStatements": [{"maxAge": 1, "endDate": "2020-03-31", "netIncome": 900754000, "depreciation": 223888000, "changeToNetincome": 284220000, "changeToAccountReceivables": -1958967000, "changeToLiabilities": 706366000, "changeToInventory": -42594000, "changeToOperatingActivities": 262333000, "totalCashFromOperatingActivities": 377422000, "capitalExpenditures": -541680000, "investments": 275000, "otherCashflowsFromInvestingActivities": 108911000, "totalCashflowsFromInvestingActivities": -423342000, "dividendsPaid": -83163000, "netBorrowings": 789357000, "otherCashflowsFromFinancingActivities": -661939000, "totalCashFromFinancingActivities": 44255000, "changeInCash": -1665000}, {"maxAge": 1, "endDate": "2019-03-31", "netIncome": 1358589000, "depreciation": 212159000, "changeToNetincome": -67367000, "changeToAccountReceivables": -906479000, "changeToLiabilities": -77848000, "changeToInventory": -967277000, "changeToOperatingActivities": -144796000, "totalCashFromOperatingActivities": -591353000, "capitalExpenditures": -401620000, "investments": 20904000, "otherCashflowsFromInvestingActivities": 91128000, "totalCashflowsFromInvestingActivities": -267651000, "dividendsPaid": -63186000, "netBorrowings": 1463359000, "otherCashflowsFromFinancingActivities": -555195000, "totalCashFromFinancingActivities": 844978000, "changeInCash": -14026000}, {"maxAge": 1, "endDate": "2018-03-31", "netIncome": 826960000, "depreciation": 206886000, "changeToNetincome": -65246000, "changeToAccountReceivables": -2070822000, "changeToLiabilities": 1190328000, "changeToInventory": -279854000, "changeToOperatingActivities": -226674000, "totalCashFromOperatingActivities": -416285000, "capitalExpenditures": -247169000, "investments": -20424000, "otherCashflowsFromInvestingActivities": 71746000, "totalCashflowsFromInvestingActivities": -183590000, "dividendsPaid": -1094000, "netBorrowings": 1049019000, "otherCashflowsFromFinancingActivities": -432652000, "totalCashFromFinancingActivities": 615273000, "changeInCash": 15398000}, {"maxAge": 1, "endDate": "2017-03-31", "netIncome": 704884000, "depreciation": 188115000, "changeToNetincome": -126941000, "changeToAccountReceivables": -5979000, "changeToLiabilities": 263671000, "changeToInventory": -148195000, "changeToOperatingActivities": -173767000, "totalCashFromOperatingActivities": 702589000, "capitalExpenditures": -197944000, "investments": -5792000, "otherCashflowsFromInvestingActivities": 61784000, "totalCashflowsFromInvestingActivities": -127359000, "dividendsPaid": -448000, "netBorrowings": -224730000, "otherCashflowsFromFinancingActivities": -383137000, "totalCashFromFinancingActivities": -608315000, "changeInCash": -33086000}], "maxAge": 86400}, "institutionOwnership": {"ownershipList": [], "maxAge": 1}, "balanceSheetHistoryQuarterly": {"balanceSheetStatements": [{"maxAge": 1, "endDate": "2020-06-30", "totalStockholderEquity": 9901920000, "netTangibleAssets": 9899924000}, {"maxAge": 1, "endDate": "2020-03-31", "cash": 20326000, "shortTermInvestments": 31460000, "netReceivables": 8190697000, "inventory": 2668586000, "otherCurrentAssets": 340343000, "totalCurrentAssets": 11315294000, "longTermInvestments": 8482683000, "propertyPlantEquipment": 1647194000, "intangibleAssets": 1996000, "otherAssets": 348566000, "totalAssets": 21795733000, "accountsPayable": 3198399000, "shortLongTermDebt": 571464000, "otherCurrentLiab": 345944000, "longTermDebt": 1153816000, "otherLiab": 1981203000, "totalCurrentLiabilities": 8758794000, "totalLiab": 11893813000, "commonStock": 346954000, "retainedEarnings": 7403483000, "treasuryStock": 1519233000, "capitalSurplus": 632250000, "otherStockholderEquity": 1519233000, "totalStockholderEquity": 9901920000, "netTangibleAssets": 9899924000}, {"maxAge": 1, "endDate": "2019-12-31", "totalStockholderEquity": 9994961000, "netTangibleAssets": 9992262000}, {"maxAge": 1, "endDate": "2019-09-30", "cash": 84120000, "shortTermInvestments": 146014000, "netReceivables": 7236335000, "inventory": 2581089000, "otherCurrentAssets": 557191000, "totalCurrentAssets": 10604749000, "longTermInvestments": 7092061000, "propertyPlantEquipment": 1308824000, "intangibleAssets": 2699000, "otherAssets": 438603000, "totalAssets": 19446936000, "accountsPayable": 2929546000, "otherCurrentLiab": 501867000, "longTermDebt": 1478114000, "otherLiab": 221939000, "totalCurrentLiabilities": 7751922000, "totalLiab": 9451975000, "commonStock": 346983000, "treasuryStock": 9647978000, "otherStockholderEquity": 9647978000, "totalStockholderEquity": 9994961000, "netTangibleAssets": 9992262000}], "maxAge": 86400}, "earningsHistory": {"history": [{"maxAge": 1, "epsActual": {}, "epsEstimate": {}, "epsDifference": {}, "surprisePercent": {}, "quarter": {}, "period": "-4q"}, {"maxAge": 1, "epsActual": {}, "epsEstimate": {}, "epsDifference": {}, "surprisePercent": {}, "quarter": {}, "period": "-3q"}, {"maxAge": 1, "epsActual": {}, "epsEstimate": {}, "epsDifference": {}, "surprisePercent": {}, "quarter": {}, "period": "-2q"}, {"maxAge": 1, "epsActual": {}, "epsEstimate": {}, "epsDifference": {}, "surprisePercent": {}, "quarter": {}, "period": "-1q"}], "maxAge": 86400}, "indexTrend": {"maxAge": 1, "symbol": "SP5", "peRatio": 19.7411, "pegRatio": 1.34172, "estimates": [{"period": "0q", "growth": 0.549}, {"period": "+1q", "growth": 0.431}, {"period": "0y", "growth": 0.305}, {"period": "+1y", "growth": 0.109}, {"period": "+5y", "growth": 0.120865}, {"period": "-5y"}]}, "industryTrend": {"maxAge": 1, "symbol": null, "estimates": []}, "quoteType": {"exchange": "BSE", "quoteType": "EQUITY", "symbol": "UNIVCABLES.BO", "underlyingSymbol": "UNIVCABLES.BO", "shortName": "UNIVERSAL CABLES LTD.", "longName": "Universal Cables Limited", "firstTradeDateEpochUtc": "2000-01-03 09:15:00", "timeZoneFullName": "Asia/Kolkata", "timeZoneShortName": "IST", "uuid": "7cb65bab-6373-3c17-82db-270a1ca5d88f", "gmtOffSetMilliseconds": 19800000, "maxAge": 1}, "incomeStatementHistory": {"incomeStatementHistory": [{"maxAge": 1, "endDate": "2020-03-31", "totalRevenue": 15689569000, "costOfRevenue": 11090974000, "grossProfit": 4598595000, "researchDevelopment": {}, "sellingGeneralAdministrative": 720933000, "nonRecurring": {}, "otherOperatingExpenses": 2166468000, "totalOperatingExpenses": 14203685000, "operatingIncome": 1485884000, "totalOtherIncomeExpenseNet": -17976000, "ebit": 1485884000, "interestExpense": -676615000, "incomeBeforeTax": 1467908000, "incomeTaxExpense": 567154000, "minorityInterest": {}, "netIncomeFromContinuingOps": 900754000, "discontinuedOperations": {}, "extraordinaryItems": {}, "effectOfAccountingCharges": {}, "otherItems": {}, "netIncome": 900754000, "netIncomeApplicableToCommonShares": 900754000}, {"maxAge": 1, "endDate": "2019-03-31", "totalRevenue": 14165486000, "costOfRevenue": 9687681000, "grossProfit": 4477805000, "researchDevelopment": {}, "sellingGeneralAdministrative": 651250000, "nonRecurring": {}, "otherOperatingExpenses": 2044717000, "totalOperatingExpenses": 12597473000, "operatingIncome": 1568013000, "totalOtherIncomeExpenseNet": 132796000, "ebit": 1568013000, "interestExpense": -545424000, "incomeBeforeTax": 1700809000, "incomeTaxExpense": 342220000, "minorityInterest": {}, "netIncomeFromContinuingOps": 1358589000, "discontinuedOperations": {}, "extraordinaryItems": {}, "effectOfAccountingCharges": {}, "otherItems": {}, "netIncome": 1358589000, "netIncomeApplicableToCommonShares": 1358589000}, {"maxAge": 1, "endDate": "2018-03-31", "totalRevenue": 11809221000, "costOfRevenue": 8590441000, "grossProfit": 3218780000, "researchDevelopment": {}, "sellingGeneralAdministrative": 597849000, "nonRecurring": {}, "otherOperatingExpenses": 1521006000, "totalOperatingExpenses": 10918319000, "operatingIncome": 890902000, "totalOtherIncomeExpenseNet": -47010000, "ebit": 890902000, "interestExpense": -435131000, "incomeBeforeTax": 843892000, "incomeTaxExpense": 16932000, "minorityInterest": {}, "netIncomeFromContinuingOps": 826960000, "discontinuedOperations": {}, "extraordinaryItems": {}, "effectOfAccountingCharges": {}, "otherItems": {}, "netIncome": 826960000, "netIncomeApplicableToCommonShares": 826960000}, {"maxAge": 1, "endDate": "2017-03-31", "totalRevenue": 8182082000, "costOfRevenue": 5723834000, "grossProfit": 2458248000, "researchDevelopment": {}, "sellingGeneralAdministrative": 502487000, "nonRecurring": {}, "otherOperatingExpenses": 1172197000, "totalOperatingExpenses": 7587434000, "operatingIncome": 594648000, "totalOtherIncomeExpenseNet": 51463000, "ebit": 594648000, "interestExpense": -383285000, "incomeBeforeTax": 646111000, "incomeTaxExpense": -58773000, "minorityInterest": {}, "netIncomeFromContinuingOps": 704884000, "discontinuedOperations": {}, "extraordinaryItems": {}, "effectOfAccountingCharges": {}, "otherItems": {}, "netIncome": 704884000, "netIncomeApplicableToCommonShares": 704884000}], "maxAge": 86400}, "fundOwnership": {"ownershipList": [], "maxAge": 1}, "summaryDetail": {"maxAge": 1, "priceHint": 2, "previousClose": 141.8, "open": 133.0, "dayLow": 133.0, "dayHigh": 145.4, "regularMarketPreviousClose": 141.8, "regularMarketOpen": 133.0, "regularMarketDayLow": 133.0, "regularMarketDayHigh": 145.4, "trailingPE": 8.854774, "forwardPE": 8.073908, "volume": 872, "regularMarketVolume": 872, "averageVolume": 5663, "averageVolume10days": 1726, "averageDailyVolume10Day": 1726, "bid": 143.4, "ask": 144.95, "bidSize": 0, "askSize": 0, "marketCap": 5003076608, "fiftyTwoWeekLow": 68.0, "fiftyTwoWeekHigh": 175.6, "fiftyDayAverage": 142.07878, "twoHundredDayAverage": 137.12279, "trailingAnnualDividendRate": 2.0, "trailingAnnualDividendYield": 0.014104372, "currency": "INR", "fromCurrency": null, "lastMarket": null, "algorithm": null, "tradeable": false}, "sectorTrend": {"maxAge": 1, "symbol": null, "estimates": []}, "incomeStatementHistoryQuarterly": {"incomeStatementHistory": [{"maxAge": 1, "endDate": "2020-06-30", "totalRevenue": 2050490000, "costOfRevenue": 1477721000, "grossProfit": 572769000, "researchDevelopment": {}, "sellingGeneralAdministrative": 135968000, "nonRecurring": {}, "otherOperatingExpenses": 304639000, "totalOperatingExpenses": 1980681000, "operatingIncome": 69809000, "totalOtherIncomeExpenseNet": -62057000, "ebit": 69809000, "interestExpense": -164157000, "incomeBeforeTax": 7752000, "incomeTaxExpense": 4882000, "minorityInterest": {}, "netIncomeFromContinuingOps": 2870000, "discontinuedOperations": {}, "extraordinaryItems": {}, "effectOfAccountingCharges": {}, "otherItems": {}, "netIncome": 2870000, "netIncomeApplicableToCommonShares": 2870000}, {"maxAge": 1, "endDate": "2020-03-31", "totalRevenue": 3718041000, "costOfRevenue": 2718646000, "grossProfit": 999395000, "researchDevelopment": {}, "sellingGeneralAdministrative": 201579000, "nonRecurring": {}, "otherOperatingExpenses": 344819000, "totalOperatingExpenses": 3325933000, "operatingIncome": 392108000, "totalOtherIncomeExpenseNet": 23162000, "ebit": 392108000, "interestExpense": -118540000, "incomeBeforeTax": 415270000, "incomeTaxExpense": 420063000, "minorityInterest": {}, "netIncomeFromContinuingOps": -4793000, "discontinuedOperations": {}, "extraordinaryItems": {}, "effectOfAccountingCharges": {}, "otherItems": {}, "netIncome": -4793000, "netIncomeApplicableToCommonShares": -4793000}, {"maxAge": 1, "endDate": "2019-12-31", "totalRevenue": 3955485000, "costOfRevenue": 2814509000, "grossProfit": 1140976000, "researchDevelopment": {}, "sellingGeneralAdministrative": 177369000, "nonRecurring": {}, "otherOperatingExpenses": 546452000, "totalOperatingExpenses": 3592825000, "operatingIncome": 362660000, "totalOtherIncomeExpenseNet": -35507000, "ebit": 362660000, "interestExpense": -210948000, "incomeBeforeTax": 327153000, "incomeTaxExpense": 42145000, "minorityInterest": {}, "netIncomeFromContinuingOps": 285008000, "discontinuedOperations": {}, "extraordinaryItems": {}, "effectOfAccountingCharges": {}, "otherItems": {}, "netIncome": 285008000, "netIncomeApplicableToCommonShares": 285008000}, {"maxAge": 1, "endDate": "2019-09-30", "totalRevenue": 3752096000, "costOfRevenue": 2668731000, "grossProfit": 1083365000, "researchDevelopment": {}, "sellingGeneralAdministrative": 172832000, "nonRecurring": {}, "otherOperatingExpenses": 542180000, "totalOperatingExpenses": 3439701000, "operatingIncome": 312395000, "totalOtherIncomeExpenseNet": -17119000, "ebit": 312395000, "interestExpense": -177176000, "incomeBeforeTax": 295276000, "incomeTaxExpense": 8588000, "minorityInterest": {}, "netIncomeFromContinuingOps": 286688000, "discontinuedOperations": {}, "extraordinaryItems": {}, "effectOfAccountingCharges": {}, "otherItems": {}, "netIncome": 286688000, "netIncomeApplicableToCommonShares": 286688000}], "maxAge": 86400}, "cashflowStatementHistoryQuarterly": {"cashflowStatements": [{"maxAge": 1, "endDate": "2020-06-30", "netIncome": 2870000, "changeToLiabilities": 0}, {"maxAge": 1, "endDate": "2020-03-31", "netIncome": -4793000, "changeToLiabilities": 0}, {"maxAge": 1, "endDate": "2019-12-31", "netIncome": 285008000, "changeToLiabilities": 0}, {"maxAge": 1, "endDate": "2019-09-30", "netIncome": 286688000, "changeToLiabilities": 0}], "maxAge": 86400}, "insiderHolders": {"holders": [], "maxAge": 1}, "earnings": {"maxAge": 86400, "earningsChart": {"quarterly": [], "earningsDate": []}, "financialsChart": {"yearly": [{"date": 2017, "revenue": 8182082000, "earnings": 704884000}, {"date": 2018, "revenue": 11809221000, "earnings": 826960000}, {"date": 2019, "revenue": 14165486000, "earnings": 1358589000}, {"date": 2020, "revenue": 15689569000, "earnings": 900754000}], "quarterly": [{"date": "3Q2019", "revenue": 3752096000, "earnings": 286688000}, {"date": "4Q2019", "revenue": 3955485000, "earnings": 285008000}, {"date": "1Q2020", "revenue": 3718041000, "earnings": -4793000}, {"date": "2Q2020", "revenue": 2050490000, "earnings": 2870000}]}, "financialCurrency": "INR"}, "calendarEvents": {"maxAge": 1, "earnings": {"earningsDate": [], "revenueAverage": 11827200000, "revenueLow": 10309400000, "revenueHigh": 10309400000}}, "upgradeDowngradeHistory": {"history": [], "maxAge": 86400}, "price": {"maxAge": 1, "regularMarketChangePercent": 0.016925203, "regularMarketChange": 2.399994, "regularMarketTime": "2021-04-30 15:28:06", "priceHint": 2, "regularMarketPrice": 144.2, "regularMarketDayHigh": 145.4, "regularMarketDayLow": 133.0, "regularMarketVolume": 872, "averageDailyVolume10Day": 1726, "averageDailyVolume3Month": 5663, "regularMarketPreviousClose": 141.8, "regularMarketSource": "FREE_REALTIME", "regularMarketOpen": 133.0, "exchange": "BSE", "exchangeName": "BSE", "exchangeDataDelayedBy": 0, "marketState": "CLOSED", "quoteType": "EQUITY", "symbol": "UNIVCABLES.BO", "underlyingSymbol": null, "shortName": "UNIVERSAL CABLES LTD.", "longName": "Universal Cables Limited", "currency": "INR", "quoteSourceName": "Delayed Quote", "currencySymbol": "\u20b9", "fromCurrency": null, "lastMarket": null, "marketCap": 5003076608}, "balanceSheetHistory": {"balanceSheetStatements": [{"maxAge": 1, "endDate": "2020-03-31", "cash": 20326000, "shortTermInvestments": 31460000, "netReceivables": 8190697000, "inventory": 2668586000, "otherCurrentAssets": 340343000, "totalCurrentAssets": 11315294000, "longTermInvestments": 8482683000, "propertyPlantEquipment": 1647194000, "intangibleAssets": 1996000, "otherAssets": 348566000, "totalAssets": 21795733000, "accountsPayable": 3198399000, "shortLongTermDebt": 571464000, "otherCurrentLiab": 345944000, "longTermDebt": 1153816000, "otherLiab": 1981203000, "totalCurrentLiabilities": 8758794000, "totalLiab": 11893813000, "commonStock": 346954000, "retainedEarnings": 7403483000, "treasuryStock": 1519233000, "capitalSurplus": 632250000, "otherStockholderEquity": 1519233000, "totalStockholderEquity": 9901920000, "netTangibleAssets": 9899924000}, {"maxAge": 1, "endDate": "2019-03-31", "cash": 21991000, "shortTermInvestments": 42566000, "netReceivables": 6463647000, "inventory": 2625992000, "otherCurrentAssets": 198548000, "totalCurrentAssets": 9415035000, "longTermInvestments": 7411400000, "propertyPlantEquipment": 1305419000, "intangibleAssets": 3418000, "otherAssets": 372041000, "totalAssets": 18507313000, "accountsPayable": 2492033000, "shortLongTermDebt": 214244000, "otherCurrentLiab": 243375000, "longTermDebt": 1480928000, "otherLiab": 286464000, "totalCurrentLiabilities": 6748156000, "totalLiab": 8515548000, "commonStock": 346954000, "retainedEarnings": 6574196000, "treasuryStock": 2438365000, "capitalSurplus": 632250000, "otherStockholderEquity": 2438365000, "totalStockholderEquity": 9991765000, "netTangibleAssets": 9988347000}, {"maxAge": 1, "endDate": "2018-03-31", "cash": 36017000, "shortTermInvestments": 56617000, "netReceivables": 5409639000, "inventory": 1658715000, "otherCurrentAssets": 250927000, "totalCurrentAssets": 7426155000, "longTermInvestments": 6344959000, "propertyPlantEquipment": 1253065000, "intangibleAssets": 5084000, "otherAssets": 245257000, "totalAssets": 15274520000, "accountsPayable": 2666130000, "shortLongTermDebt": 421193000, "otherCurrentLiab": 83166000, "longTermDebt": 1182315000, "otherLiab": 118847000, "totalCurrentLiabilities": 5627298000, "totalLiab": 6928460000, "commonStock": 346954000, "retainedEarnings": 5282318000, "treasuryStock": 2084538000, "capitalSurplus": 632250000, "otherStockholderEquity": 2084538000, "totalStockholderEquity": 8346060000, "netTangibleAssets": 8340976000}, {"maxAge": 1, "endDate": "2017-03-31", "cash": 20619000, "shortTermInvestments": 19318000, "netReceivables": 3255324000, "inventory": 1378861000, "otherCurrentAssets": 149002000, "totalCurrentAssets": 4846645000, "longTermInvestments": 5182689000, "propertyPlantEquipment": 1208467000, "intangibleAssets": 5721000, "otherAssets": 198626000, "totalAssets": 11442148000, "accountsPayable": 1475802000, "shortLongTermDebt": 148936000, "otherCurrentLiab": 77803000, "longTermDebt": 1229966000, "otherLiab": 84759000, "totalCurrentLiabilities": 3314381000, "totalLiab": 4629106000, "commonStock": 346954000, "retainedEarnings": 4445540000, "treasuryStock": 1388298000, "capitalSurplus": 632250000, "otherStockholderEquity": 1388298000, "totalStockholderEquity": 6813042000, "netTangibleAssets": 6807321000}], "maxAge": 86400}, "earningsTrend": {"trend": [{"maxAge": 1, "period": "0q", "endDate": "2018-06-30", "growth": {}, "earningsEstimate": {"avg": 0.0, "low": 0.0, "high": 0.0, "yearAgoEps": {}, "numberOfAnalysts": 0, "growth": {}}, "revenueEstimate": {"avg": 11827200000, "low": 10309400000, "high": 10309400000, "numberOfAnalysts": 1, "yearAgoRevenue": {}, "growth": {}}, "epsTrend": {"current": 0.0, "7daysAgo": 2.95, "30daysAgo": 2.95, "60daysAgo": 2.95, "90daysAgo": 2.95}, "epsRevisions": {"upLast7days": 0, "upLast30days": 0, "downLast30days": 0, "downLast90days": {}}}, {"maxAge": 1, "period": "+1q", "endDate": "2018-09-30", "growth": {}, "earningsEstimate": {"avg": 0.0, "low": 0.0, "high": 0.0, "yearAgoEps": {}, "numberOfAnalysts": 0, "growth": {}}, "revenueEstimate": {"avg": 11827200000, "low": 10309400000, "high": 10309400000, "numberOfAnalysts": 1, "yearAgoRevenue": {}, "growth": {}}, "epsTrend": {"current": 0.0, "7daysAgo": 4.86, "30daysAgo": 4.86, "60daysAgo": 4.86, "90daysAgo": 4.86}, "epsRevisions": {"upLast7days": 0, "upLast30days": 0, "downLast30days": 0, "downLast90days": {}}}, {"maxAge": 1, "period": "0y", "endDate": "2018-03-31", "growth": {}, "earningsEstimate": {"avg": 0.0, "low": 0.0, "high": 0.0, "yearAgoEps": {}, "numberOfAnalysts": 0, "growth": {}}, "revenueEstimate": {"avg": 11827200000, "low": 10309400000, "high": 10309400000, "numberOfAnalysts": 1, "yearAgoRevenue": {}, "growth": {}}, "epsTrend": {"current": 0.0, "7daysAgo": 9.27, "30daysAgo": 9.27, "60daysAgo": 9.27, "90daysAgo": 9.27}, "epsRevisions": {"upLast7days": 0, "upLast30days": 0, "downLast30days": 0, "downLast90days": {}}}, {"maxAge": 1, "period": "+1y", "endDate": "2019-03-31", "growth": {}, "earningsEstimate": {"avg": 0.0, "low": 0.0, "high": 0.0, "yearAgoEps": {}, "numberOfAnalysts": 0, "growth": {}}, "revenueEstimate": {"avg": 13542200000, "low": 13542200000, "high": 13542200000, "numberOfAnalysts": 1, "yearAgoRevenue": 11827200000, "growth": 0.145}, "epsTrend": {"current": 0.0, "7daysAgo": 17.86, "30daysAgo": 17.86, "60daysAgo": 17.86, "90daysAgo": 17.86}, "epsRevisions": {"upLast7days": 0, "upLast30days": 1, "downLast30days": 0, "downLast90days": {}}}, {"maxAge": 1, "period": "+5y", "endDate": null, "growth": {}, "earningsEstimate": {"avg": {}, "low": {}, "high": {}, "yearAgoEps": {}, "numberOfAnalysts": {}, "growth": {}}, "revenueEstimate": {"avg": {}, "low": {}, "high": {}, "numberOfAnalysts": {}, "yearAgoRevenue": {}, "growth": {}}, "epsTrend": {"current": {}, "7daysAgo": {}, "30daysAgo": {}, "60daysAgo": {}, "90daysAgo": {}}, "epsRevisions": {"upLast7days": {}, "upLast30days": {}, "downLast30days": {}, "downLast90days": {}}}, {"maxAge": 1, "period": "-5y", "endDate": null, "growth": {}, "earningsEstimate": {"avg": {}, "low": {}, "high": {}, "yearAgoEps": {}, "numberOfAnalysts": {}, "growth": {}}, "revenueEstimate": {"avg": {}, "low": {}, "high": {}, "numberOfAnalysts": {}, "yearAgoRevenue": {}, "growth": {}}, "epsTrend": {"current": {}, "7daysAgo": {}, "30daysAgo": {}, "60daysAgo": {}, "90daysAgo": {}}, "epsRevisions": {"upLast7days": {}, "upLast30days": {}, "downLast30days": {}, "downLast90days": {}}}], "maxAge": 1}, "financialData": {"maxAge": 86400, "currentPrice": 144.2, "recommendationKey": "none", "grossProfits": 4598595000, "financialCurrency": "INR"}}}