{"UNJHAFOR.BO": {"cashflowStatementHistory": {"cashflowStatements": [{"maxAge": 1, "endDate": "2020-03-31", "netIncome": 3083694, "depreciation": 790160, "changeToAccountReceivables": 1867459, "changeToLiabilities": 0, "changeToInventory": 663670, "changeToOperatingActivities": -2480799, "totalCashFromOperatingActivities": 3924184, "capitalExpenditures": -1033041, "investments": 1033041, "changeInCash": 2891143}, {"maxAge": 1, "endDate": "2019-03-31", "netIncome": 3002753, "depreciation": 863470, "changeToAccountReceivables": -5607712, "changeToLiabilities": 0, "changeToInventory": 4679385, "changeToOperatingActivities": -4139589, "totalCashFromOperatingActivities": -1201693, "capitalExpenditures": -1033041, "investments": 1033041, "totalCashflowsFromInvestingActivities": 427005, "otherCashflowsFromFinancingActivities": 2327349, "totalCashFromFinancingActivities": 2327349, "changeInCash": 1552661}, {"maxAge": 1, "endDate": "2018-03-31", "netIncome": 2625905, "depreciation": 1004972, "changeToAccountReceivables": -2311708, "changeToLiabilities": 0, "changeToInventory": 1456925, "changeToOperatingActivities": -1420894, "totalCashFromOperatingActivities": 1355200, "capitalExpenditures": -1033041, "investments": 1033041, "totalCashflowsFromInvestingActivities": 643920, "netBorrowings": -458915, "otherCashflowsFromFinancingActivities": 2327349, "totalCashFromFinancingActivities": -458915, "changeInCash": 1540205}, {"maxAge": 1, "endDate": "2017-03-31", "netIncome": 2955472, "depreciation": 883005, "changeToAccountReceivables": 1610486, "changeToLiabilities": 0, "changeToInventory": -6145023, "changeToOperatingActivities": 4568290, "totalCashFromOperatingActivities": 3872230, "capitalExpenditures": -2846253, "investments": 1033041, "totalCashflowsFromInvestingActivities": -2846253, "netBorrowings": 458915, "otherCashflowsFromFinancingActivities": 2327349, "totalCashFromFinancingActivities": 458915, "changeInCash": 1484892}], "maxAge": 86400}, "institutionOwnership": {"maxAge": 1, "ownershipList": []}, "balanceSheetHistoryQuarterly": {"balanceSheetStatements": [{"maxAge": 1, "endDate": "2020-06-30", "totalStockholderEquity": 18149000, "netTangibleAssets": 13149000}, {"maxAge": 1, "endDate": "2020-03-31", "cash": 9391508, "netReceivables": 11513512, "inventory": 4836267, "totalCurrentAssets": 25741287, "longTermInvestments": 125, "propertyPlantEquipment": 6411311, "goodWill": 5000000, "totalAssets": 37152723, "accountsPayable": 18640792, "otherCurrentLiab": 363327, "totalCurrentLiabilities": 19004119, "totalLiab": 19004119, "commonStock": 44805000, "retainedEarnings": -28606396, "treasuryStock": 1950000, "otherStockholderEquity": 1950000, "totalStockholderEquity": 18148604, "netTangibleAssets": 13148604}, {"maxAge": 1, "endDate": "2019-12-31", "totalStockholderEquity": 20865000, "netTangibleAssets": 15865000}, {"maxAge": 1, "endDate": "2019-09-30", "cash": 9229000, "netReceivables": 12636000, "inventory": 8513000, "totalCurrentAssets": 30378000, "propertyPlantEquipment": 5826000, "goodWill": 5000000, "intangibleAssets": 5000000, "totalAssets": 41204000, "accountsPayable": 20355000, "otherCurrentLiab": -16000, "totalCurrentLiabilities": 20339000, "totalLiab": 20339000, "commonStock": 44805000, "treasuryStock": -23940000, "otherStockholderEquity": -23940000, "totalStockholderEquity": 20865000, "netTangibleAssets": 15865000}], "maxAge": 86400}, "indexTrend": {"maxAge": 1, "symbol": "SP5", "peRatio": 19.7411, "pegRatio": 1.34172, "estimates": [{"period": "0q", "growth": 0.549}, {"period": "+1q", "growth": 0.431}, {"period": "0y", "growth": 0.305}, {"period": "+1y", "growth": 0.109}, {"period": "+5y", "growth": 0.120859005}, {"period": "-5y"}]}, "quoteType": {"exchange": "BSE", "quoteType": "EQUITY", "symbol": "UNJHAFOR.BO", "underlyingSymbol": "UNJHAFOR.BO", "shortName": "UNJHA FORMULATIONS LTD.", "longName": "Unjha Formulations Limited", "firstTradeDateEpochUtc": "2002-01-03 09:15:00", "timeZoneFullName": "Asia/Kolkata", "timeZoneShortName": "IST", "uuid": "438dd52d-c288-305a-b7df-54f6ebb54126", "messageBoardId": null, "gmtOffSetMilliseconds": 19800000, "maxAge": 1}, "incomeStatementHistory": {"incomeStatementHistory": [{"maxAge": 1, "endDate": "2020-03-31", "totalRevenue": 108115092, "costOfRevenue": 82557566, "grossProfit": 25557526, "researchDevelopment": {}, "sellingGeneralAdministrative": 4602554, "nonRecurring": {}, "otherOperatingExpenses": 16324820, "totalOperatingExpenses": 104275100, "operatingIncome": 3839992, "totalOtherIncomeExpenseNet": -756298, "ebit": 3839992, "interestExpense": -1111690, "incomeBeforeTax": 3083694, "incomeTaxExpense": 0, "minorityInterest": {}, "netIncomeFromContinuingOps": 3083694, "discontinuedOperations": {}, "extraordinaryItems": {}, "effectOfAccountingCharges": {}, "otherItems": {}, "netIncome": 3083694, "netIncomeApplicableToCommonShares": 3083694}, {"maxAge": 1, "endDate": "2019-03-31", "totalRevenue": 114483928, "costOfRevenue": 88331126, "grossProfit": 26152802, "researchDevelopment": {}, "sellingGeneralAdministrative": 4453940, "nonRecurring": {}, "otherOperatingExpenses": 18419175, "totalOperatingExpenses": 112067711, "operatingIncome": 2416217, "totalOtherIncomeExpenseNet": 586536, "ebit": 2416217, "interestExpense": -49540, "incomeBeforeTax": 3002753, "incomeTaxExpense": 0, "minorityInterest": {}, "netIncomeFromContinuingOps": 3002753, "discontinuedOperations": {}, "extraordinaryItems": {}, "effectOfAccountingCharges": {}, "otherItems": {}, "netIncome": 3002753, "netIncomeApplicableToCommonShares": 3002753}, {"maxAge": 1, "endDate": "2018-03-31", "totalRevenue": 112930779, "costOfRevenue": 95862068, "grossProfit": 17068711, "researchDevelopment": {}, "sellingGeneralAdministrative": 4810869, "nonRecurring": {}, "otherOperatingExpenses": 8632222, "totalOperatingExpenses": 110310131, "operatingIncome": 2620648, "totalOtherIncomeExpenseNet": 5257, "ebit": 2620648, "interestExpense": -52970, "incomeBeforeTax": 2625905, "incomeTaxExpense": 0, "minorityInterest": {}, "netIncomeFromContinuingOps": 2625905, "discontinuedOperations": {}, "extraordinaryItems": {}, "effectOfAccountingCharges": {}, "otherItems": {}, "netIncome": 2625905, "netIncomeApplicableToCommonShares": 2625905}, {"maxAge": 1, "endDate": "2017-03-31", "totalRevenue": 122409847, "costOfRevenue": 104539771, "grossProfit": 17870076, "researchDevelopment": {}, "sellingGeneralAdministrative": 5651178, "nonRecurring": {}, "otherOperatingExpenses": 7541144, "totalOperatingExpenses": 118615098, "operatingIncome": 3794749, "totalOtherIncomeExpenseNet": -839277, "ebit": 3794749, "interestExpense": -878517, "incomeBeforeTax": 2955472, "incomeTaxExpense": 0, "minorityInterest": {}, "netIncomeFromContinuingOps": 2955472, "discontinuedOperations": {}, "extraordinaryItems": {}, "effectOfAccountingCharges": {}, "otherItems": {}, "netIncome": 2955472, "netIncomeApplicableToCommonShares": 2955472}], "maxAge": 86400}, "fundOwnership": {"maxAge": 1, "ownershipList": []}, "summaryDetail": {"maxAge": 1, "priceHint": 2, "previousClose": 8.83, "open": 9.27, "dayLow": 8.4, "dayHigh": 9.27, "regularMarketPreviousClose": 8.83, "regularMarketOpen": 9.27, "regularMarketDayLow": 8.4, "regularMarketDayHigh": 9.27, "trailingPE": 16.159695, "volume": 7012, "regularMarketVolume": 7012, "averageVolume": 5156, "averageVolume10days": 677, "averageDailyVolume10Day": 677, "bid": 8.42, "ask": 8.5, "bidSize": 0, "askSize": 0, "marketCap": 38084248, "fiftyTwoWeekLow": 5.2, "fiftyTwoWeekHigh": 10.26, "fiftyDayAverage": 9.223143, "twoHundredDayAverage": 7.9856205, "currency": "INR", "fromCurrency": null, "toCurrency": null, "lastMarket": null, "algorithm": null, "tradeable": false}, "incomeStatementHistoryQuarterly": {"incomeStatementHistory": [{"maxAge": 1, "endDate": "2020-06-30", "totalRevenue": 23145000, "costOfRevenue": 16708000, "grossProfit": 6437000, "researchDevelopment": {}, "sellingGeneralAdministrative": 1089000, "nonRecurring": {}, "otherOperatingExpenses": 3042000, "totalOperatingExpenses": 21037000, "operatingIncome": 2108000, "totalOtherIncomeExpenseNet": 522000, "ebit": 2108000, "interestExpense": -30000, "incomeBeforeTax": 2630000, "incomeTaxExpense": 0, "minorityInterest": {}, "netIncomeFromContinuingOps": 2630000, "discontinuedOperations": {}, "extraordinaryItems": {}, "effectOfAccountingCharges": {}, "otherItems": {}, "netIncome": 2630000, "netIncomeApplicableToCommonShares": 2630000}, {"maxAge": 1, "endDate": "2020-03-31", "totalRevenue": 27629092, "costOfRevenue": 23280566, "grossProfit": 4348526, "researchDevelopment": {}, "sellingGeneralAdministrative": 1097554, "nonRecurring": {}, "otherOperatingExpenses": 3870820, "totalOperatingExpenses": 28457100, "operatingIncome": -828008, "totalOtherIncomeExpenseNet": -2060298, "ebit": -828008, "interestExpense": -1025690, "incomeBeforeTax": -2888306, "incomeTaxExpense": 0, "minorityInterest": {}, "netIncomeFromContinuingOps": -2888306, "discontinuedOperations": {}, "extraordinaryItems": {}, "effectOfAccountingCharges": {}, "otherItems": {}, "netIncome": -2888306, "netIncomeApplicableToCommonShares": -2888306}, {"maxAge": 1, "endDate": "2019-12-31", "totalRevenue": 22399000, "costOfRevenue": 16774000, "grossProfit": 5625000, "researchDevelopment": {}, "sellingGeneralAdministrative": 1438000, "nonRecurring": {}, "otherOperatingExpenses": 4167000, "totalOperatingExpenses": 22569000, "operatingIncome": -170000, "totalOtherIncomeExpenseNet": 342000, "ebit": -170000, "interestExpense": -12000, "incomeBeforeTax": 172000, "incomeTaxExpense": 0, "minorityInterest": {}, "netIncomeFromContinuingOps": 172000, "discontinuedOperations": {}, "extraordinaryItems": {}, "effectOfAccountingCharges": {}, "otherItems": {}, "netIncome": 172000, "netIncomeApplicableToCommonShares": 172000}, {"maxAge": 1, "endDate": "2019-09-30", "totalRevenue": 27678000, "costOfRevenue": 19902000, "grossProfit": 7776000, "researchDevelopment": {}, "sellingGeneralAdministrative": 1018000, "nonRecurring": {}, "otherOperatingExpenses": 4104000, "totalOperatingExpenses": 25214000, "operatingIncome": 2464000, "totalOtherIncomeExpenseNet": -6000, "ebit": 2464000, "interestExpense": -59000, "incomeBeforeTax": 2458000, "incomeTaxExpense": 0, "minorityInterest": {}, "netIncomeFromContinuingOps": 2458000, "discontinuedOperations": {}, "extraordinaryItems": {}, "effectOfAccountingCharges": {}, "otherItems": {}, "netIncome": 2458000, "netIncomeApplicableToCommonShares": 2458000}], "maxAge": 86400}, "cashflowStatementHistoryQuarterly": {"cashflowStatements": [{"maxAge": 1, "endDate": "2020-06-30", "netIncome": 2630000, "changeToLiabilities": 0}, {"maxAge": 1, "endDate": "2020-03-31", "netIncome": -2888306, "changeToLiabilities": 0}, {"maxAge": 1, "endDate": "2019-12-31", "netIncome": 172000, "changeToLiabilities": 0}, {"maxAge": 1, "endDate": "2019-09-30", "netIncome": 2458000, "changeToLiabilities": 0}], "maxAge": 86400}, "insiderHolders": {"holders": [], "maxAge": 1}, "calendarEvents": {"maxAge": 1, "earnings": {"earningsDate": []}}, "price": {"maxAge": 1, "regularMarketChangePercent": -0.037372585, "regularMarketChange": -0.32999992, "regularMarketTime": "2021-04-30 15:24:17", "priceHint": 2, "regularMarketPrice": 8.5, "regularMarketDayHigh": 9.27, "regularMarketDayLow": 8.4, "regularMarketVolume": 7012, "averageDailyVolume10Day": 677, "averageDailyVolume3Month": 5156, "regularMarketPreviousClose": 8.83, "regularMarketSource": "FREE_REALTIME", "regularMarketOpen": 9.27, "exchange": "BSE", "exchangeName": "BSE", "exchangeDataDelayedBy": 0, "marketState": "CLOSED", "quoteType": "EQUITY", "symbol": "UNJHAFOR.BO", "underlyingSymbol": null, "shortName": "UNJHA FORMULATIONS LTD.", "longName": "Unjha Formulations Limited", "currency": "INR", "quoteSourceName": "Delayed Quote", "currencySymbol": "\u20b9", "fromCurrency": null, "toCurrency": null, "lastMarket": null, "marketCap": 38084248}, "balanceSheetHistory": {"balanceSheetStatements": [{"maxAge": 1, "endDate": "2020-03-31", "cash": 9391508, "netReceivables": 11513512, "inventory": 4836267, "totalCurrentAssets": 25741287, "longTermInvestments": 125, "propertyPlantEquipment": 6411311, "goodWill": 5000000, "totalAssets": 37152723, "accountsPayable": 18640792, "otherCurrentLiab": 363327, "totalCurrentLiabilities": 19004119, "totalLiab": 19004119, "commonStock": 44805000, "retainedEarnings": -28606396, "treasuryStock": 1950000, "otherStockholderEquity": 1950000, "totalStockholderEquity": 18148604, "netTangibleAssets": 13148604}, {"maxAge": 1, "endDate": "2019-03-31", "cash": 6500365, "netReceivables": 13380971, "inventory": 5499938, "totalCurrentAssets": 25381274, "longTermInvestments": 125, "propertyPlantEquipment": 6168429, "goodWill": 5000000, "totalAssets": 36549828, "accountsPayable": 20990993, "otherCurrentLiab": 493925, "totalCurrentLiabilities": 21484918, "totalLiab": 21484918, "commonStock": 44805000, "retainedEarnings": -31690090, "treasuryStock": 1950000, "otherStockholderEquity": 1950000, "totalStockholderEquity": 15064910, "netTangibleAssets": 10064910}, {"maxAge": 1, "endDate": "2018-03-31", "cash": 4947704, "netReceivables": 10504939, "inventory": 10179323, "totalCurrentAssets": 25631966, "longTermInvestments": 125, "propertyPlantEquipment": 6595434, "goodWill": 5000000, "otherAssets": 2327349, "totalAssets": 39554874, "accountsPayable": 27492717, "deferredLongTermLiab": 2327349, "totalCurrentLiabilities": 27492717, "totalLiab": 27492717, "commonStock": 44805000, "retainedEarnings": -34692843, "treasuryStock": 1950000, "otherStockholderEquity": 1950000, "totalStockholderEquity": 12062157, "netTangibleAssets": 7062157}, {"maxAge": 1, "endDate": "2017-03-31", "cash": 3407499, "netReceivables": 8167442, "inventory": 11636248, "totalCurrentAssets": 23211189, "longTermInvestments": 125, "propertyPlantEquipment": 7239354, "goodWill": 5000000, "otherAssets": 2327349, "totalAssets": 37778017, "accountsPayable": 27882850, "longTermDebt": 458915, "deferredLongTermLiab": 2327349, "totalCurrentLiabilities": 27882850, "totalLiab": 28341765, "commonStock": 44805000, "retainedEarnings": -37318748, "treasuryStock": 1950000, "otherStockholderEquity": 1950000, "totalStockholderEquity": 9436252, "netTangibleAssets": 4436252}], "maxAge": 86400}, "financialData": {"maxAge": 86400, "currentPrice": 8.5, "recommendationKey": "none", "grossProfits": 25557526, "financialCurrency": "INR"}}}