{"UNQTYMI.BO": {"cashflowStatementHistory": {"cashflowStatements": [{"maxAge": 1, "endDate": "2020-03-31", "netIncome": 6402394, "depreciation": 2719675, "changeToNetincome": -3733388, "changeToAccountReceivables": 87103761, "changeToLiabilities": -107449759, "changeToInventory": -663389, "changeToOperatingActivities": 189632, "totalCashFromOperatingActivities": -15414074, "otherCashflowsFromInvestingActivities": 793666, "totalCashflowsFromInvestingActivities": 793666, "netBorrowings": -8316464, "totalCashFromFinancingActivities": -8316464, "changeInCash": -22936872}, {"maxAge": 1, "endDate": "2019-03-31", "netIncome": 30146832, "depreciation": 3978333, "changeToNetincome": -27124764, "changeToAccountReceivables": -38371396, "changeToLiabilities": 95329199, "changeToInventory": -39968885, "changeToOperatingActivities": 14845924, "totalCashFromOperatingActivities": 38835243, "capitalExpenditures": -4608832, "otherCashflowsFromInvestingActivities": 313353, "totalCashflowsFromInvestingActivities": -4295479, "netBorrowings": -103249149, "totalCashFromFinancingActivities": -11148147, "changeInCash": 23391617, "issuanceOfStock": 92101002}, {"maxAge": 1, "endDate": "2018-03-31", "netIncome": -19739000, "depreciation": 3556000, "changeToNetincome": 13711000, "changeToAccountReceivables": -9764000, "changeToLiabilities": 75246000, "changeToInventory": 25613000, "changeToOperatingActivities": -21405000, "totalCashFromOperatingActivities": 67218000, "capitalExpenditures": -6190000, "investments": 500000, "otherCashflowsFromInvestingActivities": 295000, "totalCashflowsFromInvestingActivities": -5395000, "netBorrowings": -11569000, "otherCashflowsFromFinancingActivities": -16212000, "totalCashFromFinancingActivities": -27781000, "changeInCash": 34042000, "issuanceOfStock": 92101002}, {"maxAge": 1, "endDate": "2017-03-31", "netIncome": 16772000, "depreciation": 1784000, "changeToNetincome": 7318000, "changeToAccountReceivables": -28654000, "changeToLiabilities": 44269000, "changeToInventory": -11211000, "changeToOperatingActivities": -42643000, "totalCashFromOperatingActivities": -12303000, "capitalExpenditures": -1594000, "investments": 500000, "otherCashflowsFromInvestingActivities": 332000, "totalCashflowsFromInvestingActivities": -1262000, "netBorrowings": 25695000, "otherCashflowsFromFinancingActivities": -10745000, "totalCashFromFinancingActivities": 14979000, "changeInCash": 1414000, "issuanceOfStock": 29000}], "maxAge": 86400}, "institutionOwnership": {"ownershipList": [], "maxAge": 1}, "balanceSheetHistoryQuarterly": {"balanceSheetStatements": [{"maxAge": 1, "endDate": "2020-06-30", "totalStockholderEquity": 23183004, "netTangibleAssets": 23173084}, {"maxAge": 1, "endDate": "2020-03-31", "cash": 6486543, "netReceivables": 168610853, "inventory": 63868171, "otherCurrentAssets": 829000, "totalCurrentAssets": 239794567, "longTermInvestments": 526077, "propertyPlantEquipment": 10261017, "intangibleAssets": 9920, "otherAssets": 12782713, "deferredLongTermAssetCharges": 2459492, "totalAssets": 263374294, "accountsPayable": 175574905, "otherCurrentLiab": 6356264, "otherLiab": 5257703, "totalCurrentLiabilities": 234933587, "totalLiab": 240191290, "commonStock": 69263810, "retainedEarnings": -145425000, "treasuryStock": 1746000, "capitalSurplus": 97598194, "otherStockholderEquity": 1746000, "totalStockholderEquity": 23183004, "netTangibleAssets": 23173084}, {"maxAge": 1, "endDate": "2019-12-31", "totalStockholderEquity": 5621000, "netTangibleAssets": 5603000}, {"maxAge": 1, "endDate": "2019-09-30", "cash": 5310000, "shortTermInvestments": 599000, "netReceivables": 255890000, "inventory": 33788000, "otherCurrentAssets": 24203000, "totalCurrentAssets": 319790000, "longTermInvestments": 8494000, "propertyPlantEquipment": 11266000, "intangibleAssets": 18000, "otherAssets": 9016000, "deferredLongTermAssetCharges": 6298000, "totalAssets": 348584000, "accountsPayable": 248120000, "otherCurrentLiab": 42047000, "otherLiab": 5024000, "totalCurrentLiabilities": 337939000, "totalLiab": 342963000, "commonStock": 69264000, "treasuryStock": -63643000, "otherStockholderEquity": -63643000, "totalStockholderEquity": 5621000, "netTangibleAssets": 5603000}], "maxAge": 86400}, "indexTrend": {"maxAge": 1, "symbol": "SP5", "peRatio": 19.7411, "pegRatio": 1.34172, "estimates": [{"period": "0q", "growth": 0.549}, {"period": "+1q", "growth": 0.431}, {"period": "0y", "growth": 0.305}, {"period": "+1y", "growth": 0.109}, {"period": "+5y", "growth": 0.120859005}, {"period": "-5y"}]}, "insiderTransactions": {"transactions": [{"maxAge": 1, "shares": 1722173, "filerUrl": "", "transactionText": "", "filerName": "Kapish (Rajesh Singh Javvari)", "filerRelation": "UNREPORTED", "moneyText": "", "startDate": "2018-03-15", "ownership": "D"}, {"maxAge": 1, "shares": 1300200, "filerUrl": "", "transactionText": "", "filerName": "Kumari (Javahari Kapisha Praveena)", "filerRelation": "UNREPORTED", "moneyText": "", "startDate": "2018-03-15", "ownership": "D"}], "maxAge": 1}, "quoteType": {"exchange": "BSE", "quoteType": "EQUITY", "symbol": "UNQTYMI.BO", "underlyingSymbol": "UNQTYMI.BO", "shortName": "UNION QUALITY PLASTICS LTD.", "longName": "Union Quality Plastics Limited", "firstTradeDateEpochUtc": "1998-12-30 09:15:00", "timeZoneFullName": "Asia/Kolkata", "timeZoneShortName": "IST", "uuid": "12ab9877-335a-3fd6-903a-99f44c149d4d", "gmtOffSetMilliseconds": 19800000, "maxAge": 1}, "incomeStatementHistory": {"incomeStatementHistory": [{"maxAge": 1, "endDate": "2020-03-31", "totalRevenue": 363429161, "costOfRevenue": 279770927, "grossProfit": 83658234, "researchDevelopment": {}, "sellingGeneralAdministrative": 12295746, "nonRecurring": {}, "otherOperatingExpenses": 55228909, "totalOperatingExpenses": 350032257, "operatingIncome": 13396904, "totalOtherIncomeExpenseNet": -5218670, "ebit": 13396904, "interestExpense": -5802000, "incomeBeforeTax": 8178234, "incomeTaxExpense": 1775840, "minorityInterest": {}, "netIncomeFromContinuingOps": 6402394, "discontinuedOperations": {}, "extraordinaryItems": {}, "effectOfAccountingCharges": {}, "otherItems": {}, "netIncome": 6402394, "netIncomeApplicableToCommonShares": 6402394}, {"maxAge": 1, "endDate": "2019-03-31", "totalRevenue": 534585924, "costOfRevenue": 403126327, "grossProfit": 131459597, "researchDevelopment": {}, "sellingGeneralAdministrative": 36705300, "nonRecurring": {}, "otherOperatingExpenses": 79162667, "totalOperatingExpenses": 522972627, "operatingIncome": 11613297, "totalOtherIncomeExpenseNet": 30998610, "ebit": 11613297, "interestExpense": -8293000, "incomeBeforeTax": 42611907, "incomeTaxExpense": 12465075, "minorityInterest": {}, "netIncomeFromContinuingOps": 30146832, "discontinuedOperations": {}, "extraordinaryItems": {}, "effectOfAccountingCharges": {}, "otherItems": {}, "netIncome": 30146832, "netIncomeApplicableToCommonShares": 30146832}, {"maxAge": 1, "endDate": "2018-03-31", "totalRevenue": 240522000, "costOfRevenue": 180298000, "grossProfit": 60224000, "researchDevelopment": {}, "sellingGeneralAdministrative": 13186000, "nonRecurring": {}, "otherOperatingExpenses": 48323000, "totalOperatingExpenses": 245363000, "operatingIncome": -4841000, "totalOtherIncomeExpenseNet": -17313000, "ebit": -4841000, "interestExpense": -17748000, "incomeBeforeTax": -22154000, "incomeTaxExpense": -2415000, "minorityInterest": {}, "netIncomeFromContinuingOps": -19739000, "discontinuedOperations": {}, "extraordinaryItems": {}, "effectOfAccountingCharges": {}, "otherItems": {}, "netIncome": -19739000, "netIncomeApplicableToCommonShares": -19739000}, {"maxAge": 1, "endDate": "2017-03-31", "totalRevenue": 428588000, "costOfRevenue": 270155000, "grossProfit": 158433000, "researchDevelopment": {}, "sellingGeneralAdministrative": 27545000, "nonRecurring": {}, "otherOperatingExpenses": 101182000, "totalOperatingExpenses": 400728000, "operatingIncome": 27860000, "totalOtherIncomeExpenseNet": -11712000, "ebit": 27860000, "interestExpense": -11699000, "incomeBeforeTax": 16148000, "incomeTaxExpense": -624000, "minorityInterest": {}, "netIncomeFromContinuingOps": 16772000, "discontinuedOperations": {}, "extraordinaryItems": {}, "effectOfAccountingCharges": {}, "otherItems": {}, "netIncome": 16772000, "netIncomeApplicableToCommonShares": 16772000}], "maxAge": 86400}, "fundOwnership": {"ownershipList": [], "maxAge": 1}, "summaryDetail": {"maxAge": 1, "priceHint": 2, "previousClose": 13.2, "open": 13.2, "dayLow": 13.2, "dayHigh": 13.25, "regularMarketPreviousClose": 13.2, "regularMarketOpen": 13.2, "regularMarketDayLow": 13.2, "regularMarketDayHigh": 13.25, "volume": 551, "regularMarketVolume": 551, "averageVolume": 307, "averageVolume10days": 56, "averageDailyVolume10Day": 56, "bid": 0.0, "ask": 13.25, "bidSize": 0, "askSize": 0, "marketCap": 64063752, "fiftyTwoWeekLow": 8.0, "fiftyTwoWeekHigh": 21.11, "fiftyDayAverage": 14.636061, "twoHundredDayAverage": 16.119635, "currency": "INR", "fromCurrency": null, "lastMarket": null, "algorithm": null, "tradeable": false}, "incomeStatementHistoryQuarterly": {"incomeStatementHistory": [{"maxAge": 1, "endDate": "2020-06-30", "totalRevenue": 41302000, "costOfRevenue": 33512000, "grossProfit": 7790000, "researchDevelopment": {}, "sellingGeneralAdministrative": 971000, "nonRecurring": {}, "otherOperatingExpenses": 5983000, "totalOperatingExpenses": 40945000, "operatingIncome": 357000, "totalOtherIncomeExpenseNet": -33000, "ebit": 357000, "interestExpense": -10000, "incomeBeforeTax": 324000, "incomeTaxExpense": 1866000, "minorityInterest": {}, "netIncomeFromContinuingOps": -1542000, "discontinuedOperations": {}, "extraordinaryItems": {}, "effectOfAccountingCharges": {}, "otherItems": {}, "netIncome": -1542000, "netIncomeApplicableToCommonShares": -1542000}, {"maxAge": 1, "endDate": "2020-03-31", "totalRevenue": 124368161, "costOfRevenue": 89756927, "grossProfit": 34611234, "researchDevelopment": {}, "sellingGeneralAdministrative": 1315746, "nonRecurring": {}, "otherOperatingExpenses": 13403909, "totalOperatingExpenses": 105160257, "operatingIncome": 19207904, "totalOtherIncomeExpenseNet": -2809670, "ebit": 19207904, "interestExpense": -3389000, "incomeBeforeTax": 16398234, "incomeTaxExpense": 4980840, "minorityInterest": {}, "netIncomeFromContinuingOps": 11417394, "discontinuedOperations": {}, "extraordinaryItems": {}, "effectOfAccountingCharges": {}, "otherItems": {}, "netIncome": 11417394, "netIncomeApplicableToCommonShares": 11417394}, {"maxAge": 1, "endDate": "2019-12-31", "totalRevenue": 71259000, "costOfRevenue": 59042000, "grossProfit": 12217000, "researchDevelopment": {}, "sellingGeneralAdministrative": 2995000, "nonRecurring": {}, "otherOperatingExpenses": 9828000, "totalOperatingExpenses": 72549000, "operatingIncome": -1290000, "totalOtherIncomeExpenseNet": 7415000, "ebit": -1290000, "interestExpense": -3389000, "incomeBeforeTax": 6125000, "incomeTaxExpense": -19000, "minorityInterest": {}, "netIncomeFromContinuingOps": 6144000, "discontinuedOperations": {}, "extraordinaryItems": {}, "effectOfAccountingCharges": {}, "otherItems": {}, "netIncome": 6144000, "netIncomeApplicableToCommonShares": 6144000}, {"maxAge": 1, "endDate": "2019-09-30", "totalRevenue": 43604000, "costOfRevenue": 36021000, "grossProfit": 7583000, "researchDevelopment": {}, "sellingGeneralAdministrative": 4983000, "nonRecurring": {}, "otherOperatingExpenses": 15959000, "totalOperatingExpenses": 57647000, "operatingIncome": -14043000, "totalOtherIncomeExpenseNet": -9400000, "ebit": -14043000, "interestExpense": -9364000, "incomeBeforeTax": -23443000, "incomeTaxExpense": -4324000, "minorityInterest": {}, "netIncomeFromContinuingOps": -19119000, "discontinuedOperations": {}, "extraordinaryItems": {}, "effectOfAccountingCharges": {}, "otherItems": {}, "netIncome": -19119000, "netIncomeApplicableToCommonShares": -19119000}], "maxAge": 86400}, "cashflowStatementHistoryQuarterly": {"cashflowStatements": [{"maxAge": 1, "endDate": "2020-06-30", "netIncome": -1542000, "changeToLiabilities": 0}, {"maxAge": 1, "endDate": "2020-03-31", "netIncome": 11417394, "changeToLiabilities": 0}, {"maxAge": 1, "endDate": "2019-12-31", "netIncome": 6144000, "changeToLiabilities": 0}, {"maxAge": 1, "endDate": "2019-09-30", "netIncome": -19119000, "changeToLiabilities": 0}], "maxAge": 86400}, "insiderHolders": {"holders": [{"maxAge": 1, "name": "Kapish (Rajesh Singh Javvari)", "relation": "UNREPORTED", "url": "", "transactionDescription": "Purchase", "latestTransDate": "2018-03-15", "positionDirect": 1722173, "positionDirectDate": "2018-03-15"}, {"maxAge": 1, "name": "Kumari (Javahari Kapisha Praveena)", "relation": "UNREPORTED", "url": "", "transactionDescription": "Purchase", "latestTransDate": "2018-03-15", "positionDirect": 1300200, "positionDirectDate": "2018-03-15"}], "maxAge": 1}, "calendarEvents": {"maxAge": 1, "earnings": {"earningsDate": ["2020-07-31 05:30:S"]}}, "upgradeDowngradeHistory": {"history": [], "maxAge": 86400}, "price": {"maxAge": 1, "regularMarketChangePercent": 0.0037878933, "regularMarketChange": 0.05000019, "regularMarketTime": "2021-04-30 13:18:23", "priceHint": 2, "regularMarketPrice": 13.25, "regularMarketDayHigh": 13.25, "regularMarketDayLow": 13.2, "regularMarketVolume": 551, "averageDailyVolume10Day": 56, "averageDailyVolume3Month": 307, "regularMarketPreviousClose": 13.2, "regularMarketSource": "FREE_REALTIME", "regularMarketOpen": 13.2, "exchange": "BSE", "exchangeName": "BSE", "exchangeDataDelayedBy": 0, "marketState": "CLOSED", "quoteType": "EQUITY", "symbol": "UNQTYMI.BO", "underlyingSymbol": null, "shortName": "UNION QUALITY PLASTICS LTD.", "longName": "Union Quality Plastics Limited", "currency": "INR", "quoteSourceName": "Delayed Quote", "currencySymbol": "\u20b9", "fromCurrency": null, "lastMarket": null, "marketCap": 64063752}, "balanceSheetHistory": {"balanceSheetStatements": [{"maxAge": 1, "endDate": "2020-03-31", "cash": 6486543, "netReceivables": 168610853, "inventory": 63868171, "otherCurrentAssets": 829000, "totalCurrentAssets": 239794567, "longTermInvestments": 526077, "propertyPlantEquipment": 10261017, "intangibleAssets": 9920, "otherAssets": 12782713, "deferredLongTermAssetCharges": 2459492, "totalAssets": 263374294, "accountsPayable": 175574905, "otherCurrentLiab": 6356264, "otherLiab": 5257703, "totalCurrentLiabilities": 234933587, "totalLiab": 240191290, "commonStock": 69263810, "retainedEarnings": -145425000, "treasuryStock": 1746000, "capitalSurplus": 97598194, "otherStockholderEquity": 1746000, "totalStockholderEquity": 23183004, "netTangibleAssets": 23173084}, {"maxAge": 1, "endDate": "2019-03-31", "cash": 29423415, "netReceivables": 258770877, "inventory": 63204782, "otherCurrentAssets": 3290999, "totalCurrentAssets": 354696073, "longTermInvestments": 658307, "propertyPlantEquipment": 12980686, "intangibleAssets": 26926, "otherAssets": 13108399, "deferredLongTermAssetCharges": 3112066, "totalAssets": 381470391, "accountsPayable": 283024664, "shortLongTermDebt": 418000, "otherCurrentLiab": 15111999, "otherLiab": 5124393, "totalCurrentLiabilities": 359565388, "totalLiab": 364689781, "commonStock": 69263810, "retainedEarnings": -151827000, "treasuryStock": 1746000, "capitalSurplus": 97597800, "otherStockholderEquity": 1746000, "totalStockholderEquity": 16780610, "netTangibleAssets": 16753684}, {"maxAge": 1, "endDate": "2018-03-31", "cash": 6032000, "shortTermInvestments": 20013000, "netReceivables": 202536000, "inventory": 23236000, "otherCurrentAssets": 3176000, "totalCurrentAssets": 254993000, "longTermInvestments": 609000, "propertyPlantEquipment": 12304000, "intangibleAssets": 73000, "otherAssets": 19121000, "deferredLongTermAssetCharges": 10523000, "totalAssets": 287100000, "accountsPayable": 187695000, "shortLongTermDebt": 2511000, "otherCurrentLiab": 200000, "longTermDebt": 129766000, "otherLiab": 4635000, "totalCurrentLiabilities": 258166000, "totalLiab": 392567000, "commonStock": 47335000, "retainedEarnings": -181973000, "treasuryStock": 1746000, "capitalSurplus": 27425000, "otherStockholderEquity": 1746000, "totalStockholderEquity": -105467000, "netTangibleAssets": -105540000}, {"maxAge": 1, "endDate": "2017-03-31", "cash": 6710000, "netReceivables": 193337000, "inventory": 48849000, "otherCurrentAssets": 19526000, "totalCurrentAssets": 268718000, "longTermInvestments": 1097000, "propertyPlantEquipment": 9593000, "intangibleAssets": 150000, "otherAssets": 14558000, "deferredLongTermAssetCharges": 8108000, "totalAssets": 294116000, "accountsPayable": 101292000, "shortLongTermDebt": 4910000, "otherCurrentLiab": 16328000, "longTermDebt": 132224000, "totalCurrentLiabilities": 247620000, "totalLiab": 379844000, "commonStock": 47335000, "retainedEarnings": -162234000, "treasuryStock": 1746000, "capitalSurplus": 27425000, "otherStockholderEquity": 1746000, "totalStockholderEquity": -85728000, "netTangibleAssets": -85878000}], "maxAge": 86400}, "financialData": {"maxAge": 86400, "currentPrice": 13.25, "recommendationKey": "none", "grossProfits": 83658234, "financialCurrency": "INR"}}}