{"UPASAFN.BO": {"cashflowStatementHistory": {"cashflowStatements": [{"maxAge": 1, "endDate": "2020-03-31", "netIncome": 289283, "depreciation": 17752, "changeToNetincome": 4895674, "changeToLiabilities": 0, "changeToOperatingActivities": -32832387, "totalCashFromOperatingActivities": -27626449, "changeInCash": -27626449}, {"maxAge": 1, "endDate": "2019-03-31", "netIncome": 4369884, "depreciation": 11535, "changeToNetincome": 4895674, "changeToLiabilities": 0, "changeToOperatingActivities": 6393051, "totalCashFromOperatingActivities": 10776610, "capitalExpenditures": -122382, "totalCashflowsFromInvestingActivities": -122382, "otherCashflowsFromFinancingActivities": 1877416, "totalCashFromFinancingActivities": 1877416, "changeInCash": 12531644}, {"maxAge": 1, "endDate": "2018-03-31", "netIncome": 2833739, "depreciation": 11535, "changeToNetincome": -3519436, "changeToLiabilities": 0, "changeToOperatingActivities": -110959200, "totalCashFromOperatingActivities": -111644897, "capitalExpenditures": -122382, "investments": 87458902, "totalCashflowsFromInvestingActivities": 87458902, "netBorrowings": -1840457, "otherCashflowsFromFinancingActivities": 11500000, "totalCashFromFinancingActivities": 9659543, "changeInCash": -14526452}, {"maxAge": 1, "endDate": "2017-03-31", "netIncome": 5884035, "depreciation": 11535, "changeToNetincome": -2063956, "changeToLiabilities": 0, "changeToOperatingActivities": 202641, "totalCashFromOperatingActivities": 4022720, "capitalExpenditures": -122382, "investments": -2248108, "totalCashflowsFromInvestingActivities": -2248108, "netBorrowings": -1840457, "otherCashflowsFromFinancingActivities": 11500000, "totalCashFromFinancingActivities": 9659543, "changeInCash": 1774612}], "maxAge": 86400}, "institutionOwnership": {"maxAge": 1, "ownershipList": []}, "balanceSheetHistoryQuarterly": {"balanceSheetStatements": [{"maxAge": 1, "endDate": "2020-06-30", "totalStockholderEquity": 134967804, "netTangibleAssets": 134952873}, {"maxAge": 1, "endDate": "2020-03-31", "cash": 703226, "netReceivables": 139276274, "otherCurrentAssets": 140000, "totalCurrentAssets": 140119500, "longTermInvestments": 1030000, "propertyPlantEquipment": 72795, "intangibleAssets": 14931, "otherAssets": -1, "totalAssets": 141237225, "otherCurrentLiab": 5781228, "totalCurrentLiabilities": 6269421, "totalLiab": 6269421, "commonStock": 42780000, "retainedEarnings": 51990858, "treasuryStock": 10395998, "capitalSurplus": 29800948, "otherStockholderEquity": 10395998, "totalStockholderEquity": 134967804, "netTangibleAssets": 134952873}, {"maxAge": 1, "endDate": "2019-12-31", "totalStockholderEquity": 138047000, "netTangibleAssets": 138032000}, {"maxAge": 1, "endDate": "2019-09-30", "cash": 117000, "netReceivables": 138518000, "totalCurrentAssets": 138635000, "propertyPlantEquipment": 84000, "intangibleAssets": 15000, "otherAssets": 1140000, "totalAssets": 139874000, "otherCurrentLiab": 1826000, "otherLiab": 1000, "totalCurrentLiabilities": 1826000, "totalLiab": 1827000, "commonStock": 42780000, "treasuryStock": 95267000, "otherStockholderEquity": 95267000, "totalStockholderEquity": 138047000, "netTangibleAssets": 138032000}], "maxAge": 86400}, "indexTrend": {"maxAge": 1, "symbol": "SP5", "peRatio": 19.7411, "pegRatio": 1.34172, "estimates": [{"period": "0q", "growth": 0.549}, {"period": "+1q", "growth": 0.431}, {"period": "0y", "growth": 0.305}, {"period": "+1y", "growth": 0.109}, {"period": "+5y", "growth": 0.120859005}, {"period": "-5y"}]}, "insiderTransactions": {"transactions": [{"maxAge": 1, "shares": 105550, "value": 23801, "filerUrl": "", "transactionText": "Sale at price 0.23 per share.", "filerName": "Jain (Bhavika M)", "filerRelation": "Director", "moneyText": "", "startDate": "2020-10-01", "ownership": "D"}, {"maxAge": 1, "shares": 30199, "value": 6507, "filerUrl": "", "transactionText": "Sale at price 0.22 per share.", "filerName": "Jain (Bhavika M)", "filerRelation": "Additonal Director", "moneyText": "", "startDate": "2020-09-23", "ownership": "D"}, {"maxAge": 1, "shares": 64039, "value": 13275, "filerUrl": "", "transactionText": "Sale at price 0.21 per share.", "filerName": "Jain (Rekha M)", "filerRelation": "Promoter", "moneyText": "", "startDate": "2020-09-16", "ownership": "D"}, {"maxAge": 1, "shares": 9500, "filerUrl": "", "transactionText": "", "filerName": "Jain (Rekha M)", "filerRelation": "Additonal Director", "moneyText": "", "startDate": "2020-02-26", "ownership": "D"}, {"maxAge": 1, "shares": 47757, "filerUrl": "", "transactionText": "", "filerName": "Jain (Rekha M)", "filerRelation": "Additonal Director", "moneyText": "", "startDate": "2020-02-24", "ownership": "D"}, {"maxAge": 1, "shares": 17500, "filerUrl": "", "transactionText": "", "filerName": "Jain (Rekha M)", "filerRelation": "Additonal Director", "moneyText": "", "startDate": "2019-01-14", "ownership": "D"}, {"maxAge": 1, "shares": 25000, "filerUrl": "", "transactionText": "", "filerName": "Jain (Rekha M)", "filerRelation": "Additonal Director", "moneyText": "", "startDate": "2019-01-14", "ownership": "D"}, {"maxAge": 1, "shares": 6453, "filerUrl": "", "transactionText": "", "filerName": "Jain (Rekha M)", "filerRelation": "Additonal Director", "moneyText": "", "startDate": "2019-01-04", "ownership": "D"}, {"maxAge": 1, "shares": 17249, "filerUrl": "", "transactionText": "", "filerName": "Jain (Rekha M)", "filerRelation": "Additonal Director", "moneyText": "", "startDate": "2019-01-02", "ownership": "D"}, {"maxAge": 1, "shares": 35751, "filerUrl": "", "transactionText": "", "filerName": "Jain (Rekha M)", "filerRelation": "Additonal Director", "moneyText": "", "startDate": "2019-01-01", "ownership": "D"}, {"maxAge": 1, "shares": 24200, "filerUrl": "", "transactionText": "", "filerName": "Jain (Rekha M)", "filerRelation": "Additonal Director", "moneyText": "", "startDate": "2018-12-14", "ownership": "D"}, {"maxAge": 1, "shares": 41602, "filerUrl": "", "transactionText": "", "filerName": "Jain (Rekha M)", "filerRelation": "Additonal Director", "moneyText": "", "startDate": "2018-12-12", "ownership": "D"}, {"maxAge": 1, "shares": 34000, "filerUrl": "", "transactionText": "", "filerName": "Jain (Rekha M)", "filerRelation": "Additonal Director", "moneyText": "", "startDate": "2018-12-11", "ownership": "D"}, {"maxAge": 1, "shares": 67396, "filerUrl": "", "transactionText": "", "filerName": "Jain (Rekha M)", "filerRelation": "Additonal Director", "moneyText": "", "startDate": "2018-12-10", "ownership": "D"}, {"maxAge": 1, "shares": 26220, "filerUrl": "", "transactionText": "", "filerName": "Jain (Rekha M)", "filerRelation": "Acting Chairman", "moneyText": "", "startDate": "2018-12-03", "ownership": "D"}, {"maxAge": 1, "shares": 20000, "filerUrl": "", "transactionText": "", "filerName": "Jain (Rekha M)", "filerRelation": "Additonal Director", "moneyText": "", "startDate": "2018-11-29", "ownership": "D"}, {"maxAge": 1, "shares": 35000, "filerUrl": "", "transactionText": "", "filerName": "Jain (Rekha M)", "filerRelation": "Additonal Director", "moneyText": "", "startDate": "2018-11-28", "ownership": "D"}, {"maxAge": 1, "shares": 70431, "filerUrl": "", "transactionText": "", "filerName": "Jain (Rekha M)", "filerRelation": "Additonal Director", "moneyText": "", "startDate": "2018-11-26", "ownership": "D"}], "maxAge": 1}, "quoteType": {"exchange": "BSE", "quoteType": "EQUITY", "symbol": "UPASAFN.BO", "underlyingSymbol": "UPASAFN.BO", "shortName": "UPASANA FINANCE LTD.", "longName": "Upasana Finance Limited", "firstTradeDateEpochUtc": "2010-09-06 09:15:00", "timeZoneFullName": "Asia/Kolkata", "timeZoneShortName": "IST", "uuid": "c40c7e7d-23be-3472-987f-1b618b0f6d43", "messageBoardId": null, "gmtOffSetMilliseconds": 19800000, "maxAge": 1}, "incomeStatementHistory": {"incomeStatementHistory": [{"maxAge": 1, "endDate": "2020-03-31", "totalRevenue": 7946085, "costOfRevenue": 48581, "grossProfit": 7897504, "researchDevelopment": {}, "sellingGeneralAdministrative": 1697870, "nonRecurring": {}, "otherOperatingExpenses": 5060506, "totalOperatingExpenses": 6827938, "operatingIncome": 1118147, "totalOtherIncomeExpenseNet": -1, "ebit": 0, "interestExpense": {}, "incomeBeforeTax": 1118146, "incomeTaxExpense": 828863, "minorityInterest": {}, "netIncomeFromContinuingOps": 289283, "discontinuedOperations": {}, "extraordinaryItems": {}, "effectOfAccountingCharges": {}, "otherItems": {}, "netIncome": 289283, "netIncomeApplicableToCommonShares": 289283}, {"maxAge": 1, "endDate": "2019-03-31", "totalRevenue": 10571289, "costOfRevenue": 0, "grossProfit": 10571289, "researchDevelopment": {}, "sellingGeneralAdministrative": 1177861, "nonRecurring": {}, "otherOperatingExpenses": 3028179, "totalOperatingExpenses": 4219715, "operatingIncome": 6351574, "totalOtherIncomeExpenseNet": 0, "ebit": 0, "interestExpense": {}, "incomeBeforeTax": 6351574, "incomeTaxExpense": 1981690, "minorityInterest": {}, "netIncomeFromContinuingOps": 4369884, "discontinuedOperations": {}, "extraordinaryItems": {}, "effectOfAccountingCharges": {}, "otherItems": {}, "netIncome": 4369884, "netIncomeApplicableToCommonShares": 4369884}, {"maxAge": 1, "endDate": "2018-03-31", "totalRevenue": 10830458, "costOfRevenue": 0, "grossProfit": 10830458, "researchDevelopment": {}, "sellingGeneralAdministrative": 4480563, "nonRecurring": {}, "otherOperatingExpenses": 2533412, "totalOperatingExpenses": 7013975, "operatingIncome": 3816483, "totalOtherIncomeExpenseNet": 0, "ebit": 0, "interestExpense": {}, "incomeBeforeTax": 3816483, "incomeTaxExpense": 982744, "minorityInterest": {}, "netIncomeFromContinuingOps": 2833739, "discontinuedOperations": {}, "extraordinaryItems": {}, "effectOfAccountingCharges": {}, "otherItems": {}, "netIncome": 2833739, "netIncomeApplicableToCommonShares": 2833739}, {"maxAge": 1, "endDate": "2017-03-31", "totalRevenue": 13367336, "costOfRevenue": 0, "grossProfit": 13367336, "researchDevelopment": {}, "sellingGeneralAdministrative": 5348485, "nonRecurring": {}, "otherOperatingExpenses": 1409942, "totalOperatingExpenses": 6758427, "operatingIncome": 6608909, "totalOtherIncomeExpenseNet": 0, "ebit": 0, "interestExpense": {}, "incomeBeforeTax": 6608909, "incomeTaxExpense": 724874, "minorityInterest": {}, "netIncomeFromContinuingOps": 5884035, "discontinuedOperations": {}, "extraordinaryItems": {}, "effectOfAccountingCharges": {}, "otherItems": {}, "netIncome": 5884035, "netIncomeApplicableToCommonShares": 5884035}], "maxAge": 86400}, "fundOwnership": {"maxAge": 1, "ownershipList": []}, "summaryDetail": {"maxAge": 1, "priceHint": 2, "previousClose": 13.2, "open": 13.6, "dayLow": 11.9, "dayHigh": 14.4, "regularMarketPreviousClose": 13.2, "regularMarketOpen": 13.6, "regularMarketDayLow": 11.9, "regularMarketDayHigh": 14.4, "volume": 1180, "regularMarketVolume": 1180, "averageVolume": 1323, "averageVolume10days": 582, "averageDailyVolume10Day": 582, "bid": 12.02, "ask": 13.36, "bidSize": 0, "askSize": 0, "marketCap": 57154080, "fiftyTwoWeekLow": 11.9, "fiftyTwoWeekHigh": 26.75, "fiftyDayAverage": 15.334572, "twoHundredDayAverage": 16.509197, "currency": "INR", "fromCurrency": null, "toCurrency": null, "lastMarket": null, "algorithm": null, "tradeable": false}, "incomeStatementHistoryQuarterly": {"incomeStatementHistory": [{"maxAge": 1, "endDate": "2020-06-30", "totalRevenue": 2257000, "costOfRevenue": 0, "grossProfit": 2257000, "researchDevelopment": {}, "sellingGeneralAdministrative": 270000, "nonRecurring": {}, "otherOperatingExpenses": 497000, "totalOperatingExpenses": 772000, "operatingIncome": 1485000, "totalOtherIncomeExpenseNet": 0, "ebit": 0, "interestExpense": {}, "incomeBeforeTax": 1485000, "incomeTaxExpense": 386000, "minorityInterest": {}, "netIncomeFromContinuingOps": 1099000, "discontinuedOperations": {}, "extraordinaryItems": {}, "effectOfAccountingCharges": {}, "otherItems": {}, "netIncome": 1099000, "netIncomeApplicableToCommonShares": 1099000}, {"maxAge": 1, "endDate": "2020-03-31", "totalRevenue": -833915, "costOfRevenue": 48581, "grossProfit": -882496, "researchDevelopment": {}, "sellingGeneralAdministrative": 676870, "nonRecurring": {}, "otherOperatingExpenses": 3502506, "totalOperatingExpenses": 4232938, "operatingIncome": -5066853, "totalOtherIncomeExpenseNet": -1, "ebit": 0, "interestExpense": {}, "incomeBeforeTax": -5066854, "incomeTaxExpense": -779137, "minorityInterest": {}, "netIncomeFromContinuingOps": -4287717, "discontinuedOperations": {}, "extraordinaryItems": {}, "effectOfAccountingCharges": {}, "otherItems": {}, "netIncome": -4287717, "netIncomeApplicableToCommonShares": -4287717}, {"maxAge": 1, "endDate": "2019-12-31", "totalRevenue": 2483000, "costOfRevenue": 0, "grossProfit": 2483000, "researchDevelopment": {}, "sellingGeneralAdministrative": 379000, "nonRecurring": {}, "otherOperatingExpenses": 467000, "totalOperatingExpenses": 851000, "operatingIncome": 1632000, "totalOtherIncomeExpenseNet": 0, "ebit": 0, "interestExpense": {}, "incomeBeforeTax": 1632000, "incomeTaxExpense": 424000, "minorityInterest": {}, "netIncomeFromContinuingOps": 1208000, "discontinuedOperations": {}, "extraordinaryItems": {}, "effectOfAccountingCharges": {}, "otherItems": {}, "netIncome": 1208000, "netIncomeApplicableToCommonShares": 1208000}, {"maxAge": 1, "endDate": "2019-09-30", "totalRevenue": 2945000, "costOfRevenue": 0, "grossProfit": 2945000, "researchDevelopment": {}, "sellingGeneralAdministrative": 299000, "nonRecurring": {}, "otherOperatingExpenses": 534000, "totalOperatingExpenses": 838000, "operatingIncome": 2107000, "totalOtherIncomeExpenseNet": 0, "ebit": 0, "interestExpense": {}, "incomeBeforeTax": 2107000, "incomeTaxExpense": 548000, "minorityInterest": {}, "netIncomeFromContinuingOps": 1559000, "discontinuedOperations": {}, "extraordinaryItems": {}, "effectOfAccountingCharges": {}, "otherItems": {}, "netIncome": 1559000, "netIncomeApplicableToCommonShares": 1559000}], "maxAge": 86400}, "cashflowStatementHistoryQuarterly": {"cashflowStatements": [{"maxAge": 1, "endDate": "2020-06-30", "netIncome": 1099000, "changeToLiabilities": 0}, {"maxAge": 1, "endDate": "2020-03-31", "netIncome": -4287717, "changeToLiabilities": 0}, {"maxAge": 1, "endDate": "2019-12-31", "netIncome": 1208000, "changeToLiabilities": 0}, {"maxAge": 1, "endDate": "2019-09-30", "netIncome": 1559000, "changeToLiabilities": 0}], "maxAge": 86400}, "insiderHolders": {"holders": [{"maxAge": 1, "name": "Jain (Bhavika M)", "relation": "Director", "url": "", "transactionDescription": "Sale", "latestTransDate": "2020-10-01", "positionDirect": 1059563, "positionDirectDate": "2020-10-01"}, {"maxAge": 1, "name": "Jain (Rekha M)", "relation": "Promoter", "url": "", "transactionDescription": "Sale", "latestTransDate": "2020-09-16", "positionDirect": 1341, "positionDirectDate": "2020-09-16"}], "maxAge": 1}, "calendarEvents": {"maxAge": 1, "earnings": {"earningsDate": ["2020-07-31 05:30:S"]}}, "price": {"maxAge": 1, "regularMarketChangePercent": 0.012121201, "regularMarketChange": 0.15999985, "regularMarketTime": "2021-04-30 15:18:11", "priceHint": 2, "regularMarketPrice": 13.36, "regularMarketDayHigh": 14.4, "regularMarketDayLow": 11.9, "regularMarketVolume": 1180, "averageDailyVolume10Day": 582, "averageDailyVolume3Month": 1323, "regularMarketPreviousClose": 13.2, "regularMarketSource": "FREE_REALTIME", "regularMarketOpen": 13.6, "exchange": "BSE", "exchangeName": "BSE", "exchangeDataDelayedBy": 0, "marketState": "CLOSED", "quoteType": "EQUITY", "symbol": "UPASAFN.BO", "underlyingSymbol": null, "shortName": "UPASANA FINANCE LTD.", "longName": "Upasana Finance Limited", "currency": "INR", "quoteSourceName": "Delayed Quote", "currencySymbol": "\u20b9", "fromCurrency": null, "toCurrency": null, "lastMarket": null, "marketCap": 57154080}, "balanceSheetHistory": {"balanceSheetStatements": [{"maxAge": 1, "endDate": "2020-03-31", "cash": 703226, "netReceivables": 139276274, "otherCurrentAssets": 140000, "totalCurrentAssets": 140119500, "longTermInvestments": 1030000, "propertyPlantEquipment": 72795, "intangibleAssets": 14931, "otherAssets": -1, "totalAssets": 141237225, "otherCurrentLiab": 5781228, "totalCurrentLiabilities": 6269421, "totalLiab": 6269421, "commonStock": 42780000, "retainedEarnings": 51990858, "treasuryStock": 10395998, "capitalSurplus": 29800948, "otherStockholderEquity": 10395998, "totalStockholderEquity": 134967804, "netTangibleAssets": 134952873}, {"maxAge": 1, "endDate": "2019-03-31", "cash": 28329674, "netReceivables": 106342243, "otherCurrentAssets": 140000, "totalCurrentAssets": 134811917, "longTermInvestments": 1000000, "propertyPlantEquipment": 90547, "intangibleAssets": 18160, "totalAssets": 135920624, "otherCurrentLiab": 1040733, "totalCurrentLiabilities": 1242103, "totalLiab": 1242103, "commonStock": 42780000, "retainedEarnings": 51701575, "treasuryStock": 10395998, "capitalSurplus": 29800948, "otherStockholderEquity": 10395998, "totalStockholderEquity": 134678521, "netTangibleAssets": 134660361}, {"maxAge": 1, "endDate": "2018-03-31", "cash": 15798031, "netReceivables": 45782929, "otherCurrentAssets": 67190783, "totalCurrentAssets": 128771743, "otherAssets": 1877416, "totalAssets": 130649159, "otherCurrentLiab": -145660, "totalCurrentLiabilities": 340522, "totalLiab": 340522, "commonStock": 42780000, "retainedEarnings": 47331691, "treasuryStock": 10395998, "capitalSurplus": 29800948, "otherStockholderEquity": 10395998, "totalStockholderEquity": 130308637, "netTangibleAssets": 130308637}, {"maxAge": 1, "endDate": "2017-03-31", "cash": 219995, "netReceivables": 1414218, "otherCurrentAssets": 30104489, "totalCurrentAssets": 31738702, "longTermInvestments": 83939465, "otherAssets": 13377416, "totalAssets": 129055583, "otherCurrentLiab": -641436, "otherLiab": 1840457, "totalCurrentLiabilities": -259772, "totalLiab": 1580685, "commonStock": 42780000, "retainedEarnings": 44497952, "treasuryStock": 10395998, "capitalSurplus": 29800948, "otherStockholderEquity": 10395998, "totalStockholderEquity": 127474898, "netTangibleAssets": 127474898}], "maxAge": 86400}, "financialData": {"maxAge": 86400, "currentPrice": 13.36, "recommendationKey": "none", "grossProfits": 7897504, "financialCurrency": "INR"}}}