{"UPSURGE.BO": {"cashflowStatementHistory": {"cashflowStatements": [{"maxAge": 1, "endDate": "2020-03-31", "netIncome": -40577750, "depreciation": 213870, "changeToNetincome": 28216200, "changeToAccountReceivables": -848410, "changeToLiabilities": 0, "changeToInventory": 7431580, "changeToOperatingActivities": 42411890, "totalCashFromOperatingActivities": 36847380, "capitalExpenditures": -30000, "investments": -17383850, "otherCashflowsFromInvestingActivities": 1348420, "totalCashflowsFromInvestingActivities": -16065430, "changeInCash": 20781950}, {"maxAge": 1, "endDate": "2019-03-31", "netIncome": 11520240, "depreciation": 255770, "changeToNetincome": -7607790, "changeToAccountReceivables": 4534130, "changeToLiabilities": 0, "changeToInventory": 4664840, "changeToOperatingActivities": -53818260, "totalCashFromOperatingActivities": -40451070, "capitalExpenditures": -30000, "investments": -27871920, "otherCashflowsFromInvestingActivities": 635570, "totalCashflowsFromInvestingActivities": -27168760, "dividendsPaid": -7576200, "otherCashflowsFromFinancingActivities": -1557670, "totalCashFromFinancingActivities": -9133870, "changeInCash": -76753700}, {"maxAge": 1, "endDate": "2018-03-31", "netIncome": 30448194, "depreciation": 270476, "changeToNetincome": -1260876, "changeToAccountReceivables": -5888669, "changeToLiabilities": -2374404, "changeToInventory": -13649231, "changeToOperatingActivities": 34854814, "totalCashFromOperatingActivities": 42400304, "capitalExpenditures": -65400, "investments": -28912619, "otherCashflowsFromInvestingActivities": 311208, "totalCashflowsFromInvestingActivities": -25434811, "dividendsPaid": -7576200, "otherCashflowsFromFinancingActivities": -929944, "totalCashFromFinancingActivities": -929944, "changeInCash": 16035549}, {"maxAge": 1, "endDate": "2017-03-31", "netIncome": 5138015, "depreciation": 276582, "changeToNetincome": 501199, "changeToAccountReceivables": 959774, "changeToLiabilities": 2371524, "changeToInventory": 33078449, "changeToOperatingActivities": 13299976, "totalCashFromOperatingActivities": 55625519, "capitalExpenditures": -14750, "investments": -28912619, "otherCashflowsFromInvestingActivities": 692564, "totalCashflowsFromInvestingActivities": 677814, "dividendsPaid": -7576200, "otherCashflowsFromFinancingActivities": -116826, "totalCashFromFinancingActivities": -116826, "changeInCash": 56186507}], "maxAge": 86400}, "institutionOwnership": {"maxAge": 1, "ownershipList": []}, "balanceSheetHistoryQuarterly": {"balanceSheetStatements": [{"maxAge": 1, "endDate": "2020-06-30", "totalStockholderEquity": 197847000, "netTangibleAssets": 197847000}, {"maxAge": 1, "endDate": "2020-03-31", "cash": 1046630, "shortTermInvestments": 45058000, "netReceivables": 58332730, "otherCurrentAssets": 4183820, "totalCurrentAssets": 164387040, "longTermInvestments": 60312890, "propertyPlantEquipment": 260260, "otherAssets": 13500, "totalAssets": 224973690, "otherCurrentLiab": 894690, "totalCurrentLiabilities": 27126300, "totalLiab": 27126300, "commonStock": 151524000, "retainedEarnings": -19676610, "capitalSurplus": 66000000, "totalStockholderEquity": 197847390, "netTangibleAssets": 197847390}, {"maxAge": 1, "endDate": "2019-12-31", "totalStockholderEquity": 234168000, "netTangibleAssets": 234168000}, {"maxAge": 1, "endDate": "2019-09-30", "cash": 54571000, "netReceivables": 65366000, "inventory": 49823000, "totalCurrentAssets": 169760000, "longTermInvestments": 65346000, "propertyPlantEquipment": 317000, "otherAssets": 5000, "totalAssets": 235428000, "otherCurrentLiab": 986000, "totalCurrentLiabilities": 1260000, "totalLiab": 1260000, "commonStock": 151524000, "treasuryStock": 82644000, "otherStockholderEquity": 82644000, "totalStockholderEquity": 234168000, "netTangibleAssets": 234168000}], "maxAge": 86400}, "indexTrend": {"maxAge": 1, "symbol": "SP5", "peRatio": 19.7411, "pegRatio": 1.34172, "estimates": [{"period": "0q", "growth": 0.549}, {"period": "+1q", "growth": 0.431}, {"period": "0y", "growth": 0.305}, {"period": "+1y", "growth": 0.109}, {"period": "+5y", "growth": 0.120859005}, {"period": "-5y"}]}, "insiderTransactions": {"transactions": [{"maxAge": 1, "shares": 0, "filerUrl": "", "transactionText": "", "filerName": "Goyal (Pratibha Dayakrishna)", "filerRelation": "Director (Non-Executive)", "moneyText": "", "startDate": "2020-09-02", "ownership": "I"}, {"maxAge": 1, "shares": 30001, "value": 4191, "filerUrl": "", "transactionText": "Acquisition at price 0.14 per share.", "filerName": "Goyal (Pratibha Dayakrishna)", "filerRelation": "Director (Non-Executive)", "moneyText": "", "startDate": "2020-09-01", "ownership": "D"}, {"maxAge": 1, "shares": 10004, "value": 1404, "filerUrl": "", "transactionText": "Acquisition at price 0.14 per share.", "filerName": "Goyal (Pratibha Dayakrishna)", "filerRelation": "Director (Non-Executive)", "moneyText": "", "startDate": "2020-08-31", "ownership": "D"}, {"maxAge": 1, "shares": 63295, "filerUrl": "", "transactionText": "", "filerName": "Goyal (Pratibha Dayakrishna)", "filerRelation": "Director (Non-Executive)", "moneyText": "", "startDate": "2020-06-03", "ownership": "D"}, {"maxAge": 1, "shares": 573244, "filerUrl": "", "transactionText": "", "filerName": "Goyal (Pratibha Dayakrishna)", "filerRelation": "Director (Non-Executive)", "moneyText": "", "startDate": "2020-06-02", "ownership": "D"}, {"maxAge": 1, "shares": 70000, "filerUrl": "", "transactionText": "", "filerName": "Goyal (Pratibha Dayakrishna)", "filerRelation": "Promoter", "moneyText": "", "startDate": "2020-06-01", "ownership": "D"}, {"maxAge": 1, "shares": 20999, "filerUrl": "", "transactionText": "", "filerName": "Goyal (Pratibha Dayakrishna)", "filerRelation": "Promoter", "moneyText": "", "startDate": "2019-08-20", "ownership": "D"}, {"maxAge": 1, "shares": 20000, "filerUrl": "", "transactionText": "", "filerName": "Goyal (Pratibha Dayakrishna)", "filerRelation": "Director (Non-Executive)", "moneyText": "", "startDate": "2019-08-19", "ownership": "D"}, {"maxAge": 1, "shares": 20000, "filerUrl": "", "transactionText": "", "filerName": "Goyal (Pratibha Dayakrishna)", "filerRelation": "Promoter", "moneyText": "", "startDate": "2019-08-09", "ownership": "D"}, {"maxAge": 1, "shares": 40000, "filerUrl": "", "transactionText": "", "filerName": "Goyal (Pratibha Dayakrishna)", "filerRelation": "Promoter", "moneyText": "", "startDate": "2019-08-08", "ownership": "D"}, {"maxAge": 1, "shares": 188287, "filerUrl": "", "transactionText": "", "filerName": "Gagan Deep Multitrade Pvt Ltd", "filerRelation": "Promoter", "moneyText": "", "startDate": "2019-05-28", "ownership": "D"}, {"maxAge": 1, "shares": 210000, "filerUrl": "", "transactionText": "", "filerName": "Gagan Deep Multitrade Pvt Ltd", "filerRelation": "Promoter", "moneyText": "", "startDate": "2019-05-27", "ownership": "D"}, {"maxAge": 1, "shares": 221393, "filerUrl": "", "transactionText": "", "filerName": "Gagan Deep Multitrade Pvt Ltd", "filerRelation": "Promoter", "moneyText": "", "startDate": "2019-05-24", "ownership": "D"}, {"maxAge": 1, "shares": 37946, "filerUrl": "", "transactionText": "", "filerName": "Gagan Deep Multitrade Pvt Ltd", "filerRelation": "Promoter", "moneyText": "", "startDate": "2019-03-20", "ownership": "D"}, {"maxAge": 1, "shares": 35503, "filerUrl": "", "transactionText": "", "filerName": "Gagan Deep Multitrade Pvt Ltd", "filerRelation": "Promoter", "moneyText": "", "startDate": "2019-03-15", "ownership": "D"}, {"maxAge": 1, "shares": 60281, "filerUrl": "", "transactionText": "", "filerName": "Gagan Deep Multitrade Pvt Ltd", "filerRelation": "Promoter", "moneyText": "", "startDate": "2019-03-13", "ownership": "D"}, {"maxAge": 1, "shares": 191225, "filerUrl": "", "transactionText": "", "filerName": "Gagan Deep Multitrade Pvt Ltd", "filerRelation": "Promoter", "moneyText": "", "startDate": "2019-03-12", "ownership": "D"}, {"maxAge": 1, "shares": 59500, "filerUrl": "", "transactionText": "", "filerName": "Gupta (Navrati Anurag)", "filerRelation": "Promoter", "moneyText": "", "startDate": "2019-03-07", "ownership": "D"}, {"maxAge": 1, "shares": 70000, "filerUrl": "", "transactionText": "", "filerName": "Gupta (Navrati Anurag)", "filerRelation": "Promoter", "moneyText": "", "startDate": "2019-03-06", "ownership": "D"}, {"maxAge": 1, "shares": 19545, "filerUrl": "", "transactionText": "", "filerName": "Gagan Deep Multitrade Pvt Ltd", "filerRelation": "Promoter", "moneyText": "", "startDate": "2019-02-28", "ownership": "D"}, {"maxAge": 1, "shares": 50000, "filerUrl": "", "transactionText": "", "filerName": "Gupta (Navrati Anurag)", "filerRelation": "Promoter", "moneyText": "", "startDate": "2019-02-28", "ownership": "D"}, {"maxAge": 1, "shares": 70000, "filerUrl": "", "transactionText": "", "filerName": "Gupta (Navrati Anurag)", "filerRelation": "Promoter", "moneyText": "", "startDate": "2019-02-27", "ownership": "D"}, {"maxAge": 1, "shares": 70000, "filerUrl": "", "transactionText": "", "filerName": "Gupta (Navrati Anurag)", "filerRelation": "Promoter", "moneyText": "", "startDate": "2019-02-26", "ownership": "D"}, {"maxAge": 1, "shares": 30500, "filerUrl": "", "transactionText": "", "filerName": "Gagan Deep Multitrade Pvt Ltd", "filerRelation": "Promoter", "moneyText": "", "startDate": "2019-02-25", "ownership": "D"}, {"maxAge": 1, "shares": 40000, "filerUrl": "", "transactionText": "", "filerName": "Gupta (Navrati Anurag)", "filerRelation": "Promoter", "moneyText": "", "startDate": "2019-02-25", "ownership": "D"}], "maxAge": 1}, "quoteType": {"exchange": "BSE", "quoteType": "EQUITY", "symbol": "UPSURGE.BO", "underlyingSymbol": "UPSURGE.BO", "shortName": "UPSURGE INVESTMENT & FINANCE L", "longName": "Upsurge Investment & Finance Ltd.", "firstTradeDateEpochUtc": "2000-09-20 09:15:00", "timeZoneFullName": "Asia/Kolkata", "timeZoneShortName": "IST", "uuid": "2c6a584d-8486-3384-8271-0bc8b030d2a2", "messageBoardId": null, "gmtOffSetMilliseconds": 19800000, "maxAge": 1}, "incomeStatementHistory": {"incomeStatementHistory": [{"maxAge": 1, "endDate": "2020-03-31", "totalRevenue": 225361720, "costOfRevenue": 241828260, "grossProfit": -16466540, "researchDevelopment": {}, "sellingGeneralAdministrative": 4867140, "nonRecurring": {}, "otherOperatingExpenses": 5019450, "totalOperatingExpenses": 251928720, "operatingIncome": -26567000, "totalOtherIncomeExpenseNet": -14009250, "ebit": -26567000, "interestExpense": -716710, "incomeBeforeTax": -40576250, "incomeTaxExpense": 1500, "minorityInterest": {}, "netIncomeFromContinuingOps": -40577750, "discontinuedOperations": {}, "extraordinaryItems": {}, "effectOfAccountingCharges": {}, "otherItems": {}, "netIncome": -40577750, "netIncomeApplicableToCommonShares": -40577750}, {"maxAge": 1, "endDate": "2019-03-31", "totalRevenue": 256018920, "costOfRevenue": 232429140, "grossProfit": 23589780, "researchDevelopment": {}, "sellingGeneralAdministrative": 3757060, "nonRecurring": {}, "otherOperatingExpenses": 4082810, "totalOperatingExpenses": 240524780, "operatingIncome": 15494140, "totalOtherIncomeExpenseNet": -2727890, "ebit": 15494140, "interestExpense": -2727890, "incomeBeforeTax": 12766250, "incomeTaxExpense": 1246010, "minorityInterest": {}, "netIncomeFromContinuingOps": 11520240, "discontinuedOperations": {}, "extraordinaryItems": {}, "effectOfAccountingCharges": {}, "otherItems": {}, "netIncome": 11520240, "netIncomeApplicableToCommonShares": 11520240}, {"maxAge": 1, "endDate": "2018-03-31", "totalRevenue": 393086441, "costOfRevenue": 347851752, "grossProfit": 45234689, "researchDevelopment": {}, "sellingGeneralAdministrative": 2765882, "nonRecurring": {}, "otherOperatingExpenses": 5775769, "totalOperatingExpenses": 356663879, "operatingIncome": 36422562, "totalOtherIncomeExpenseNet": 1735016, "ebit": 36422562, "interestExpense": -929944, "incomeBeforeTax": 38157578, "incomeTaxExpense": 7709384, "minorityInterest": {}, "netIncomeFromContinuingOps": 30448194, "discontinuedOperations": {}, "extraordinaryItems": {}, "effectOfAccountingCharges": {}, "otherItems": {}, "netIncome": 30448194, "netIncomeApplicableToCommonShares": 30448194}, {"maxAge": 1, "endDate": "2017-03-31", "totalRevenue": 132326658, "costOfRevenue": 118631504, "grossProfit": 13695154, "researchDevelopment": {}, "sellingGeneralAdministrative": 3050972, "nonRecurring": {}, "otherOperatingExpenses": 3993124, "totalOperatingExpenses": 125952182, "operatingIncome": 6374476, "totalOtherIncomeExpenseNet": -116826, "ebit": 6374476, "interestExpense": -116826, "incomeBeforeTax": 6257650, "incomeTaxExpense": 1119635, "minorityInterest": {}, "netIncomeFromContinuingOps": 5138015, "discontinuedOperations": {}, "extraordinaryItems": {}, "effectOfAccountingCharges": {}, "otherItems": {}, "netIncome": 5138015, "netIncomeApplicableToCommonShares": 5138015}], "maxAge": 86400}, "fundOwnership": {"maxAge": 1, "ownershipList": []}, "summaryDetail": {"maxAge": 1, "priceHint": 2, "previousClose": 17.3, "open": 16.5, "dayLow": 16.45, "dayHigh": 18.0, "regularMarketPreviousClose": 17.3, "regularMarketOpen": 16.5, "regularMarketDayLow": 16.45, "regularMarketDayHigh": 18.0, "volume": 50, "regularMarketVolume": 50, "averageVolume": 14056, "averageVolume10days": 15072, "averageDailyVolume10Day": 15072, "bid": 16.45, "ask": 17.9, "bidSize": 0, "askSize": 0, "marketCap": 249256992, "fiftyTwoWeekLow": 8.28, "fiftyTwoWeekHigh": 29.55, "fiftyDayAverage": 22.674, "twoHundredDayAverage": 14.251606, "trailingAnnualDividendRate": 0.5, "trailingAnnualDividendYield": 0.028901735, "currency": "INR", "fromCurrency": null, "toCurrency": null, "lastMarket": null, "algorithm": null, "tradeable": false}, "incomeStatementHistoryQuarterly": {"incomeStatementHistory": [{"maxAge": 1, "endDate": "2020-06-30", "totalRevenue": 49385000, "costOfRevenue": 30927000, "grossProfit": 18458000, "researchDevelopment": {}, "sellingGeneralAdministrative": 929000, "nonRecurring": {}, "otherOperatingExpenses": 894000, "totalOperatingExpenses": 32763000, "operatingIncome": 16622000, "totalOtherIncomeExpenseNet": -371000, "ebit": 16622000, "interestExpense": -371000, "incomeBeforeTax": 16251000, "incomeTaxExpense": 78000, "minorityInterest": {}, "netIncomeFromContinuingOps": 16173000, "discontinuedOperations": {}, "extraordinaryItems": {}, "effectOfAccountingCharges": {}, "otherItems": {}, "netIncome": 16173000, "netIncomeApplicableToCommonShares": 16173000}, {"maxAge": 1, "endDate": "2020-03-31", "totalRevenue": 31681720, "costOfRevenue": 66447260, "grossProfit": -34765540, "researchDevelopment": {}, "sellingGeneralAdministrative": 1774140, "nonRecurring": {}, "otherOperatingExpenses": -101550, "totalOperatingExpenses": 68144720, "operatingIncome": -36463000, "totalOtherIncomeExpenseNet": -13467250, "ebit": -36463000, "interestExpense": -174710, "incomeBeforeTax": -49930250, "incomeTaxExpense": -2960500, "minorityInterest": {}, "netIncomeFromContinuingOps": -46969750, "discontinuedOperations": {}, "extraordinaryItems": {}, "effectOfAccountingCharges": {}, "otherItems": {}, "netIncome": -46969750, "netIncomeApplicableToCommonShares": -46969750}, {"maxAge": 1, "endDate": "2019-12-31", "totalRevenue": 75215000, "costOfRevenue": 61433000, "grossProfit": 13782000, "researchDevelopment": {}, "sellingGeneralAdministrative": 1164000, "nonRecurring": {}, "otherOperatingExpenses": 1385000, "totalOperatingExpenses": 64044000, "operatingIncome": 11171000, "totalOtherIncomeExpenseNet": -25000, "ebit": 11171000, "interestExpense": -25000, "incomeBeforeTax": 11146000, "incomeTaxExpense": 496000, "minorityInterest": {}, "netIncomeFromContinuingOps": 10650000, "discontinuedOperations": {}, "extraordinaryItems": {}, "effectOfAccountingCharges": {}, "otherItems": {}, "netIncome": 10650000, "netIncomeApplicableToCommonShares": 10650000}, {"maxAge": 1, "endDate": "2019-09-30", "totalRevenue": 57637000, "costOfRevenue": 58514000, "grossProfit": -877000, "researchDevelopment": {}, "sellingGeneralAdministrative": 1066000, "nonRecurring": {}, "otherOperatingExpenses": 2267000, "totalOperatingExpenses": 61910000, "operatingIncome": -4273000, "totalOtherIncomeExpenseNet": -9757000, "ebit": -4273000, "interestExpense": -440000, "incomeBeforeTax": -14030000, "incomeTaxExpense": -229000, "minorityInterest": {}, "netIncomeFromContinuingOps": -13801000, "discontinuedOperations": {}, "extraordinaryItems": {}, "effectOfAccountingCharges": {}, "otherItems": {}, "netIncome": -13801000, "netIncomeApplicableToCommonShares": -13801000}], "maxAge": 86400}, "cashflowStatementHistoryQuarterly": {"cashflowStatements": [{"maxAge": 1, "endDate": "2020-06-30", "netIncome": 16173000, "changeToLiabilities": 0}, {"maxAge": 1, "endDate": "2020-03-31", "netIncome": -46969750, "changeToLiabilities": 0}, {"maxAge": 1, "endDate": "2019-12-31", "netIncome": 10650000, "changeToLiabilities": 0}, {"maxAge": 1, "endDate": "2019-09-30", "netIncome": -13801000, "changeToLiabilities": 0}], "maxAge": 86400}, "insiderHolders": {"holders": [{"maxAge": 1, "name": "Gagan Deep Multitrade Pvt Ltd", "relation": "Promoter", "url": "", "transactionDescription": "Acquisition", "latestTransDate": "2019-05-28", "positionDirect": 2154680, "positionDirectDate": "2019-05-28"}, {"maxAge": 1, "name": "Goyal (Pratibha Dayakrishna)", "relation": "Director (Non-Executive)", "url": "", "transactionDescription": "Acquisition", "latestTransDate": "2020-09-02", "positionIndirect": 1587543, "positionIndirectDate": 1599004800}, {"maxAge": 1, "name": "Gupta (Navrati Anurag)", "relation": "Promoter", "url": "", "transactionDescription": "Acquisition", "latestTransDate": "2019-03-07", "positionDirect": 659500, "positionDirectDate": "2019-03-07"}], "maxAge": 1}, "calendarEvents": {"maxAge": 1, "earnings": {"earningsDate": []}}, "price": {"maxAge": 1, "regularMarketChangePercent": -0.04913286, "regularMarketChange": -0.8499985, "regularMarketTime": "2021-04-30 15:27:10", "priceHint": 2, "regularMarketPrice": 16.45, "regularMarketDayHigh": 18.0, "regularMarketDayLow": 16.45, "regularMarketVolume": 50, "averageDailyVolume10Day": 15072, "averageDailyVolume3Month": 14056, "regularMarketPreviousClose": 17.3, "regularMarketSource": "FREE_REALTIME", "regularMarketOpen": 16.5, "exchange": "BSE", "exchangeName": "BSE", "exchangeDataDelayedBy": 0, "marketState": "CLOSED", "quoteType": "EQUITY", "symbol": "UPSURGE.BO", "underlyingSymbol": null, "shortName": "UPSURGE INVESTMENT & FINANCE L", "longName": "Upsurge Investment & Finance Ltd.", "currency": "INR", "quoteSourceName": "Delayed Quote", "currencySymbol": "\u20b9", "fromCurrency": null, "toCurrency": null, "lastMarket": null, "marketCap": 249256992}, "balanceSheetHistory": {"balanceSheetStatements": [{"maxAge": 1, "endDate": "2020-03-31", "cash": 1046630, "shortTermInvestments": 45058000, "netReceivables": 58332730, "otherCurrentAssets": 4183820, "totalCurrentAssets": 164387040, "longTermInvestments": 60312890, "propertyPlantEquipment": 260260, "otherAssets": 13500, "totalAssets": 224973690, "otherCurrentLiab": 894690, "totalCurrentLiabilities": 27126300, "totalLiab": 27126300, "commonStock": 151524000, "retainedEarnings": -19676610, "capitalSurplus": 66000000, "totalStockholderEquity": 197847390, "netTangibleAssets": 197847390}, {"maxAge": 1, "endDate": "2019-03-31", "cash": 24996210, "shortTermInvestments": 323420, "netReceivables": 81779350, "inventory": 63197000, "otherCurrentAssets": 1972580, "totalCurrentAssets": 172269000, "longTermInvestments": 72255970, "propertyPlantEquipment": 444130, "otherAssets": 15440, "totalAssets": 244984540, "otherCurrentLiab": 541080, "totalCurrentLiabilities": 6559400, "totalLiab": 6559400, "commonStock": 151524000, "retainedEarnings": 20901140, "treasuryStock": 89719000, "capitalSurplus": 66000000, "otherStockholderEquity": 89719000, "totalStockholderEquity": 238425140, "netTangibleAssets": 238425140}, {"maxAge": 1, "endDate": "2018-03-31", "cash": 102278868, "netReceivables": 59468470, "otherCurrentAssets": 24261963, "totalCurrentAssets": 253901500, "longTermInvestments": 47201743, "propertyPlantEquipment": 767492, "totalAssets": 301870735, "otherCurrentLiab": 192038, "totalCurrentLiabilities": 54675218, "totalLiab": 54675218, "commonStock": 151524000, "retainedEarnings": 29671517, "capitalSurplus": 66000000, "totalStockholderEquity": 247195517, "netTangibleAssets": 247195517}, {"maxAge": 1, "endDate": "2017-03-31", "cash": 86243319, "netReceivables": 12334308, "otherCurrentAssets": 56462978, "totalCurrentAssets": 209278204, "longTermInvestments": 18289124, "propertyPlantEquipment": 1539608, "totalAssets": 229106936, "accountsPayable": 2374404, "otherCurrentLiab": 684452, "totalCurrentLiabilities": 12359613, "totalLiab": 12359613, "commonStock": 151524000, "retainedEarnings": -776677, "capitalSurplus": 66000000, "totalStockholderEquity": 216747323, "netTangibleAssets": 216747323}], "maxAge": 86400}, "financialData": {"maxAge": 86400, "currentPrice": 16.45, "recommendationKey": "none", "grossProfits": -16466540, "financialCurrency": "INR"}}}