{"URJA.NS": {"assetProfile": {"address1": "Plot No. 487/63", "address2": "National Market, 1st floor Peera Garhi", "city": "New Delhi", "zip": "110087", "country": "India", "phone": "91 11 2527 9143", "fax": "91 11 2527 9143", "website": "http://urjaglobal.in", "industry": "Solar", "sector": "Technology", "longBusinessSummary": "Urja Global Limited engages in the design, consultancy, integration, supply, installation, commissioning, and maintenance of off grid and grid connected solar power plants and decentralized solar applications in India. It offers solar, e-rickshaw, automotive, and inverter batteries; solar inverters; LED street, flood, and panel lights, as well as LED bulbs and slim LED panel lights; PV modules; solar water heaters; solar lanterns; solar power packs; solar home lighting systems; and solar charge controllers. The company also provides electric vehicles. Urja Global Limited was incorporated in 1992 and is based in New Delhi, India.", "fullTimeEmployees": 50, "companyOfficers": [{"maxAge": 1, "name": "Mr. Yogesh Kumar Goyal", "age": 31, "title": "Whole Time Director", "yearBorn": 1989, "fiscalYear": 2020, "totalPay": 600000, "exercisedValue": 0, "unexercisedValue": 0}, {"maxAge": 1, "name": "Mr. Dheeraj Kumar Shishodia", "age": 41, "title": "MD & Whole Time Director", "yearBorn": 1979, "exercisedValue": 0, "unexercisedValue": 0}, {"maxAge": 1, "name": "Mr. Krishan  Bansal", "title": "Chief Financial Officer", "exercisedValue": 0, "unexercisedValue": 0}, {"maxAge": 1, "name": "Ms. Manajri  Sinha", "title": "Chief Operating Officer", "exercisedValue": 0, "unexercisedValue": 0}, {"maxAge": 1, "name": "Ms. Neha  Shukla", "title": "Group Company Sec. & Compliance Officer", "exercisedValue": 0, "unexercisedValue": 0}, {"maxAge": 1, "name": "Nimanshu  Pradhan", "title": "Sr. Technical Head", "exercisedValue": 0, "unexercisedValue": 0}], "compensationAsOfEpochDate": "2020-12-31 05:30:00", "maxAge": 86400}, "cashflowStatementHistory": {"cashflowStatements": [{"maxAge": 1, "endDate": "2020-03-31", "netIncome": 11213625, "depreciation": 3954994, "changeToNetincome": -10072781, "changeToAccountReceivables": -1245889476, "changeToLiabilities": 1237277390, "changeToInventory": -35086254, "changeToOperatingActivities": 27574147, "totalCashFromOperatingActivities": -6372697, "capitalExpenditures": -977403, "otherCashflowsFromInvestingActivities": 18043503, "totalCashflowsFromInvestingActivities": 17066100, "otherCashflowsFromFinancingActivities": -7938618, "totalCashFromFinancingActivities": -7938618, "changeInCash": 2754785}, {"maxAge": 1, "endDate": "2019-03-31", "netIncome": 50402, "depreciation": 4703293, "changeToNetincome": -14915264, "changeToAccountReceivables": -553561617, "changeToLiabilities": 564944977, "changeToInventory": -14809283, "changeToOperatingActivities": -1797157, "totalCashFromOperatingActivities": -12089341, "capitalExpenditures": -3909457, "otherCashflowsFromInvestingActivities": 21658285, "totalCashflowsFromInvestingActivities": 17748828, "otherCashflowsFromFinancingActivities": -6755310, "totalCashFromFinancingActivities": -6755310, "changeInCash": -1095823}, {"maxAge": 1, "endDate": "2018-03-31", "netIncome": -8660187, "depreciation": 5521987, "changeToNetincome": -8059854, "changeToAccountReceivables": -943261281, "changeToLiabilities": 914708631, "changeToInventory": 60067525, "changeToOperatingActivities": -113597078, "totalCashFromOperatingActivities": -89191333, "capitalExpenditures": -29900, "otherCashflowsFromInvestingActivities": 16239967, "totalCashflowsFromInvestingActivities": 16221209, "otherCashflowsFromFinancingActivities": -8118843, "totalCashFromFinancingActivities": -8118843, "changeInCash": -81088966}, {"maxAge": 1, "endDate": "2017-03-31", "netIncome": 10362583, "depreciation": 6264008, "changeToNetincome": -995111, "changeToAccountReceivables": -191671400, "changeToLiabilities": 277143046, "changeToInventory": -7114272, "changeToOperatingActivities": -15420987, "totalCashFromOperatingActivities": 82667040, "capitalExpenditures": -6338231, "otherCashflowsFromInvestingActivities": 10622057, "totalCashflowsFromInvestingActivities": 4283826, "otherCashflowsFromFinancingActivities": -9583142, "totalCashFromFinancingActivities": -5883142, "changeInCash": 81067724, "issuanceOfStock": 3700000}], "maxAge": 86400}, "institutionOwnership": {"ownershipList": [], "maxAge": 1}, "majorHoldersBreakdown": {"maxAge": 1, "insidersPercentHeld": 0.37707, "institutionsPercentHeld": 0.0, "institutionsFloatPercentHeld": 0.0, "institutionsCount": 0}, "balanceSheetHistoryQuarterly": {"balanceSheetStatements": [{"maxAge": 1, "endDate": "2020-12-31", "totalStockholderEquity": 1647965000, "netTangibleAssets": 1209266000}, {"maxAge": 1, "endDate": "2020-09-30", "cash": 1103000, "netReceivables": 3793325000, "inventory": 76858000, "otherCurrentAssets": 4650000, "totalCurrentAssets": 3875936000, "longTermInvestments": 6530000, "propertyPlantEquipment": 930640000, "goodWill": 438699000, "otherAssets": 918000, "deferredLongTermAssetCharges": 406000, "totalAssets": 5252723000, "accountsPayable": 3459572000, "shortLongTermDebt": 19848000, "otherCurrentLiab": 34176000, "longTermDebt": 38756000, "totalCurrentLiabilities": 3566002000, "totalLiab": 3604758000, "commonStock": 507206000, "treasuryStock": 1140759000, "otherStockholderEquity": 1140759000, "totalStockholderEquity": 1647965000, "netTangibleAssets": 1209266000}, {"maxAge": 1, "endDate": "2020-06-30", "totalStockholderEquity": 1547708000, "netTangibleAssets": 1109009000}, {"maxAge": 1, "endDate": "2020-03-31", "cash": 3858943, "shortTermInvestments": 567221, "netReceivables": 3365490624, "inventory": 96884135, "otherCurrentAssets": 15077470, "totalCurrentAssets": 3481936009, "longTermInvestments": 6530323, "propertyPlantEquipment": 933755879, "goodWill": 438699390, "otherAssets": 916395, "deferredLongTermAssetCharges": 406395, "totalAssets": 4861837996, "accountsPayable": 3065726168, "shortLongTermDebt": 5833600, "otherCurrentLiab": 35749071, "longTermDebt": 35783080, "minorityInterest": 93744421, "totalCurrentLiabilities": 3184603597, "totalLiab": 3220386677, "commonStock": 507206000, "retainedEarnings": 37937747, "treasuryStock": 365851221, "capitalSurplus": 636711930, "otherStockholderEquity": 365851221, "totalStockholderEquity": 1547706898, "netTangibleAssets": 1109007508}], "maxAge": 86400}, "indexTrend": {"maxAge": 1, "symbol": "SP5", "peRatio": 19.7411, "pegRatio": 1.34172, "estimates": [{"period": "0q", "growth": 0.549}, {"period": "+1q", "growth": 0.431}, {"period": "0y", "growth": 0.305}, {"period": "+1y", "growth": 0.109}, {"period": "+5y", "growth": 0.120865}, {"period": "-5y"}]}, "defaultKeyStatistics": {"maxAge": 1, "priceHint": 2, "enterpriseValue": 3131325440, "profitMargins": 0.0076599997, "floatShares": 314642779, "sharesOutstanding": 557206016, "heldPercentInsiders": 0.37707, "heldPercentInstitutions": 0.0, "beta": 2.174052, "category": null, "bookValue": 3.217, "priceToBook": 1.8650917, "fundFamily": null, "legalType": null, "lastFiscalYearEnd": "2020-03-31 05:30:00", "nextFiscalYearEnd": "2022-03-31 05:30:00", "mostRecentQuarter": "2020-12-31 05:30:00", "earningsQuarterlyGrowth": 0.902, "netIncomeToCommon": 9587625, "trailingEps": 0.017, "lastSplitFactor": null, "enterpriseToRevenue": 2.503, "enterpriseToEbitda": 983.904}, "summaryProfile": {"address1": "Plot No. 487/63", "address2": "National Market, 1st floor Peera Garhi", "city": "New Delhi", "zip": "110087", "country": "India", "phone": "91 11 2527 9143", "fax": "91 11 2527 9143", "website": "http://urjaglobal.in", "industry": "Solar", "sector": "Technology", "longBusinessSummary": "Urja Global Limited engages in the design, consultancy, integration, supply, installation, commissioning, and maintenance of off grid and grid connected solar power plants and decentralized solar applications in India. It offers solar, e-rickshaw, automotive, and inverter batteries; solar inverters; LED street, flood, and panel lights, as well as LED bulbs and slim LED panel lights; PV modules; solar water heaters; solar lanterns; solar power packs; solar home lighting systems; and solar charge controllers. The company also provides electric vehicles. Urja Global Limited was incorporated in 1992 and is based in New Delhi, India.", "fullTimeEmployees": 50, "companyOfficers": [], "maxAge": 86400}, "netSharePurchaseActivity": {"maxAge": 1, "period": "6m", "buyInfoCount": 0, "buyInfoShares": 0, "sellInfoCount": 0, "netInfoCount": 0, "netInfoShares": 0, "netPercentInsiderShares": 0.0, "totalInsiderShares": 191578032}, "insiderTransactions": {"transactions": [{"maxAge": 1, "shares": 18131535, "filerUrl": "", "transactionText": "", "filerName": "Nandanvan Commercial Pvt Ltd", "filerRelation": "Institution- Corporation", "moneyText": "", "startDate": "2021-02-24", "ownership": "D"}, {"maxAge": 1, "shares": 1000000, "filerUrl": "", "transactionText": "", "filerName": "Nandanvan Commercial Pvt Ltd", "filerRelation": "Promoter", "moneyText": "", "startDate": "2019-10-04", "ownership": "D"}, {"maxAge": 1, "shares": 838460, "filerUrl": "", "transactionText": "", "filerName": "Nandanvan Commercial Pvt Ltd", "filerRelation": "Promoter", "moneyText": "", "startDate": "2019-07-01", "ownership": "D"}, {"maxAge": 1, "shares": 772863, "filerUrl": "", "transactionText": "", "filerName": "Nandanvan Commercial Pvt Ltd", "filerRelation": "Promoter", "moneyText": "", "startDate": "2019-06-28", "ownership": "D"}, {"maxAge": 1, "shares": 934732, "filerUrl": "", "transactionText": "", "filerName": "Nandanvan Commercial Pvt Ltd", "filerRelation": "Promoter", "moneyText": "", "startDate": "2019-06-26", "ownership": "D"}, {"maxAge": 1, "shares": 259384, "filerUrl": "", "transactionText": "", "filerName": "Nandanvan Commercial Pvt Ltd", "filerRelation": "Promoter", "moneyText": "", "startDate": "2019-06-25", "ownership": "D"}, {"maxAge": 1, "shares": 1532746, "filerUrl": "", "transactionText": "", "filerName": "Nandanvan Commercial Pvt Ltd", "filerRelation": "Promoter", "moneyText": "", "startDate": "2019-06-20", "ownership": "D"}, {"maxAge": 1, "shares": 457243, "filerUrl": "", "transactionText": "", "filerName": "Nandanvan Commercial Pvt Ltd", "filerRelation": "Promoter", "moneyText": "", "startDate": "2019-06-19", "ownership": "D"}, {"maxAge": 1, "shares": 606436, "filerUrl": "", "transactionText": "", "filerName": "Nandanvan Commercial Pvt Ltd", "filerRelation": "Promoter", "moneyText": "", "startDate": "2019-06-10", "ownership": "D"}, {"maxAge": 1, "shares": 1984374, "filerUrl": "", "transactionText": "", "filerName": "Nandanvan Commercial Pvt Ltd", "filerRelation": "Promoter", "moneyText": "", "startDate": "2019-06-06", "ownership": "D"}, {"maxAge": 1, "shares": 1259490, "filerUrl": "", "transactionText": "", "filerName": "Nandanvan Commercial Pvt Ltd", "filerRelation": "Promoter", "moneyText": "", "startDate": "2019-06-04", "ownership": "D"}, {"maxAge": 1, "shares": 1359490, "filerUrl": "", "transactionText": "", "filerName": "Nandanvan Commercial Pvt Ltd", "filerRelation": "Promoter", "moneyText": "", "startDate": "2019-06-04", "ownership": "D"}, {"maxAge": 1, "shares": 151501908, "filerUrl": "", "transactionText": "", "filerName": "Nandanvan Commercial Pvt Ltd", "filerRelation": "Promoter", "moneyText": "", "startDate": "2019-06-03", "ownership": "D"}, {"maxAge": 1, "shares": 288000, "filerUrl": "", "transactionText": "", "filerName": "M D S Infrastructure Pvt Ltd", "filerRelation": "Institution- Corporation", "moneyText": "", "startDate": "2014-05-15", "ownership": "D"}, {"maxAge": 1, "shares": 2000000, "filerUrl": "", "transactionText": "", "filerName": "Nandanvan Commercial Pvt Ltd", "filerRelation": "Promoter", "moneyText": "", "startDate": "2012-08-14", "ownership": "D"}, {"maxAge": 1, "shares": 100000, "filerUrl": "", "transactionText": "", "filerName": "Mohlay (Puneet)", "filerRelation": "Non Executive Chairman", "moneyText": "", "startDate": "2012-08-14", "ownership": "D"}, {"maxAge": 1, "shares": 350000, "filerUrl": "", "transactionText": "", "filerName": "Nandanvan Commercial Pvt Ltd", "filerRelation": "Promoter", "moneyText": "", "startDate": "2010-09-13", "ownership": "D"}], "maxAge": 1}, "quoteType": {"exchange": "NSI", "quoteType": "EQUITY", "symbol": "URJA.NS", "underlyingSymbol": "URJA.NS", "shortName": "URJA GLOBAL LTD", "longName": "Urja Global Limited", "firstTradeDateEpochUtc": "2017-03-28 09:15:00", "timeZoneFullName": "Asia/Kolkata", "timeZoneShortName": "IST", "uuid": "54085350-5b33-3e37-b15f-f9096dffa188", "gmtOffSetMilliseconds": 19800000, "maxAge": 1}, "incomeStatementHistory": {"incomeStatementHistory": [{"maxAge": 1, "endDate": "2020-03-31", "totalRevenue": 1635614262, "costOfRevenue": 1595359134, "grossProfit": 40255128, "researchDevelopment": {}, "sellingGeneralAdministrative": 15736809, "nonRecurring": {}, "otherOperatingExpenses": 13084542, "totalOperatingExpenses": 1628135479, "operatingIncome": 7478783, "totalOtherIncomeExpenseNet": 10098558, "ebit": 7478783, "interestExpense": -6986439, "incomeBeforeTax": 17577341, "incomeTaxExpense": 6371613, "minorityInterest": 93744421, "netIncomeFromContinuingOps": 11205728, "discontinuedOperations": {}, "extraordinaryItems": {}, "effectOfAccountingCharges": {}, "otherItems": {}, "netIncome": 11213625, "netIncomeApplicableToCommonShares": 11213625}, {"maxAge": 1, "endDate": "2019-03-31", "totalRevenue": 1363809127, "costOfRevenue": 1336180500, "grossProfit": 27628627, "researchDevelopment": {}, "sellingGeneralAdministrative": 20937720, "nonRecurring": {}, "otherOperatingExpenses": 11384884, "totalOperatingExpenses": 1373206397, "operatingIncome": -9397270, "totalOtherIncomeExpenseNet": 14908923, "ebit": -9397270, "interestExpense": -6727862, "incomeBeforeTax": 5511653, "incomeTaxExpense": 5472151, "minorityInterest": 93752318, "netIncomeFromContinuingOps": 39502, "discontinuedOperations": {}, "extraordinaryItems": {}, "effectOfAccountingCharges": {}, "otherItems": {}, "netIncome": 50402, "netIncomeApplicableToCommonShares": 50402}, {"maxAge": 1, "endDate": "2018-03-31", "totalRevenue": 1332830849, "costOfRevenue": 1308369586, "grossProfit": 24461263, "researchDevelopment": {}, "sellingGeneralAdministrative": 18766256, "nonRecurring": {}, "otherOperatingExpenses": 11200071, "totalOperatingExpenses": 1343857900, "operatingIncome": -11027051, "totalOtherIncomeExpenseNet": 8121160, "ebit": -11027051, "interestExpense": -7788837, "incomeBeforeTax": -2905891, "incomeTaxExpense": 5748544, "minorityInterest": 93763218, "netIncomeFromContinuingOps": -8654435, "discontinuedOperations": {}, "extraordinaryItems": {}, "effectOfAccountingCharges": {}, "otherItems": {}, "netIncome": -8660187, "netIncomeApplicableToCommonShares": -8660187}, {"maxAge": 1, "endDate": "2017-03-31", "totalRevenue": 1283161710, "costOfRevenue": 1225997767, "grossProfit": 57163943, "researchDevelopment": {}, "sellingGeneralAdministrative": 22572908, "nonRecurring": {}, "otherOperatingExpenses": 14474740, "totalOperatingExpenses": 1269309423, "operatingIncome": 13852287, "totalOtherIncomeExpenseNet": 1763233, "ebit": 13852287, "interestExpense": -9112155, "incomeBeforeTax": 15615520, "incomeTaxExpense": 5257487, "minorityInterest": 93763216, "netIncomeFromContinuingOps": 10358033, "discontinuedOperations": {}, "extraordinaryItems": {}, "effectOfAccountingCharges": {}, "otherItems": {}, "netIncome": 10362583, "netIncomeApplicableToCommonShares": 10362583}], "maxAge": 86400}, "fundOwnership": {"ownershipList": [], "maxAge": 1}, "summaryDetail": {"maxAge": 1, "priceHint": 2, "previousClose": 6.05, "open": 6.1, "dayLow": 5.9, "dayHigh": 6.1, "regularMarketPreviousClose": 6.05, "regularMarketOpen": 6.1, "regularMarketDayLow": 5.9, "regularMarketDayHigh": 6.1, "payoutRatio": 0.0, "beta": 2.174052, "trailingPE": 352.94116, "volume": 1077959, "regularMarketVolume": 1077959, "averageVolume": 2853138, "averageVolume10days": 965661, "averageDailyVolume10Day": 965661, "bid": 0.0, "ask": 0.0, "bidSize": 0, "askSize": 0, "marketCap": 3348761856, "fiftyTwoWeekLow": 0.957242, "fiftyTwoWeekHigh": 9.35, "priceToSalesTrailing12Months": 2.677122, "fiftyDayAverage": 7.0176473, "twoHundredDayAverage": 5.3822308, "currency": "INR", "fromCurrency": null, "lastMarket": null, "algorithm": null, "tradeable": false}, "incomeStatementHistoryQuarterly": {"incomeStatementHistory": [{"maxAge": 1, "endDate": "2020-12-31", "totalRevenue": 387275000, "costOfRevenue": 377728000, "grossProfit": 9547000, "researchDevelopment": {}, "sellingGeneralAdministrative": 2735000, "nonRecurring": {}, "otherOperatingExpenses": 5792000, "totalOperatingExpenses": 387117000, "operatingIncome": 158000, "totalOtherIncomeExpenseNet": 4911000, "ebit": 158000, "interestExpense": -1970000, "incomeBeforeTax": 5069000, "incomeTaxExpense": 0, "minorityInterest": {}, "netIncomeFromContinuingOps": 5069000, "discontinuedOperations": {}, "extraordinaryItems": {}, "effectOfAccountingCharges": {}, "otherItems": {}, "netIncome": 5069000, "netIncomeApplicableToCommonShares": 5069000}, {"maxAge": 1, "endDate": "2020-09-30", "totalRevenue": 351263000, "costOfRevenue": 341722000, "grossProfit": 9541000, "researchDevelopment": {}, "sellingGeneralAdministrative": 4389000, "nonRecurring": {}, "otherOperatingExpenses": 5101000, "totalOperatingExpenses": 352064000, "operatingIncome": -801000, "totalOtherIncomeExpenseNet": 2850000, "ebit": -801000, "interestExpense": -1250000, "incomeBeforeTax": 2049000, "incomeTaxExpense": 0, "minorityInterest": {}, "netIncomeFromContinuingOps": 2049000, "discontinuedOperations": {}, "extraordinaryItems": {}, "effectOfAccountingCharges": {}, "otherItems": {}, "netIncome": 2049000, "netIncomeApplicableToCommonShares": 2049000}, {"maxAge": 1, "endDate": "2020-06-30", "totalRevenue": 210612000, "costOfRevenue": 204605000, "grossProfit": 6007000, "researchDevelopment": {}, "sellingGeneralAdministrative": 1551000, "nonRecurring": {}, "otherOperatingExpenses": 2203000, "totalOperatingExpenses": 209209000, "operatingIncome": 1403000, "totalOtherIncomeExpenseNet": 3062000, "ebit": 1403000, "interestExpense": -1611000, "incomeBeforeTax": 4465000, "incomeTaxExpense": 0, "minorityInterest": {}, "netIncomeFromContinuingOps": 4465000, "discontinuedOperations": {}, "extraordinaryItems": {}, "effectOfAccountingCharges": {}, "otherItems": {}, "netIncome": 4465000, "netIncomeApplicableToCommonShares": 4465000}, {"maxAge": 1, "endDate": "2020-03-31", "totalRevenue": 301731262, "costOfRevenue": 295264134, "grossProfit": 6467128, "researchDevelopment": {}, "sellingGeneralAdministrative": 4216809, "nonRecurring": {}, "otherOperatingExpenses": 2227542, "totalOperatingExpenses": 302702479, "operatingIncome": -971217, "totalOtherIncomeExpenseNet": 5338558, "ebit": -971217, "interestExpense": -1758439, "incomeBeforeTax": 4367341, "incomeTaxExpense": 6371613, "minorityInterest": 93744421, "netIncomeFromContinuingOps": -2004272, "discontinuedOperations": {}, "extraordinaryItems": {}, "effectOfAccountingCharges": {}, "otherItems": {}, "netIncome": -1996375, "netIncomeApplicableToCommonShares": -1996375}], "maxAge": 86400}, "cashflowStatementHistoryQuarterly": {"cashflowStatements": [{"maxAge": 1, "endDate": "2020-12-31", "netIncome": 5069000, "changeToLiabilities": 0}, {"maxAge": 1, "endDate": "2020-09-30", "netIncome": 2049000, "changeToLiabilities": 0}, {"maxAge": 1, "endDate": "2020-06-30", "netIncome": 4465000, "changeToLiabilities": 0}, {"maxAge": 1, "endDate": "2020-03-31", "netIncome": -1996375, "changeToLiabilities": 0}], "maxAge": 86400}, "insiderHolders": {"holders": [{"maxAge": 1, "name": "M D S Infrastructure Pvt Ltd", "relation": "Institution- Corporation", "url": "", "transactionDescription": "Sale", "latestTransDate": "2014-05-15", "positionDirect": 2582978, "positionDirectDate": "2014-05-15"}, {"maxAge": 1, "name": "Mohlay (Puneet)", "relation": "Non Executive Chairman", "url": "", "transactionDescription": "Acquisition", "latestTransDate": "2012-08-14", "positionDirect": 100000, "positionDirectDate": "2012-08-14"}, {"maxAge": 1, "name": "Nandanvan Commercial Pvt Ltd", "relation": "Institution- Corporation", "url": "", "transactionDescription": "Acquisition", "latestTransDate": "2021-02-24", "positionDirect": 178147417, "positionDirectDate": "2021-02-24"}], "maxAge": 1}, "calendarEvents": {"maxAge": 1, "earnings": {"earningsDate": []}}, "upgradeDowngradeHistory": {"history": [], "maxAge": 86400}, "price": {"maxAge": 1, "regularMarketChangePercent": -0.008264494, "regularMarketChange": -0.05000019, "regularMarketTime": "2021-04-30 15:29:56", "priceHint": 2, "regularMarketPrice": 6.0, "regularMarketDayHigh": 6.1, "regularMarketDayLow": 5.9, "regularMarketVolume": 1077959, "averageDailyVolume10Day": 965661, "averageDailyVolume3Month": 2853138, "regularMarketPreviousClose": 6.05, "regularMarketSource": "FREE_REALTIME", "regularMarketOpen": 6.1, "exchange": "NSI", "exchangeName": "NSE", "exchangeDataDelayedBy": 15, "marketState": "CLOSED", "quoteType": "EQUITY", "symbol": "URJA.NS", "underlyingSymbol": null, "shortName": "URJA GLOBAL LTD", "longName": "Urja Global Limited", "currency": "INR", "quoteSourceName": "Delayed Quote", "currencySymbol": "\u20b9", "fromCurrency": null, "lastMarket": null, "marketCap": 3348761856}, "balanceSheetHistory": {"balanceSheetStatements": [{"maxAge": 1, "endDate": "2020-03-31", "cash": 3858943, "shortTermInvestments": 567221, "netReceivables": 3365490624, "inventory": 96884135, "otherCurrentAssets": 15077470, "totalCurrentAssets": 3481936009, "longTermInvestments": 6530323, "propertyPlantEquipment": 933755879, "goodWill": 438699390, "otherAssets": 916395, "deferredLongTermAssetCharges": 406395, "totalAssets": 4861837996, "accountsPayable": 3065726168, "shortLongTermDebt": 5833600, "otherCurrentLiab": 35749071, "longTermDebt": 35783080, "minorityInterest": 93744421, "totalCurrentLiabilities": 3184603597, "totalLiab": 3220386677, "commonStock": 507206000, "retainedEarnings": 37937747, "treasuryStock": 365851221, "capitalSurplus": 636711930, "otherStockholderEquity": 365851221, "totalStockholderEquity": 1547706898, "netTangibleAssets": 1109007508}, {"maxAge": 1, "endDate": "2019-03-31", "cash": 1104158, "shortTermInvestments": 534530, "netReceivables": 2121748946, "inventory": 61797881, "otherCurrentAssets": 5549906, "totalCurrentAssets": 2190852757, "longTermInvestments": 6530323, "propertyPlantEquipment": 936733470, "goodWill": 438699390, "otherAssets": 1065535, "deferredLongTermAssetCharges": 446397, "totalAssets": 3573881475, "accountsPayable": 1828443113, "shortLongTermDebt": 175438, "otherCurrentLiab": 31078303, "longTermDebt": 2116680, "deferredLongTermLiab": 8511, "minorityInterest": 93752318, "totalCurrentLiabilities": 1941519204, "totalLiab": 1943635884, "commonStock": 507206000, "retainedEarnings": 26724122, "treasuryStock": 365851221, "capitalSurplus": 636711930, "otherStockholderEquity": 365851221, "totalStockholderEquity": 1536493273, "netTangibleAssets": 1097793883}, {"maxAge": 1, "endDate": "2018-03-31", "cash": 2199980, "shortTermInvestments": 5561804, "netReceivables": 1552417413, "inventory": 46988599, "otherCurrentAssets": 5166864, "totalCurrentAssets": 1612444405, "longTermInvestments": 6528323, "propertyPlantEquipment": 937527306, "goodWill": 438699390, "otherAssets": 1065966, "deferredLongTermAssetCharges": 447008, "totalAssets": 2996265390, "accountsPayable": 1264757576, "shortLongTermDebt": 158981, "otherCurrentLiab": 26272379, "longTermDebt": 2292118, "deferredLongTermLiab": 18374, "minorityInterest": 93763218, "totalCurrentLiabilities": 1363767183, "totalLiab": 1366059301, "commonStock": 507206000, "retainedEarnings": 26673720, "treasuryStock": 365851221, "capitalSurplus": 636711930, "otherStockholderEquity": 365851221, "totalStockholderEquity": 1536442871, "netTangibleAssets": 1097743481}, {"maxAge": 1, "endDate": "2017-03-31", "cash": 83288947, "shortTermInvestments": 478377, "netReceivables": 516983591, "inventory": 107056124, "otherCurrentAssets": 4962412, "totalCurrentAssets": 712829311, "longTermInvestments": 6526259, "propertyPlantEquipment": 943030535, "goodWill": 438699390, "otherAssets": 1014589, "deferredLongTermAssetCharges": 504590, "totalAssets": 2102100084, "accountsPayable": 350048945, "shortLongTermDebt": 144068, "otherCurrentLiab": 35610276, "longTermDebt": 2451099, "otherLiab": 1, "minorityInterest": 93763216, "totalCurrentLiabilities": 460788462, "totalLiab": 463239562, "commonStock": 507206000, "retainedEarnings": 35328155, "treasuryStock": 365851221, "capitalSurplus": 636711930, "otherStockholderEquity": 365851221, "totalStockholderEquity": 1545097306, "netTangibleAssets": 1106397916}], "maxAge": 86400}, "financialData": {"maxAge": 86400, "currentPrice": 6.0, "recommendationKey": "none", "totalCash": 1103000, "totalCashPerShare": 0.002, "ebitda": 3182553, "totalDebt": 58604000, "totalRevenue": 1250881280, "debtToEquity": 3.556, "revenuePerShare": 2.466, "grossProfits": 40255128, "earningsGrowth": 0.882, "revenueGrowth": -0.023, "grossMargins": 0.02523, "ebitdaMargins": 0.00254, "operatingMargins": -0.00017000001, "profitMargins": 0.0076599997, "financialCurrency": "INR"}}}