{"USHDI.BO": {"recommendationTrend": {"trend": [{"period": "0m", "strongBuy": 0, "buy": 0, "hold": 0, "sell": 0, "strongSell": 0}, {"period": "-1m", "strongBuy": 0, "buy": 0, "hold": 0, "sell": 0, "strongSell": 0}, {"period": "-2m", "strongBuy": 0, "buy": 0, "hold": 0, "sell": 0, "strongSell": 0}, {"period": "-3m", "strongBuy": 0, "buy": 0, "hold": 0, "sell": 0, "strongSell": 0}], "maxAge": 86400}, "cashflowStatementHistory": {"cashflowStatements": [{"maxAge": 1, "endDate": "2020-03-31", "netIncome": -1257974000, "depreciation": 70849000, "changeToNetincome": 1268991000, "changeToAccountReceivables": -63781000, "changeToLiabilities": 2709000, "changeToOperatingActivities": -32381000, "totalCashFromOperatingActivities": -10262000, "capitalExpenditures": -7659000, "investments": 345000, "otherCashflowsFromInvestingActivities": 400000, "totalCashflowsFromInvestingActivities": -6914000, "otherCashflowsFromFinancingActivities": -13000, "totalCashFromFinancingActivities": -13000, "changeInCash": -17190000}, {"maxAge": 1, "endDate": "2019-03-31", "netIncome": -6767227000, "depreciation": 70780000, "changeToNetincome": 6739970000, "changeToAccountReceivables": -931700000, "changeToLiabilities": 306379000, "changeToOperatingActivities": 623783000, "totalCashFromOperatingActivities": 43307000, "capitalExpenditures": -7659000, "investments": 31268000, "otherCashflowsFromInvestingActivities": 641000, "totalCashflowsFromInvestingActivities": 31909000, "netBorrowings": 5710000, "otherCashflowsFromFinancingActivities": -7143000, "totalCashFromFinancingActivities": -1433000, "changeInCash": 73783000}, {"maxAge": 1, "endDate": "2018-03-31", "netIncome": -30398562000, "depreciation": 73228000, "changeToNetincome": 1878270000, "changeToAccountReceivables": 29121896000, "changeToLiabilities": -2431917000, "changeToOperatingActivities": 3747455000, "totalCashFromOperatingActivities": 1991692000, "capitalExpenditures": -861618000, "investments": 25278000, "otherCashflowsFromInvestingActivities": 16190000, "totalCashflowsFromInvestingActivities": -812286000, "netBorrowings": -728909000, "otherCashflowsFromFinancingActivities": -11138000, "totalCashFromFinancingActivities": -740047000, "changeInCash": 439359000}, {"maxAge": 1, "endDate": "2017-03-31", "netIncome": -2290049000, "depreciation": 74401000, "changeToNetincome": 751380000, "changeToAccountReceivables": -2915656000, "changeToLiabilities": -7575406000, "changeToInventory": 301447000, "changeToOperatingActivities": -632377000, "totalCashFromOperatingActivities": -12284981000, "capitalExpenditures": -386000, "investments": 1963454000, "otherCashflowsFromInvestingActivities": 1247020000, "totalCashflowsFromInvestingActivities": 3213716000, "dividendsPaid": -604000, "netBorrowings": -12144077000, "otherCashflowsFromFinancingActivities": -1088142000, "totalCashFromFinancingActivities": -13232823000, "changeInCash": -22304088000}], "maxAge": 86400}, "institutionOwnership": {"maxAge": 1, "ownershipList": []}, "balanceSheetHistoryQuarterly": {"balanceSheetStatements": [{"maxAge": 1, "endDate": "2020-03-31", "cash": 62505000, "netReceivables": 170272000, "otherCurrentAssets": 6059000, "totalCurrentAssets": 247833000, "longTermInvestments": 866000, "propertyPlantEquipment": 895269000, "intangibleAssets": 120000, "otherAssets": 71423000, "totalAssets": 1215511000, "accountsPayable": 5403735000, "otherCurrentLiab": 1951962000, "otherLiab": 5717000, "minorityInterest": 24000, "totalCurrentLiabilities": 32417714000, "totalLiab": 32423431000, "commonStock": 338494000, "retainedEarnings": -34168924000, "treasuryStock": -446248000, "capitalSurplus": 3068734000, "otherStockholderEquity": -446248000, "totalStockholderEquity": -31207944000, "netTangibleAssets": -31208064000}, {"maxAge": 1, "endDate": "2019-12-31", "totalStockholderEquity": -30030243000, "netTangibleAssets": -30030852000}, {"maxAge": 1, "endDate": "2019-09-30", "cash": 83662000, "netReceivables": 231761000, "otherCurrentAssets": 41547000, "totalCurrentAssets": 356970000, "longTermInvestments": 802000, "propertyPlantEquipment": 923233000, "intangibleAssets": 609000, "otherAssets": 71421000, "totalAssets": 1353035000, "accountsPayable": 5054835000, "otherCurrentLiab": 1341764000, "otherLiab": 5393000, "totalCurrentLiabilities": 31377885000, "totalLiab": 31383278000, "commonStock": 338494000, "treasuryStock": -30368737000, "otherStockholderEquity": -30368737000, "totalStockholderEquity": -30030243000, "netTangibleAssets": -30030852000}, {"maxAge": 1, "endDate": "2019-06-30", "totalStockholderEquity": -29818393000, "netTangibleAssets": -29819839000}], "maxAge": 86400}, "earningsHistory": {"history": [{"maxAge": 1, "epsActual": {}, "epsEstimate": {}, "epsDifference": {}, "surprisePercent": {}, "quarter": {}, "period": "-4q"}, {"maxAge": 1, "epsActual": {}, "epsEstimate": {}, "epsDifference": {}, "surprisePercent": {}, "quarter": {}, "period": "-3q"}, {"maxAge": 1, "epsActual": {}, "epsEstimate": {}, "epsDifference": {}, "surprisePercent": {}, "quarter": {}, "period": "-2q"}, {"maxAge": 1, "epsActual": {}, "epsEstimate": {}, "epsDifference": {}, "surprisePercent": {}, "quarter": {}, "period": "-1q"}], "maxAge": 86400}, "indexTrend": {"maxAge": 1, "symbol": "SP5", "peRatio": 19.7411, "pegRatio": 1.34172, "estimates": [{"period": "0q", "growth": 0.549}, {"period": "+1q", "growth": 0.431}, {"period": "0y", "growth": 0.305}, {"period": "+1y", "growth": 0.109}, {"period": "+5y", "growth": 0.120859005}, {"period": "-5y"}]}, "industryTrend": {"maxAge": 1, "symbol": null, "estimates": []}, "insiderTransactions": {"transactions": [{"maxAge": 1, "shares": 2500000, "filerUrl": "", "transactionText": "", "filerName": "Pragma Global Trade  Ltd.", "filerRelation": "Institution- Corporation", "moneyText": "", "startDate": "2019-03-07", "ownership": "D"}, {"maxAge": 1, "shares": 1858877, "filerUrl": "", "transactionText": "", "filerName": "Gupta (Suman Vijay)", "filerRelation": "Non Executive Chairman", "moneyText": "", "startDate": "2019-02-26", "ownership": "D"}, {"maxAge": 1, "shares": 3094346, "filerUrl": "", "transactionText": "", "filerName": "Gupta (Suman Vijay)", "filerRelation": "Non Executive Chairman", "moneyText": "", "startDate": "2019-02-25", "ownership": "D"}, {"maxAge": 1, "shares": 56498697, "filerUrl": "", "transactionText": "", "filerName": "Gupta (Suman Vijay)", "filerRelation": "Non Executive Chairman", "moneyText": "", "startDate": "2019-02-21", "ownership": "D"}], "maxAge": 1}, "quoteType": {"exchange": "BSE", "quoteType": "EQUITY", "symbol": "USHDI.BO", "underlyingSymbol": "USHDI.BO", "shortName": "USHDEV INTERNATIONAL LTD.", "longName": "Ushdev International Limited", "firstTradeDateEpochUtc": "2002-02-21 09:15:00", "timeZoneFullName": "Asia/Kolkata", "timeZoneShortName": "IST", "uuid": "eef83455-53ef-39ea-a613-6d047398e8e4", "messageBoardId": null, "gmtOffSetMilliseconds": 19800000, "maxAge": 1}, "incomeStatementHistory": {"incomeStatementHistory": [{"maxAge": 1, "endDate": "2020-03-31", "totalRevenue": 186780000, "costOfRevenue": 0, "grossProfit": 186780000, "researchDevelopment": {}, "sellingGeneralAdministrative": 20296000, "nonRecurring": {}, "otherOperatingExpenses": 193066000, "totalOperatingExpenses": 284878000, "operatingIncome": -98098000, "totalOtherIncomeExpenseNet": -449877000, "ebit": -98098000, "interestExpense": {}, "incomeBeforeTax": -547975000, "incomeTaxExpense": 710000000, "minorityInterest": 24000, "netIncomeFromContinuingOps": -1257975000, "discontinuedOperations": {}, "extraordinaryItems": {}, "effectOfAccountingCharges": {}, "otherItems": {}, "netIncome": -1257974000, "netIncomeApplicableToCommonShares": -1257974000}, {"maxAge": 1, "endDate": "2019-03-31", "totalRevenue": 213887000, "costOfRevenue": 1040000, "grossProfit": 212847000, "researchDevelopment": {}, "sellingGeneralAdministrative": 25577000, "nonRecurring": {}, "otherOperatingExpenses": 142754000, "totalOperatingExpenses": 240817000, "operatingIncome": -26930000, "totalOtherIncomeExpenseNet": -6740298000, "ebit": -26930000, "interestExpense": -7143000, "incomeBeforeTax": -6767228000, "incomeTaxExpense": 0, "minorityInterest": 26000, "netIncomeFromContinuingOps": -6767228000, "discontinuedOperations": {}, "extraordinaryItems": {}, "effectOfAccountingCharges": {}, "otherItems": {}, "netIncome": -6767227000, "netIncomeApplicableToCommonShares": -6767227000}, {"maxAge": 1, "endDate": "2018-03-31", "totalRevenue": 1340691000, "costOfRevenue": 1222222000, "grossProfit": 118469000, "researchDevelopment": {}, "sellingGeneralAdministrative": 41629000, "nonRecurring": {}, "otherOperatingExpenses": 1647964000, "totalOperatingExpenses": 2986365000, "operatingIncome": -1645674000, "totalOtherIncomeExpenseNet": -28197477000, "ebit": -1645674000, "interestExpense": -11138000, "incomeBeforeTax": -29843151000, "incomeTaxExpense": 555414000, "minorityInterest": 27000, "netIncomeFromContinuingOps": -30398565000, "discontinuedOperations": {}, "extraordinaryItems": {}, "effectOfAccountingCharges": {}, "otherItems": {}, "netIncome": -30398562000, "netIncomeApplicableToCommonShares": -30398562000}, {"maxAge": 1, "endDate": "2017-03-31", "totalRevenue": 25025541000, "costOfRevenue": 24173516000, "grossProfit": 852025000, "researchDevelopment": {}, "sellingGeneralAdministrative": 81141000, "nonRecurring": {}, "otherOperatingExpenses": 1083325000, "totalOperatingExpenses": 25413662000, "operatingIncome": -388121000, "totalOtherIncomeExpenseNet": -2452477000, "ebit": -388121000, "interestExpense": -1088141000, "incomeBeforeTax": -2840598000, "incomeTaxExpense": -550549000, "minorityInterest": 27000, "netIncomeFromContinuingOps": -2290049000, "discontinuedOperations": {}, "extraordinaryItems": {}, "effectOfAccountingCharges": {}, "otherItems": {}, "netIncome": -2290049000, "netIncomeApplicableToCommonShares": -2290049000}], "maxAge": 86400}, "fundOwnership": {"maxAge": 1, "ownershipList": []}, "summaryDetail": {"maxAge": 1, "priceHint": 4, "previousClose": 0.57, "open": 0.59, "dayLow": 0.59, "dayHigh": 0.59, "regularMarketPreviousClose": 0.57, "regularMarketOpen": 0.59, "regularMarketDayLow": 0.59, "regularMarketDayHigh": 0.59, "forwardPE": 0.009859625, "volume": 429085, "regularMarketVolume": 429085, "averageVolume": 143977, "averageVolume10days": 94803, "averageDailyVolume10Day": 94803, "bid": 0.56, "ask": 0.57, "bidSize": 0, "askSize": 0, "marketCap": 199711456, "fiftyTwoWeekLow": 0.15, "fiftyTwoWeekHigh": 0.59, "fiftyDayAverage": 0.28314286, "twoHundredDayAverage": 0.21080291, "trailingAnnualDividendRate": 1.0, "trailingAnnualDividendYield": 1.754386, "currency": "INR", "fromCurrency": null, "toCurrency": null, "lastMarket": null, "algorithm": null, "tradeable": false}, "sectorTrend": {"maxAge": 1, "symbol": null, "estimates": []}, "incomeStatementHistoryQuarterly": {"incomeStatementHistory": [{"maxAge": 1, "endDate": "2020-03-31", "totalRevenue": 30262000, "costOfRevenue": 0, "grossProfit": 30262000, "researchDevelopment": {}, "sellingGeneralAdministrative": 4347000, "nonRecurring": {}, "otherOperatingExpenses": 87408000, "totalOperatingExpenses": 109078000, "operatingIncome": -78816000, "totalOtherIncomeExpenseNet": -306170000, "ebit": -78816000, "interestExpense": {}, "incomeBeforeTax": -384986000, "incomeTaxExpense": 710000000, "minorityInterest": 24000, "netIncomeFromContinuingOps": -1094986000, "discontinuedOperations": {}, "extraordinaryItems": {}, "effectOfAccountingCharges": {}, "otherItems": {}, "netIncome": -1094985000, "netIncomeApplicableToCommonShares": -1094985000}, {"maxAge": 1, "endDate": "2019-12-31", "totalRevenue": 26144000, "costOfRevenue": 0, "grossProfit": 26144000, "researchDevelopment": {}, "sellingGeneralAdministrative": 5227000, "nonRecurring": {}, "otherOperatingExpenses": 35253000, "totalOperatingExpenses": 58610000, "operatingIncome": -32466000, "totalOtherIncomeExpenseNet": -49996000, "ebit": -32466000, "interestExpense": -1000, "incomeBeforeTax": -82462000, "incomeTaxExpense": 0, "minorityInterest": 24000, "netIncomeFromContinuingOps": -82462000, "discontinuedOperations": {}, "extraordinaryItems": {}, "effectOfAccountingCharges": {}, "otherItems": {}, "netIncome": -82462000, "netIncomeApplicableToCommonShares": -82462000}, {"maxAge": 1, "endDate": "2019-09-30", "totalRevenue": 99771000, "costOfRevenue": 0, "grossProfit": 99771000, "researchDevelopment": {}, "sellingGeneralAdministrative": 4789000, "nonRecurring": {}, "otherOperatingExpenses": 45653000, "totalOperatingExpenses": 68573000, "operatingIncome": 31198000, "totalOtherIncomeExpenseNet": -121199000, "ebit": 31198000, "interestExpense": -3000, "incomeBeforeTax": -90001000, "incomeTaxExpense": 0, "minorityInterest": 24000, "netIncomeFromContinuingOps": -90001000, "discontinuedOperations": {}, "extraordinaryItems": {}, "effectOfAccountingCharges": {}, "otherItems": {}, "netIncome": -90001000, "netIncomeApplicableToCommonShares": -90001000}, {"maxAge": 1, "endDate": "2019-06-30", "totalRevenue": 65187000, "costOfRevenue": 0, "grossProfit": 65187000, "researchDevelopment": {}, "sellingGeneralAdministrative": 5360500, "nonRecurring": {}, "otherOperatingExpenses": 35202500, "totalOperatingExpenses": 58594500, "operatingIncome": 6592500, "totalOtherIncomeExpenseNet": -46856000, "ebit": 6592500, "interestExpense": -4500, "incomeBeforeTax": -40263500, "incomeTaxExpense": 0, "minorityInterest": 24000, "netIncomeFromContinuingOps": -40263500, "discontinuedOperations": {}, "extraordinaryItems": {}, "effectOfAccountingCharges": {}, "otherItems": {}, "netIncome": -40263500, "netIncomeApplicableToCommonShares": -40263500}], "maxAge": 86400}, "cashflowStatementHistoryQuarterly": {"cashflowStatements": [{"maxAge": 1, "endDate": "2020-03-31", "netIncome": -1094985000, "changeToLiabilities": 0}, {"maxAge": 1, "endDate": "2019-12-31", "netIncome": -82462000, "changeToLiabilities": 0}, {"maxAge": 1, "endDate": "2019-09-30", "netIncome": -90001000, "depreciation": 18031500, "changeToNetincome": 56863000, "changeToAccountReceivables": -32284500, "changeToLiabilities": -12797500, "changeToOperatingActivities": 11605000, "totalCashFromOperatingActivities": 1154000, "investments": 172500, "otherCashflowsFromInvestingActivities": 172000, "totalCashflowsFromInvestingActivities": 344500, "otherCashflowsFromFinancingActivities": -4500, "totalCashFromFinancingActivities": -4500, "changeInCash": 1494500}, {"maxAge": 1, "endDate": "2019-06-30", "netIncome": -40263500, "depreciation": 18031500, "changeToNetincome": 56863000, "changeToAccountReceivables": -32284500, "changeToLiabilities": -12797500, "changeToOperatingActivities": 11605000, "totalCashFromOperatingActivities": 1154000, "investments": 172500, "otherCashflowsFromInvestingActivities": 172000, "totalCashflowsFromInvestingActivities": 344500, "otherCashflowsFromFinancingActivities": -4500, "totalCashFromFinancingActivities": -4500, "changeInCash": 1494500}], "maxAge": 86400}, "insiderHolders": {"holders": [{"maxAge": 1, "name": "Gupta (Suman Vijay)", "relation": "Non Executive Chairman", "url": "", "transactionDescription": "Sale", "latestTransDate": "2019-02-26", "positionDirect": 58476600, "positionDirectDate": "2019-02-26"}, {"maxAge": 1, "name": "Pragma Global Trade  Ltd.", "relation": "Institution- Corporation", "url": "", "transactionDescription": "Sale", "latestTransDate": "2019-03-07", "positionDirect": 606000, "positionDirectDate": "2019-03-07"}], "maxAge": 1}, "earnings": {"maxAge": 86400, "earningsChart": {"quarterly": [], "earningsDate": ["2020-09-11 05:30:S"]}, "financialsChart": {"yearly": [{"date": 2017, "revenue": 25025541000, "earnings": -2290049000}, {"date": 2018, "revenue": 1340691000, "earnings": -30398562000}, {"date": 2019, "revenue": 213887000, "earnings": -6767227000}, {"date": 2020, "revenue": 186780000, "earnings": -1257974000}], "quarterly": [{"date": "2Q2019", "revenue": 65187000, "earnings": -40263500}, {"date": "3Q2019", "revenue": 99771000, "earnings": -90001000}, {"date": "4Q2019", "revenue": 26144000, "earnings": -82462000}, {"date": "1Q2020", "revenue": 30262000, "earnings": -1094985000}]}, "financialCurrency": "INR"}, "calendarEvents": {"maxAge": 1, "earnings": {"earningsDate": ["2020-09-11 05:30:S"]}}, "price": {"maxAge": 1, "regularMarketChangePercent": 0.035087686, "regularMarketChange": 0.01999998, "regularMarketTime": "2021-04-30 15:13:08", "priceHint": 4, "regularMarketPrice": 0.59, "regularMarketDayHigh": 0.59, "regularMarketDayLow": 0.59, "regularMarketVolume": 429085, "averageDailyVolume10Day": 94803, "averageDailyVolume3Month": 143977, "regularMarketPreviousClose": 0.57, "regularMarketSource": "FREE_REALTIME", "regularMarketOpen": 0.59, "exchange": "BSE", "exchangeName": "BSE", "exchangeDataDelayedBy": 0, "marketState": "CLOSED", "quoteType": "EQUITY", "symbol": "USHDI.BO", "underlyingSymbol": null, "shortName": "USHDEV INTERNATIONAL LTD.", "longName": "Ushdev International Limited", "currency": "INR", "quoteSourceName": "Delayed Quote", "currencySymbol": "\u20b9", "fromCurrency": null, "toCurrency": null, "lastMarket": null, "marketCap": 199711456}, "balanceSheetHistory": {"balanceSheetStatements": [{"maxAge": 1, "endDate": "2020-03-31", "cash": 62505000, "netReceivables": 170272000, "otherCurrentAssets": 6059000, "totalCurrentAssets": 247833000, "longTermInvestments": 866000, "propertyPlantEquipment": 895269000, "intangibleAssets": 120000, "otherAssets": 71423000, "totalAssets": 1215511000, "accountsPayable": 5403735000, "otherCurrentLiab": 1951962000, "otherLiab": 5717000, "minorityInterest": 24000, "totalCurrentLiabilities": 32417714000, "totalLiab": 32423431000, "commonStock": 338494000, "retainedEarnings": -34168924000, "treasuryStock": -446248000, "capitalSurplus": 3068734000, "otherStockholderEquity": -446248000, "totalStockholderEquity": -31207944000, "netTangibleAssets": -31208064000}, {"maxAge": 1, "endDate": "2019-03-31", "cash": 79695000, "netReceivables": 167192000, "otherCurrentAssets": 33692000, "totalCurrentAssets": 290205000, "longTermInvestments": 132119000, "propertyPlantEquipment": 958459000, "intangibleAssets": 1446000, "otherAssets": 84537000, "totalAssets": 1466766000, "accountsPayable": 4995890000, "otherCurrentLiab": 1217731000, "otherLiab": 5607000, "minorityInterest": 26000, "totalCurrentLiabilities": 31279526000, "totalLiab": 31285133000, "commonStock": 338494000, "retainedEarnings": -32910950000, "treasuryStock": -314671000, "capitalSurplus": 3068734000, "otherStockholderEquity": -314671000, "totalStockholderEquity": -29818393000, "netTangibleAssets": -29819839000}, {"maxAge": 1, "endDate": "2018-03-31", "cash": 6897000, "netReceivables": 5967456000, "otherCurrentAssets": 585837000, "totalCurrentAssets": 6561229000, "longTermInvestments": 662696000, "propertyPlantEquipment": 1029240000, "intangibleAssets": 2767000, "otherAssets": 76497000, "totalAssets": 8332429000, "accountsPayable": 4670181000, "otherCurrentLiab": 1172838000, "otherLiab": 6004000, "minorityInterest": 27000, "totalCurrentLiabilities": 30899649000, "totalLiab": 30905653000, "commonStock": 338494000, "retainedEarnings": -26143722000, "treasuryStock": 163244000, "capitalSurplus": 3068733000, "otherStockholderEquity": 163244000, "totalStockholderEquity": -22573251000, "netTangibleAssets": -22576018000}, {"maxAge": 1, "endDate": "2017-03-31", "cash": 4456000, "netReceivables": 35062675000, "otherCurrentAssets": 3525662000, "totalCurrentAssets": 38621015000, "longTermInvestments": 635597000, "propertyPlantEquipment": 363749000, "intangibleAssets": 4089000, "otherAssets": 2480171000, "deferredLongTermAssetCharges": 555415000, "totalAssets": 42104621000, "accountsPayable": 6755544000, "shortLongTermDebt": 352254000, "otherCurrentLiab": 1536890000, "longTermDebt": 9800000, "otherLiab": 8463000, "totalCurrentLiabilities": 34328345000, "totalLiab": 34346608000, "commonStock": 338494000, "retainedEarnings": 4254841000, "treasuryStock": 95945000, "capitalSurplus": 3068733000, "otherStockholderEquity": 95945000, "totalStockholderEquity": 7758013000, "netTangibleAssets": 7753924000}], "maxAge": 86400}, "earningsTrend": {"trend": [{"maxAge": 1, "period": "0q", "endDate": null, "growth": {}, "earningsEstimate": {"avg": 0.0, "low": 0.0, "high": 0.0, "yearAgoEps": {}, "numberOfAnalysts": 0, "growth": {}}, "revenueEstimate": {"avg": 0, "low": 0, "high": 0, "numberOfAnalysts": 0, "yearAgoRevenue": {}, "growth": {}}, "epsTrend": {"current": 0.0, "7daysAgo": 0.0, "30daysAgo": 0.0, "60daysAgo": 0.0, "90daysAgo": 0.0}, "epsRevisions": {"upLast7days": 0, "upLast30days": 0, "downLast30days": 0, "downLast90days": {}}}, {"maxAge": 1, "period": "+1q", "endDate": null, "growth": {}, "earningsEstimate": {"avg": 0.0, "low": 0.0, "high": 0.0, "yearAgoEps": {}, "numberOfAnalysts": 0, "growth": {}}, "revenueEstimate": {"avg": 0, "low": 0, "high": 0, "numberOfAnalysts": 0, "yearAgoRevenue": {}, "growth": {}}, "epsTrend": {"current": 0.0, "7daysAgo": 0.0, "30daysAgo": 0.0, "60daysAgo": 0.0, "90daysAgo": 0.0}, "epsRevisions": {"upLast7days": 0, "upLast30days": 0, "downLast30days": 0, "downLast90days": {}}}, {"maxAge": 1, "period": "0y", "endDate": null, "growth": {}, "earningsEstimate": {"avg": 0.0, "low": 0.0, "high": 0.0, "yearAgoEps": {}, "numberOfAnalysts": 0, "growth": {}}, "revenueEstimate": {"avg": 0, "low": 0, "high": 0, "numberOfAnalysts": 0, "yearAgoRevenue": {}, "growth": {}}, "epsTrend": {"current": 0.0, "7daysAgo": 0.0, "30daysAgo": 0.0, "60daysAgo": 0.0, "90daysAgo": 0.0}, "epsRevisions": {"upLast7days": 0, "upLast30days": 0, "downLast30days": 0, "downLast90days": {}}}, {"maxAge": 1, "period": "+1y", "endDate": null, "growth": {}, "earningsEstimate": {"avg": 0.0, "low": 0.0, "high": 0.0, "yearAgoEps": {}, "numberOfAnalysts": 0, "growth": {}}, "revenueEstimate": {"avg": 0, "low": 0, "high": 0, "numberOfAnalysts": 0, "yearAgoRevenue": {}, "growth": {}}, "epsTrend": {"current": 0.0, "7daysAgo": 0.0, "30daysAgo": 0.0, "60daysAgo": 0.0, "90daysAgo": 0.0}, "epsRevisions": {"upLast7days": 0, "upLast30days": 0, "downLast30days": 0, "downLast90days": {}}}, {"maxAge": 1, "period": "+5y", "endDate": null, "growth": {}, "earningsEstimate": {"avg": {}, "low": {}, "high": {}, "yearAgoEps": {}, "numberOfAnalysts": {}, "growth": {}}, "revenueEstimate": {"avg": {}, "low": {}, "high": {}, "numberOfAnalysts": {}, "yearAgoRevenue": {}, "growth": {}}, "epsTrend": {"current": {}, "7daysAgo": {}, "30daysAgo": {}, "60daysAgo": {}, "90daysAgo": {}}, "epsRevisions": {"upLast7days": {}, "upLast30days": {}, "downLast30days": {}, "downLast90days": {}}}, {"maxAge": 1, "period": "-5y", "endDate": null, "growth": {}, "earningsEstimate": {"avg": {}, "low": {}, "high": {}, "yearAgoEps": {}, "numberOfAnalysts": {}, "growth": {}}, "revenueEstimate": {"avg": {}, "low": {}, "high": {}, "numberOfAnalysts": {}, "yearAgoRevenue": {}, "growth": {}}, "epsTrend": {"current": {}, "7daysAgo": {}, "30daysAgo": {}, "60daysAgo": {}, "90daysAgo": {}}, "epsRevisions": {"upLast7days": {}, "upLast30days": {}, "downLast30days": {}, "downLast90days": {}}}], "maxAge": 1}, "financialData": {"maxAge": 86400, "currentPrice": 0.59, "targetHighPrice": 310.0, "targetLowPrice": 310.0, "targetMeanPrice": 310.0, "targetMedianPrice": 310.0, "recommendationKey": "none", "numberOfAnalystOpinions": 1, "grossProfits": 186780000, "financialCurrency": "INR"}}}