{"UTIAMC.NS": {"assetProfile": {"address1": "UTI Tower GN Block", "address2": "Bandra Kurla Complex Bandra East", "city": "Mumbai", "zip": "400051", "country": "India", "phone": "91 22 6678 6666", "fax": "91 22 2652 4921", "website": "http://www.utimf.com", "industry": "Asset Management", "sector": "Financial Services", "longBusinessSummary": "UTI Asset Management Company (P) Ltd. is a privately owned investment manager. It manages mutual funds for its clients. The firm invests in money market, fixed income, and public equity markets of India. It employs in-house research while making its investments. UTI Asset Management Company (P) Ltd. was incorporated on November 14, 2002 and is based in Mumbai, India.", "fullTimeEmployees": 1354, "companyOfficers": [{"maxAge": 1, "name": "Mr. Imtaiyazur  Rahman", "age": 57, "title": "CEO & Whole-Time Director", "yearBorn": 1963, "exercisedValue": 0, "unexercisedValue": 0}, {"maxAge": 1, "name": "Mr. Vetri  Subramaniam", "age": 50, "title": "Group Pres & Head of Equity", "yearBorn": 1970, "exercisedValue": 0, "unexercisedValue": 0}, {"maxAge": 1, "name": "Mr. Amandeep Singh Chopra", "title": "Group Pres & Head of Fixed Income", "exercisedValue": 0, "unexercisedValue": 0}, {"maxAge": 1, "name": "Mr. Debasish  Mohanty", "title": "Pres & Head of Sale", "exercisedValue": 0, "unexercisedValue": 0}, {"maxAge": 1, "name": "Mr. Indranil  Choudhury", "title": "Pres & Head of HR", "exercisedValue": 0, "unexercisedValue": 0}, {"maxAge": 1, "name": "Mr. Surojit  Saha", "title": "Chief Financial Officer", "exercisedValue": 0, "unexercisedValue": 0}, {"maxAge": 1, "name": "Mr. Vinay  Lakhotia", "title": "Sr. Exec. VP & Head of Operations", "exercisedValue": 0, "unexercisedValue": 0}, {"maxAge": 1, "name": "Mr. Sandeep Vivek Samsi", "title": "Exec. VP, Exec. Assistant to CEO, Head of Corp. & Comm. & Strategy and Head of IR", "exercisedValue": 0, "unexercisedValue": 0}, {"maxAge": 1, "name": "Mr. Arvind Bhagwan Das Patkar", "title": "Company Sec. & Compliance Officer", "exercisedValue": 0, "unexercisedValue": 0}, {"maxAge": 1, "name": "Mr. Gaurav  Suri", "title": "Sr. EVP & Head of Marketing", "exercisedValue": 0, "unexercisedValue": 0}], "maxAge": 86400}, "cashflowStatementHistory": {"cashflowStatements": [{"maxAge": 1, "endDate": "2020-03-31", "netIncome": 2730300000, "depreciation": 290930000, "changeToNetincome": -672940000, "changeToAccountReceivables": -180640000, "changeToLiabilities": 20960000, "changeToOperatingActivities": -263920000, "totalCashFromOperatingActivities": 1947180000, "capitalExpenditures": -217660000, "investments": -1146360000, "otherCashflowsFromInvestingActivities": 305400000, "totalCashflowsFromInvestingActivities": -1058620000, "dividendsPaid": -633940000, "netBorrowings": -57180000, "otherCashflowsFromFinancingActivities": -246720000, "totalCashFromFinancingActivities": -937840000, "changeInCash": -49280000}, {"maxAge": 1, "endDate": "2019-03-31", "netIncome": 3528310000, "depreciation": 268920000, "changeToNetincome": -1759090000, "changeToAccountReceivables": 224870000, "changeToLiabilities": -941590000, "changeToOperatingActivities": -116860000, "totalCashFromOperatingActivities": 1227110000, "capitalExpenditures": -65550000, "investments": -1174340000, "otherCashflowsFromInvestingActivities": 982050000, "totalCashflowsFromInvestingActivities": -257840000, "dividendsPaid": -633940000, "netBorrowings": -113970000, "otherCashflowsFromFinancingActivities": -481480000, "totalCashFromFinancingActivities": -1229390000, "changeInCash": -260120000}, {"maxAge": 1, "endDate": "2018-03-31", "netIncome": 3642050000, "depreciation": 260950000, "changeToNetincome": -1512040000, "changeToAccountReceivables": -162670000, "changeToLiabilities": 424620000, "changeToOperatingActivities": 21120000, "totalCashFromOperatingActivities": 2685590000, "capitalExpenditures": -118020000, "investments": -3815280000, "otherCashflowsFromInvestingActivities": 2395450000, "totalCashflowsFromInvestingActivities": -1537850000, "dividendsPaid": -507150000, "netBorrowings": -165620000, "otherCashflowsFromFinancingActivities": -73690000, "totalCashFromFinancingActivities": -746460000, "changeInCash": 401280000}, {"maxAge": 1, "endDate": "2017-03-31", "netIncome": 4003110000, "depreciation": 233270000, "changeToNetincome": -1679070000, "changeToAccountReceivables": 147300000, "changeToLiabilities": 145090000, "changeToOperatingActivities": 735510000, "totalCashFromOperatingActivities": 3608050000, "capitalExpenditures": -1065710000, "investments": -2791140000, "otherCashflowsFromInvestingActivities": 1226780000, "totalCashflowsFromInvestingActivities": -2630070000, "dividendsPaid": -469110000, "netBorrowings": 431620000, "otherCashflowsFromFinancingActivities": -610110000, "totalCashFromFinancingActivities": -647600000, "changeInCash": 330380000}], "maxAge": 86400}, "institutionOwnership": {"ownershipList": [], "maxAge": 1}, "majorHoldersBreakdown": {"maxAge": 1, "insidersPercentHeld": 0.35217997, "institutionsPercentHeld": 0.50805, "institutionsFloatPercentHeld": 0.78424, "institutionsCount": 20}, "balanceSheetHistoryQuarterly": {"balanceSheetStatements": [{"maxAge": 1, "endDate": "2020-12-31", "totalStockholderEquity": 29942800000, "netTangibleAssets": 29828560000}, {"maxAge": 1, "endDate": "2020-09-30", "cash": 1219060000, "netReceivables": 1096870000, "otherCurrentAssets": 526600000, "totalCurrentAssets": 2842530000, "longTermInvestments": 26814460000, "propertyPlantEquipment": 3457690000, "intangibleAssets": 114240000, "otherAssets": 327420000, "totalAssets": 33556340000, "accountsPayable": 9690000, "otherCurrentLiab": 687700000, "otherLiab": 2801910000, "minorityInterest": 114240000, "totalCurrentLiabilities": 697390000, "totalLiab": 3499300000, "commonStock": 1267870000, "treasuryStock": 28674930000, "otherStockholderEquity": 28674930000, "totalStockholderEquity": 29942800000, "netTangibleAssets": 29828560000}, {"maxAge": 1, "endDate": "2020-06-30", "cash": 1238560000, "shortTermInvestments": 7900000, "netReceivables": 683970000, "otherCurrentAssets": 1479030000, "totalCurrentAssets": 10524630000, "longTermInvestments": 17648310000, "propertyPlantEquipment": 3436150000, "intangibleAssets": 123580000, "otherAssets": 901570000, "totalAssets": 32634240000, "accountsPayable": 8430000, "otherCurrentLiab": 235020000, "otherLiab": 2511970000, "minorityInterest": 114440000, "totalCurrentLiabilities": 691460000, "totalLiab": 4170510000, "commonStock": 1267870000, "retainedEarnings": 27860080000, "treasuryStock": -1134790000, "capitalSurplus": 356130000, "otherStockholderEquity": -1134790000, "totalStockholderEquity": 28349290000, "netTangibleAssets": 28225710000}, {"maxAge": 1, "endDate": "2019-12-31"}], "maxAge": 86400}, "indexTrend": {"maxAge": 1, "symbol": "SP5", "peRatio": 19.7411, "pegRatio": 1.34172, "estimates": [{"period": "0q", "growth": 0.549}, {"period": "+1q", "growth": 0.431}, {"period": "0y", "growth": 0.305}, {"period": "+1y", "growth": 0.109}, {"period": "+5y", "growth": 0.120865}, {"period": "-5y"}]}, "defaultKeyStatistics": {"maxAge": 1, "priceHint": 2, "enterpriseValue": 79938936832, "profitMargins": 0.32246, "floatShares": 126798008, "sharesOutstanding": 126787000, "heldPercentInsiders": 0.35217997, "heldPercentInstitutions": 0.50805, "category": null, "bookValue": 236.291, "priceToBook": 2.7049274, "fundFamily": null, "legalType": null, "lastFiscalYearEnd": "2020-03-31 05:30:00", "nextFiscalYearEnd": "2022-03-31 05:30:00", "mostRecentQuarter": "2020-12-31 05:30:00", "earningsQuarterlyGrowth": 0.667, "netIncomeToCommon": 3363099904, "trailingEps": 26.52, "lastSplitFactor": null, "enterpriseToRevenue": 7.665, "enterpriseToEbitda": 16.479}, "summaryProfile": {"address1": "UTI Tower GN Block", "address2": "Bandra Kurla Complex Bandra East", "city": "Mumbai", "zip": "400051", "country": "India", "phone": "91 22 6678 6666", "fax": "91 22 2652 4921", "website": "http://www.utimf.com", "industry": "Asset Management", "sector": "Financial Services", "longBusinessSummary": "UTI Asset Management Company (P) Ltd. is a privately owned investment manager. It manages mutual funds for its clients. The firm invests in money market, fixed income, and public equity markets of India. It employs in-house research while making its investments. UTI Asset Management Company (P) Ltd. was incorporated on November 14, 2002 and is based in Mumbai, India.", "fullTimeEmployees": 1354, "companyOfficers": [], "maxAge": 86400}, "netSharePurchaseActivity": {"maxAge": 1, "period": "6m", "buyInfoCount": 0, "buyInfoShares": 0, "sellInfoCount": 0, "netInfoCount": 0, "netInfoShares": 0, "netPercentInsiderShares": 0.0, "totalInsiderShares": 44656168}, "quoteType": {"exchange": "NSI", "quoteType": "EQUITY", "symbol": "UTIAMC.NS", "underlyingSymbol": "UTIAMC.NS", "shortName": "UTI Asset Mngmt Co Ltd", "longName": "UTI Asset Management Company Limited", "firstTradeDateEpochUtc": "2020-10-13 09:15:00", "timeZoneFullName": "Asia/Kolkata", "timeZoneShortName": "IST", "uuid": "41300428-d582-39a2-a4ae-1bb3df14fa44", "gmtOffSetMilliseconds": 19800000, "maxAge": 1}, "incomeStatementHistory": {"incomeStatementHistory": [{"maxAge": 1, "endDate": "2020-03-31", "totalRevenue": 8812680000, "costOfRevenue": 3586540000, "grossProfit": 5226140000, "researchDevelopment": {}, "sellingGeneralAdministrative": 190960000, "nonRecurring": {}, "otherOperatingExpenses": 1277710000, "totalOperatingExpenses": 5368630000, "operatingIncome": 3444050000, "totalOtherIncomeExpenseNet": 10410000, "ebit": 3444050000, "interestExpense": -84760000, "incomeBeforeTax": 3454460000, "incomeTaxExpense": 689610000, "minorityInterest": 107870000, "netIncomeFromContinuingOps": 2764850000, "discontinuedOperations": {}, "extraordinaryItems": {}, "effectOfAccountingCharges": {}, "otherItems": {}, "netIncome": 2730300000, "netIncomeApplicableToCommonShares": 2730300000}, {"maxAge": 1, "endDate": "2019-03-31", "totalRevenue": 10705520000, "costOfRevenue": 3251570000, "grossProfit": 7453950000, "researchDevelopment": {}, "sellingGeneralAdministrative": 261530000, "nonRecurring": {}, "otherOperatingExpenses": 2009180000, "totalOperatingExpenses": 5813750000, "operatingIncome": 4891770000, "totalOtherIncomeExpenseNet": 20690000, "ebit": 4891770000, "interestExpense": -81920000, "incomeBeforeTax": 4912460000, "incomeTaxExpense": 1433190000, "minorityInterest": 371940000, "netIncomeFromContinuingOps": 3479270000, "discontinuedOperations": {}, "extraordinaryItems": {}, "effectOfAccountingCharges": {}, "otherItems": {}, "netIncome": 3528310000, "netIncomeApplicableToCommonShares": 3528310000}, {"maxAge": 1, "endDate": "2018-03-31", "totalRevenue": 11603320000, "costOfRevenue": 3369080000, "grossProfit": 8234240000, "researchDevelopment": {}, "sellingGeneralAdministrative": 295250000, "nonRecurring": {}, "otherOperatingExpenses": 2045570000, "totalOperatingExpenses": 5982410000, "operatingIncome": 5620910000, "totalOtherIncomeExpenseNet": -166620000, "ebit": 5620910000, "interestExpense": -87090000, "incomeBeforeTax": 5454290000, "incomeTaxExpense": 1403380000, "minorityInterest": 701890000, "netIncomeFromContinuingOps": 4050910000, "discontinuedOperations": {}, "extraordinaryItems": {}, "effectOfAccountingCharges": {}, "otherItems": {}, "netIncome": 3642050000, "netIncomeApplicableToCommonShares": 3642050000}, {"maxAge": 1, "endDate": "2017-03-31", "totalRevenue": 10348030000, "costOfRevenue": 3017310000, "grossProfit": 7330720000, "researchDevelopment": {}, "sellingGeneralAdministrative": 356960000, "nonRecurring": {}, "otherOperatingExpenses": 1552000000, "totalOperatingExpenses": 5182380000, "operatingIncome": 5165650000, "totalOtherIncomeExpenseNet": 39650000, "ebit": 5165650000, "interestExpense": -93370000, "incomeBeforeTax": 5205300000, "incomeTaxExpense": 1253080000, "minorityInterest": 1050850000, "netIncomeFromContinuingOps": 3952220000, "discontinuedOperations": {}, "extraordinaryItems": {}, "effectOfAccountingCharges": {}, "otherItems": {}, "netIncome": 4003110000, "netIncomeApplicableToCommonShares": 4003110000}], "maxAge": 86400}, "fundOwnership": {"ownershipList": [], "maxAge": 1}, "summaryDetail": {"maxAge": 1, "priceHint": 2, "previousClose": 625.55, "open": 626.15, "dayLow": 622.95, "dayHigh": 649.0, "regularMarketPreviousClose": 625.55, "regularMarketOpen": 626.15, "regularMarketDayLow": 622.95, "regularMarketDayHigh": 649.0, "dividendRate": 7.0, "dividendYield": 0.0115, "exDividendDate": "2020-11-19 05:30:00", "payoutRatio": 0.17959999, "trailingPE": 24.10068, "volume": 694508, "regularMarketVolume": 694508, "averageVolume": 292232, "averageVolume10days": 147789, "averageDailyVolume10Day": 147789, "bid": 0.0, "ask": 0.0, "marketCap": 81074905088, "fiftyTwoWeekLow": 477.0, "fiftyTwoWeekHigh": 649.0, "priceToSalesTrailing12Months": 7.7737036, "fiftyDayAverage": 581.55, "twoHundredDayAverage": 548.5867, "trailingAnnualDividendRate": 7.0, "trailingAnnualDividendYield": 0.011190153, "currency": "INR", "fromCurrency": null, "lastMarket": null, "algorithm": null, "tradeable": false}, "incomeStatementHistoryQuarterly": {"incomeStatementHistory": [{"maxAge": 1, "endDate": "2020-12-31", "totalRevenue": 3482600000, "costOfRevenue": 1160600000, "grossProfit": 2322000000, "researchDevelopment": {}, "sellingGeneralAdministrative": 8500000, "nonRecurring": {}, "otherOperatingExpenses": 394000000, "totalOperatingExpenses": 1658200000, "operatingIncome": 1824400000, "totalOtherIncomeExpenseNet": -22800000, "ebit": 1824400000, "interestExpense": -22800000, "incomeBeforeTax": 1801600000, "incomeTaxExpense": 399400000, "minorityInterest": {}, "netIncomeFromContinuingOps": 1402200000, "discontinuedOperations": {}, "extraordinaryItems": {}, "effectOfAccountingCharges": {}, "otherItems": {}, "netIncome": 1402400000, "netIncomeApplicableToCommonShares": 1402400000}, {"maxAge": 1, "endDate": "2020-09-30", "totalRevenue": 2870120000, "costOfRevenue": 910630000, "grossProfit": 1959490000, "researchDevelopment": {}, "sellingGeneralAdministrative": 5630000, "nonRecurring": {}, "otherOperatingExpenses": 372130000, "totalOperatingExpenses": 1380070000, "operatingIncome": 1490050000, "totalOtherIncomeExpenseNet": -23380000, "ebit": 1490050000, "interestExpense": -23380000, "incomeBeforeTax": 1466670000, "incomeTaxExpense": 280770000, "minorityInterest": 114240000, "netIncomeFromContinuingOps": 1185900000, "discontinuedOperations": {}, "extraordinaryItems": {}, "effectOfAccountingCharges": {}, "otherItems": {}, "netIncome": 1186100000, "netIncomeApplicableToCommonShares": 1186100000}, {"maxAge": 1, "endDate": "2020-06-30", "totalRevenue": 2700640000, "costOfRevenue": 1029480000, "grossProfit": 1671160000, "researchDevelopment": {}, "sellingGeneralAdministrative": 22720000, "nonRecurring": {}, "otherOperatingExpenses": 316040000, "totalOperatingExpenses": 1452800000, "operatingIncome": 1247840000, "totalOtherIncomeExpenseNet": -15610000, "ebit": 1247840000, "interestExpense": -22930000, "incomeBeforeTax": 1232230000, "incomeTaxExpense": 221480000, "minorityInterest": 114440000, "netIncomeFromContinuingOps": 1010750000, "discontinuedOperations": {}, "extraordinaryItems": {}, "effectOfAccountingCharges": {}, "otherItems": {}, "netIncome": 1005540000, "netIncomeApplicableToCommonShares": 1005540000}, {"maxAge": 1, "endDate": "2019-12-31", "totalRevenue": 2484600000, "costOfRevenue": 756100000, "grossProfit": 1728500000, "researchDevelopment": {}, "sellingGeneralAdministrative": 7700000, "nonRecurring": {}, "otherOperatingExpenses": 440300000, "totalOperatingExpenses": 1284400000, "operatingIncome": 1200200000, "totalOtherIncomeExpenseNet": -18700000, "ebit": 1200200000, "interestExpense": -18700000, "incomeBeforeTax": 1181500000, "incomeTaxExpense": 284000000, "minorityInterest": 114440000, "netIncomeFromContinuingOps": 897500000, "discontinuedOperations": {}, "extraordinaryItems": {}, "effectOfAccountingCharges": {}, "otherItems": {}, "netIncome": 841200000, "netIncomeApplicableToCommonShares": 841200000}], "maxAge": 86400}, "cashflowStatementHistoryQuarterly": {"cashflowStatements": [{"maxAge": 1, "endDate": "2020-12-31", "netIncome": 1402400000, "changeToLiabilities": 0}, {"maxAge": 1, "endDate": "2020-09-30", "netIncome": 1186100000, "depreciation": 101580000, "changeToNetincome": -362350000, "changeToAccountReceivables": -76220000, "changeToLiabilities": -28340000, "changeToOperatingActivities": -762520000, "totalCashFromOperatingActivities": 52800000, "capitalExpenditures": -114130000, "investments": -698910000, "otherCashflowsFromInvestingActivities": 673320000, "totalCashflowsFromInvestingActivities": -139720000, "netBorrowings": 51350000, "otherCashflowsFromFinancingActivities": 16070000, "totalCashFromFinancingActivities": 67420000, "changeInCash": -19500000}, {"maxAge": 1, "endDate": "2020-06-30", "netIncome": 1005540000, "depreciation": 71070000, "changeToNetincome": -1037010000, "changeToAccountReceivables": 35260000, "changeToLiabilities": -236280000, "changeToOperatingActivities": 299280000, "totalCashFromOperatingActivities": 151350000, "capitalExpenditures": -14910000, "investments": -1031730000, "otherCashflowsFromInvestingActivities": 884470000, "totalCashflowsFromInvestingActivities": -162170000, "netBorrowings": 21530000, "otherCashflowsFromFinancingActivities": 35330000, "totalCashFromFinancingActivities": 56860000, "changeInCash": 46040000}, {"maxAge": 1, "endDate": "2019-12-31", "netIncome": 841200000, "depreciation": 71070000, "changeToNetincome": -1037010000, "changeToAccountReceivables": 35260000, "changeToLiabilities": 0, "changeToOperatingActivities": 299280000, "totalCashFromOperatingActivities": 151350000, "capitalExpenditures": -14910000, "investments": -1031730000, "otherCashflowsFromInvestingActivities": 884470000, "totalCashflowsFromInvestingActivities": -162170000, "netBorrowings": 21530000, "otherCashflowsFromFinancingActivities": 35330000, "totalCashFromFinancingActivities": 56860000, "changeInCash": 46040000}], "maxAge": 86400}, "insiderHolders": {"holders": [], "maxAge": 1}, "calendarEvents": {"maxAge": 1, "earnings": {"earningsDate": [], "earningsAverage": {}, "earningsLow": {}, "earningsHigh": {}, "revenueAverage": {}, "revenueLow": {}, "revenueHigh": {}}, "exDividendDate": "2020-11-19", "dividendDate": {}}, "upgradeDowngradeHistory": {"history": [], "maxAge": 86400}, "price": {"maxAge": 1, "regularMarketChangePercent": 0.021740925, "regularMarketChange": 13.600037, "regularMarketTime": "2021-04-30 15:30:00", "priceHint": 2, "regularMarketPrice": 639.15, "regularMarketDayHigh": 649.0, "regularMarketDayLow": 622.95, "regularMarketVolume": 694508, "averageDailyVolume10Day": 147789, "averageDailyVolume3Month": 292232, "regularMarketPreviousClose": 625.55, "regularMarketSource": "FREE_REALTIME", "regularMarketOpen": 626.15, "exchange": "NSI", "exchangeName": "NSE", "exchangeDataDelayedBy": 15, "marketState": "CLOSED", "quoteType": "EQUITY", "symbol": "UTIAMC.NS", "underlyingSymbol": null, "shortName": "UTI Asset Mngmt Co Ltd", "longName": "UTI Asset Management Company Limited", "currency": "INR", "quoteSourceName": "Delayed Quote", "currencySymbol": "\u20b9", "fromCurrency": null, "lastMarket": null, "marketCap": 81074905088}, "balanceSheetHistory": {"balanceSheetStatements": [{"maxAge": 1, "endDate": "2020-03-31", "cash": 1192520000, "shortTermInvestments": 7900000, "netReceivables": 1002850000, "otherCurrentAssets": 1347760000, "totalCurrentAssets": 27262380000, "propertyPlantEquipment": 3403250000, "intangibleAssets": 125570000, "otherAssets": 757980000, "totalAssets": 31549180000, "accountsPayable": 14220000, "otherCurrentLiab": 256730000, "otherLiab": 1805420000, "minorityInterest": 107870000, "totalCurrentLiabilities": 1101560000, "totalLiab": 3816350000, "commonStock": 1267870000, "retainedEarnings": 26894540000, "treasuryStock": -893580000, "capitalSurplus": 356130000, "otherStockholderEquity": -893580000, "totalStockholderEquity": 27624960000, "netTangibleAssets": 27499390000}, {"maxAge": 1, "endDate": "2019-03-31", "cash": 1241800000, "shortTermInvestments": 3350000, "netReceivables": 1047490000, "otherCurrentAssets": 970540000, "totalCurrentAssets": 26017590000, "propertyPlantEquipment": 3372380000, "intangibleAssets": 36130000, "otherAssets": 706530000, "totalAssets": 30132630000, "accountsPayable": 37770000, "otherCurrentLiab": 256770000, "otherLiab": 1698680000, "deferredLongTermLiab": 3800000, "minorityInterest": 371940000, "totalCurrentLiabilities": 1185920000, "totalLiab": 3716970000, "commonStock": 1267870000, "retainedEarnings": 24856540000, "treasuryStock": -436820000, "capitalSurplus": 356130000, "otherStockholderEquity": -436820000, "totalStockholderEquity": 26043720000, "netTangibleAssets": 26007590000}, {"maxAge": 1, "endDate": "2018-03-31", "cash": 1570720000, "shortTermInvestments": 32480000, "netReceivables": 974420000, "otherCurrentAssets": 498200000, "totalCurrentAssets": 24936080000, "propertyPlantEquipment": 3521140000, "intangibleAssets": 56110000, "otherAssets": 679190000, "totalAssets": 29192520000, "accountsPayable": 111100000, "otherCurrentLiab": 1579840000, "otherLiab": 1307660000, "deferredLongTermLiab": 53320000, "minorityInterest": 701890000, "totalCurrentLiabilities": 2631510000, "totalLiab": 4816300000, "commonStock": 1267870000, "retainedEarnings": 22098080000, "treasuryStock": -47750000, "capitalSurplus": 356130000, "otherStockholderEquity": -47750000, "totalStockholderEquity": 23674330000, "netTangibleAssets": 23618220000}, {"maxAge": 1, "endDate": "2017-03-31", "cash": 1100650000, "shortTermInvestments": 2350000, "netReceivables": 1046690000, "otherCurrentAssets": 499290000, "totalCurrentAssets": 20712310000, "propertyPlantEquipment": 3679010000, "intangibleAssets": 44810000, "otherAssets": 595060000, "totalAssets": 25031190000, "accountsPayable": 28400000, "otherCurrentLiab": 638770000, "otherLiab": 1135080000, "minorityInterest": 1050850000, "totalCurrentLiabilities": 1632730000, "totalLiab": 3720300000, "commonStock": 1267870000, "retainedEarnings": 19032550000, "treasuryStock": -396510000, "capitalSurplus": 356130000, "otherStockholderEquity": -396510000, "totalStockholderEquity": 20260040000, "netTangibleAssets": 20215230000}], "maxAge": 86400}, "financialData": {"maxAge": 86400, "currentPrice": 639.15, "recommendationKey": "none", "totalCash": 1219059968, "totalCashPerShare": 9.614, "ebitda": 4850899968, "totalDebt": 0, "totalRevenue": 10429379584, "revenuePerShare": 82.255, "grossProfits": 5226140000, "earningsGrowth": 0.668, "revenueGrowth": 0.402, "grossMargins": 0.5837, "ebitdaMargins": 0.46512002, "operatingMargins": 0.42161998, "profitMargins": 0.32246, "financialCurrency": "INR"}}}