{"UTIAMC.BO": {"cashflowStatementHistory": {"cashflowStatements": [{"maxAge": 1, "endDate": "2020-03-31", "netIncome": 2730300000, "depreciation": 290930000, "changeToNetincome": -672940000, "changeToAccountReceivables": -180640000, "changeToLiabilities": 20960000, "changeToOperatingActivities": -263920000, "totalCashFromOperatingActivities": 1947180000, "capitalExpenditures": -217660000, "investments": -1146360000, "otherCashflowsFromInvestingActivities": 305400000, "totalCashflowsFromInvestingActivities": -1058620000, "dividendsPaid": -633940000, "netBorrowings": -57180000, "otherCashflowsFromFinancingActivities": -246720000, "totalCashFromFinancingActivities": -937840000, "changeInCash": -49280000}, {"maxAge": 1, "endDate": "2019-03-31", "netIncome": 3528310000, "depreciation": 268920000, "changeToNetincome": -1759090000, "changeToAccountReceivables": 224870000, "changeToLiabilities": -941590000, "changeToOperatingActivities": -116860000, "totalCashFromOperatingActivities": 1227110000, "capitalExpenditures": -65550000, "investments": -1174340000, "otherCashflowsFromInvestingActivities": 982050000, "totalCashflowsFromInvestingActivities": -257840000, "dividendsPaid": -633940000, "netBorrowings": -113970000, "otherCashflowsFromFinancingActivities": -481480000, "totalCashFromFinancingActivities": -1229390000, "changeInCash": -260120000}, {"maxAge": 1, "endDate": "2018-03-31", "netIncome": 3642050000, "depreciation": 260950000, "changeToNetincome": -1512040000, "changeToAccountReceivables": -162670000, "changeToLiabilities": 424620000, "changeToOperatingActivities": 21120000, "totalCashFromOperatingActivities": 2685590000, "capitalExpenditures": -118020000, "investments": -3815280000, "otherCashflowsFromInvestingActivities": 2395450000, "totalCashflowsFromInvestingActivities": -1537850000, "dividendsPaid": -507150000, "netBorrowings": -165620000, "otherCashflowsFromFinancingActivities": -73690000, "totalCashFromFinancingActivities": -746460000, "changeInCash": 401280000}, {"maxAge": 1, "endDate": "2017-03-31", "netIncome": 4003110000, "depreciation": 233270000, "changeToNetincome": -1679070000, "changeToAccountReceivables": 147300000, "changeToLiabilities": 145090000, "changeToOperatingActivities": 735510000, "totalCashFromOperatingActivities": 3608050000, "capitalExpenditures": -1065710000, "investments": -2791140000, "otherCashflowsFromInvestingActivities": 1226780000, "totalCashflowsFromInvestingActivities": -2630070000, "dividendsPaid": -469110000, "netBorrowings": 431620000, "otherCashflowsFromFinancingActivities": -610110000, "totalCashFromFinancingActivities": -647600000, "changeInCash": 330380000}], "maxAge": 86400}, "institutionOwnership": {"ownershipList": [], "maxAge": 1}, "balanceSheetHistoryQuarterly": {"balanceSheetStatements": [{"maxAge": 1, "endDate": "2020-06-30", "cash": 1238560000, "shortTermInvestments": 7900000, "netReceivables": 683970000, "otherCurrentAssets": 1479030000, "totalCurrentAssets": 10524630000, "longTermInvestments": 17648310000, "propertyPlantEquipment": 3436150000, "intangibleAssets": 123580000, "otherAssets": 901570000, "totalAssets": 32634240000, "accountsPayable": 8430000, "otherCurrentLiab": 235020000, "otherLiab": 2511970000, "minorityInterest": 114440000, "totalCurrentLiabilities": 691460000, "totalLiab": 4170510000, "commonStock": 1267870000, "retainedEarnings": 27860080000, "treasuryStock": -1134790000, "capitalSurplus": 356130000, "otherStockholderEquity": -1134790000, "totalStockholderEquity": 28349290000, "netTangibleAssets": 28225710000}, {"maxAge": 1, "endDate": "2020-03-31", "cash": 1192520000, "shortTermInvestments": 7900000, "netReceivables": 1002850000, "otherCurrentAssets": 1347760000, "totalCurrentAssets": 27262380000, "propertyPlantEquipment": 3403250000, "intangibleAssets": 125570000, "otherAssets": 757980000, "totalAssets": 31549180000, "accountsPayable": 14220000, "otherCurrentLiab": 256730000, "otherLiab": 1805420000, "minorityInterest": 107870000, "totalCurrentLiabilities": 1101560000, "totalLiab": 3816350000, "commonStock": 1267870000, "retainedEarnings": 26894540000, "treasuryStock": -893580000, "capitalSurplus": 356130000, "otherStockholderEquity": -893580000, "totalStockholderEquity": 27624960000, "netTangibleAssets": 27499390000}, {"maxAge": 1, "endDate": "2019-12-31", "cash": 1192520000, "shortTermInvestments": 7900000, "netReceivables": 1002850000, "otherCurrentAssets": 1347760000, "totalCurrentAssets": 27262380000, "propertyPlantEquipment": 3403250000, "intangibleAssets": 125570000, "otherAssets": 757980000, "totalAssets": 31549180000, "accountsPayable": 14220000, "otherCurrentLiab": 256730000, "otherLiab": 1805420000, "minorityInterest": 107870000, "totalCurrentLiabilities": 1101560000, "totalLiab": 3816350000, "commonStock": 1267870000, "retainedEarnings": 26894540000, "treasuryStock": -893580000, "capitalSurplus": 356130000, "otherStockholderEquity": -893580000, "totalStockholderEquity": 27624960000, "netTangibleAssets": 27499390000}, {"maxAge": 1, "endDate": "2019-06-30", "totalStockholderEquity": 26043720000, "netTangibleAssets": 26007590000}], "maxAge": 86400}, "indexTrend": {"maxAge": 1, "symbol": "SP5", "peRatio": 19.7411, "pegRatio": 1.34172, "estimates": [{"period": "0q", "growth": 0.549}, {"period": "+1q", "growth": 0.431}, {"period": "0y", "growth": 0.305}, {"period": "+1y", "growth": 0.109}, {"period": "+5y", "growth": 0.120865}, {"period": "-5y"}]}, "quoteType": {"exchange": "BSE", "quoteType": "EQUITY", "symbol": "UTIAMC.BO", "underlyingSymbol": "UTIAMC.BO", "shortName": "UTI Asset Management Company L", "longName": "UTI Asset Management Company Limited", "firstTradeDateEpochUtc": null, "timeZoneFullName": "Asia/Kolkata", "timeZoneShortName": "IST", "uuid": "e3f4a29e-76a0-3029-be25-ea8c421f64c1", "gmtOffSetMilliseconds": 19800000, "maxAge": 1}, "incomeStatementHistory": {"incomeStatementHistory": [{"maxAge": 1, "endDate": "2020-03-31", "totalRevenue": 8812680000, "costOfRevenue": 3586540000, "grossProfit": 5226140000, "researchDevelopment": {}, "sellingGeneralAdministrative": 190960000, "nonRecurring": {}, "otherOperatingExpenses": 1277710000, "totalOperatingExpenses": 5368630000, "operatingIncome": 3444050000, "totalOtherIncomeExpenseNet": 10410000, "ebit": 3444050000, "interestExpense": -84760000, "incomeBeforeTax": 3454460000, "incomeTaxExpense": 689610000, "minorityInterest": 107870000, "netIncomeFromContinuingOps": 2764850000, "discontinuedOperations": {}, "extraordinaryItems": {}, "effectOfAccountingCharges": {}, "otherItems": {}, "netIncome": 2730300000, "netIncomeApplicableToCommonShares": 2730300000}, {"maxAge": 1, "endDate": "2019-03-31", "totalRevenue": 10705520000, "costOfRevenue": 3251570000, "grossProfit": 7453950000, "researchDevelopment": {}, "sellingGeneralAdministrative": 261530000, "nonRecurring": {}, "otherOperatingExpenses": 2009180000, "totalOperatingExpenses": 5813750000, "operatingIncome": 4891770000, "totalOtherIncomeExpenseNet": 20690000, "ebit": 4891770000, "interestExpense": -81920000, "incomeBeforeTax": 4912460000, "incomeTaxExpense": 1433190000, "minorityInterest": 371940000, "netIncomeFromContinuingOps": 3479270000, "discontinuedOperations": {}, "extraordinaryItems": {}, "effectOfAccountingCharges": {}, "otherItems": {}, "netIncome": 3528310000, "netIncomeApplicableToCommonShares": 3528310000}, {"maxAge": 1, "endDate": "2018-03-31", "totalRevenue": 11603320000, "costOfRevenue": 3369080000, "grossProfit": 8234240000, "researchDevelopment": {}, "sellingGeneralAdministrative": 295250000, "nonRecurring": {}, "otherOperatingExpenses": 2045570000, "totalOperatingExpenses": 5982410000, "operatingIncome": 5620910000, "totalOtherIncomeExpenseNet": -166620000, "ebit": 5620910000, "interestExpense": -87090000, "incomeBeforeTax": 5454290000, "incomeTaxExpense": 1403380000, "minorityInterest": 701890000, "netIncomeFromContinuingOps": 4050910000, "discontinuedOperations": {}, "extraordinaryItems": {}, "effectOfAccountingCharges": {}, "otherItems": {}, "netIncome": 3642050000, "netIncomeApplicableToCommonShares": 3642050000}, {"maxAge": 1, "endDate": "2017-03-31", "totalRevenue": 10348030000, "costOfRevenue": 3017310000, "grossProfit": 7330720000, "researchDevelopment": {}, "sellingGeneralAdministrative": 356960000, "nonRecurring": {}, "otherOperatingExpenses": 1552000000, "totalOperatingExpenses": 5182380000, "operatingIncome": 5165650000, "totalOtherIncomeExpenseNet": 39650000, "ebit": 5165650000, "interestExpense": -93370000, "incomeBeforeTax": 5205300000, "incomeTaxExpense": 1253080000, "minorityInterest": 1050850000, "netIncomeFromContinuingOps": 3952220000, "discontinuedOperations": {}, "extraordinaryItems": {}, "effectOfAccountingCharges": {}, "otherItems": {}, "netIncome": 4003110000, "netIncomeApplicableToCommonShares": 4003110000}], "maxAge": 86400}, "fundOwnership": {"ownershipList": [], "maxAge": 1}, "summaryDetail": {"maxAge": 1, "priceHint": 2, "previousClose": 625.85, "open": 620.6, "dayLow": 620.6, "dayHigh": 648.75, "regularMarketPreviousClose": 625.85, "regularMarketOpen": 620.6, "regularMarketDayLow": 620.6, "regularMarketDayHigh": 648.75, "trailingPE": 26.813602, "volume": 64420, "regularMarketVolume": 64420, "bid": 0.0, "ask": 638.7, "fiftyTwoWeekLow": 620.6, "fiftyTwoWeekHigh": 648.75, "trailingAnnualDividendRate": 7.0, "trailingAnnualDividendYield": 0.011184789, "currency": "INR", "fromCurrency": null, "lastMarket": null, "algorithm": null, "tradeable": false}, "incomeStatementHistoryQuarterly": {"incomeStatementHistory": [{"maxAge": 1, "endDate": "2020-06-30", "totalRevenue": 2700640000, "costOfRevenue": 1029480000, "grossProfit": 1671160000, "researchDevelopment": {}, "sellingGeneralAdministrative": 22720000, "nonRecurring": {}, "otherOperatingExpenses": 316040000, "totalOperatingExpenses": 1452800000, "operatingIncome": 1247840000, "totalOtherIncomeExpenseNet": -15610000, "ebit": 1247840000, "interestExpense": -22930000, "incomeBeforeTax": 1232230000, "incomeTaxExpense": 221480000, "minorityInterest": 114440000, "netIncomeFromContinuingOps": 1010750000, "discontinuedOperations": {}, "extraordinaryItems": {}, "effectOfAccountingCharges": {}, "otherItems": {}, "netIncome": 1005540000, "netIncomeApplicableToCommonShares": 1005540000}, {"maxAge": 1, "endDate": "2020-03-31", "totalRevenue": 1964055000, "costOfRevenue": 978055000, "grossProfit": 986000000, "researchDevelopment": {}, "sellingGeneralAdministrative": 17975000, "nonRecurring": {}, "otherOperatingExpenses": 341590000, "totalOperatingExpenses": 1419570000, "operatingIncome": 544485000, "totalOtherIncomeExpenseNet": -13440000, "ebit": 544485000, "interestExpense": -21670000, "incomeBeforeTax": 531045000, "incomeTaxExpense": 193230000, "minorityInterest": 107870000, "netIncomeFromContinuingOps": 337815000, "discontinuedOperations": {}, "extraordinaryItems": {}, "effectOfAccountingCharges": {}, "otherItems": {}, "netIncome": 320160000, "netIncomeApplicableToCommonShares": 320160000}, {"maxAge": 1, "endDate": "2019-12-31", "totalRevenue": 1964055000, "costOfRevenue": 978055000, "grossProfit": 986000000, "researchDevelopment": {}, "sellingGeneralAdministrative": 17975000, "nonRecurring": {}, "otherOperatingExpenses": 341590000, "totalOperatingExpenses": 1419570000, "operatingIncome": 544485000, "totalOtherIncomeExpenseNet": -13440000, "ebit": 544485000, "interestExpense": -21670000, "incomeBeforeTax": 531045000, "incomeTaxExpense": 193230000, "minorityInterest": 107870000, "netIncomeFromContinuingOps": 337815000, "discontinuedOperations": {}, "extraordinaryItems": {}, "effectOfAccountingCharges": {}, "otherItems": {}, "netIncome": 320160000, "netIncomeApplicableToCommonShares": 320160000}, {"maxAge": 1, "endDate": "2019-06-30", "totalRevenue": 2415380000, "costOfRevenue": 933280000, "grossProfit": 1482100000, "researchDevelopment": {}, "sellingGeneralAdministrative": 37590000, "nonRecurring": {}, "otherOperatingExpenses": 293890000, "totalOperatingExpenses": 1347490000, "operatingIncome": 1067890000, "totalOtherIncomeExpenseNet": -3510000, "ebit": 1067890000, "interestExpense": -20540000, "incomeBeforeTax": 1064380000, "incomeTaxExpense": 354630000, "minorityInterest": 107870000, "netIncomeFromContinuingOps": 709750000, "discontinuedOperations": {}, "extraordinaryItems": {}, "effectOfAccountingCharges": {}, "otherItems": {}, "netIncome": 715300000, "netIncomeApplicableToCommonShares": 715300000}], "maxAge": 86400}, "cashflowStatementHistoryQuarterly": {"cashflowStatements": [{"maxAge": 1, "endDate": "2020-06-30", "netIncome": 1005540000, "depreciation": 71070000, "changeToNetincome": -1037010000, "changeToAccountReceivables": 35260000, "changeToLiabilities": -236280000, "changeToOperatingActivities": 299280000, "totalCashFromOperatingActivities": 151350000, "capitalExpenditures": -14910000, "investments": -1031730000, "otherCashflowsFromInvestingActivities": 884470000, "totalCashflowsFromInvestingActivities": -162170000, "netBorrowings": 21530000, "otherCashflowsFromFinancingActivities": 35330000, "totalCashFromFinancingActivities": 56860000, "changeInCash": 46040000}, {"maxAge": 1, "endDate": "2020-03-31", "netIncome": 320160000, "depreciation": 75635000, "changeToNetincome": 66905000, "changeToAccountReceivables": 4970000, "changeToLiabilities": 129260000, "changeToOperatingActivities": 149735000, "totalCashFromOperatingActivities": 752980000, "capitalExpenditures": -79355000, "investments": -456785000, "otherCashflowsFromInvestingActivities": -148970000, "totalCashflowsFromInvestingActivities": -685110000, "netBorrowings": -13770000, "otherCashflowsFromFinancingActivities": -39385000, "totalCashFromFinancingActivities": -53155000, "changeInCash": 14715000}, {"maxAge": 1, "endDate": "2019-12-31", "netIncome": 320160000, "depreciation": 75635000, "changeToNetincome": 66905000, "changeToAccountReceivables": 4970000, "changeToLiabilities": 129260000, "changeToOperatingActivities": 149735000, "totalCashFromOperatingActivities": 752980000, "capitalExpenditures": -79355000, "investments": -456785000, "otherCashflowsFromInvestingActivities": -148970000, "totalCashflowsFromInvestingActivities": -685110000, "netBorrowings": -13770000, "otherCashflowsFromFinancingActivities": -39385000, "totalCashFromFinancingActivities": -53155000, "changeInCash": 14715000}, {"maxAge": 1, "endDate": "2019-06-30", "netIncome": 715300000, "depreciation": 77730000, "changeToNetincome": -240670000, "changeToAccountReceivables": -231070000, "changeToLiabilities": -248040000, "changeToOperatingActivities": 347230000, "totalCashFromOperatingActivities": 425480000, "capitalExpenditures": -29850000, "investments": -575680000, "otherCashflowsFromInvestingActivities": 208170000, "totalCashflowsFromInvestingActivities": -397360000, "netBorrowings": -10970000, "otherCashflowsFromFinancingActivities": -108340000, "totalCashFromFinancingActivities": -119310000, "changeInCash": -91190000}], "maxAge": 86400}, "insiderHolders": {"holders": [], "maxAge": 1}, "calendarEvents": {"maxAge": 1, "earnings": {"earningsDate": []}}, "upgradeDowngradeHistory": {"history": [], "maxAge": 86400}, "price": {"maxAge": 1, "regularMarketChangePercent": 0.020532137, "regularMarketChange": 12.850037, "regularMarketTime": "2021-04-30 15:49:20", "priceHint": 2, "regularMarketPrice": 638.7, "regularMarketDayHigh": 648.75, "regularMarketDayLow": 620.6, "regularMarketVolume": 64420, "regularMarketPreviousClose": 625.85, "regularMarketSource": "FREE_REALTIME", "regularMarketOpen": 620.6, "exchange": "BSE", "exchangeName": "BSE", "exchangeDataDelayedBy": 0, "marketState": "CLOSED", "quoteType": "EQUITY", "symbol": "UTIAMC.BO", "underlyingSymbol": null, "shortName": "UTI Asset Management Company L", "longName": "UTI Asset Management Company Limited", "currency": "INR", "quoteSourceName": "Delayed Quote", "currencySymbol": "\u20b9", "fromCurrency": null, "lastMarket": null}, "balanceSheetHistory": {"balanceSheetStatements": [{"maxAge": 1, "endDate": "2020-03-31", "cash": 1192520000, "shortTermInvestments": 7900000, "netReceivables": 1002850000, "otherCurrentAssets": 1347760000, "totalCurrentAssets": 27262380000, "propertyPlantEquipment": 3403250000, "intangibleAssets": 125570000, "otherAssets": 757980000, "totalAssets": 31549180000, "accountsPayable": 14220000, "otherCurrentLiab": 256730000, "otherLiab": 1805420000, "minorityInterest": 107870000, "totalCurrentLiabilities": 1101560000, "totalLiab": 3816350000, "commonStock": 1267870000, "retainedEarnings": 26894540000, "treasuryStock": -893580000, "capitalSurplus": 356130000, "otherStockholderEquity": -893580000, "totalStockholderEquity": 27624960000, "netTangibleAssets": 27499390000}, {"maxAge": 1, "endDate": "2019-03-31", "cash": 1241800000, "shortTermInvestments": 3350000, "netReceivables": 1047490000, "otherCurrentAssets": 970540000, "totalCurrentAssets": 26017590000, "propertyPlantEquipment": 3372380000, "intangibleAssets": 36130000, "otherAssets": 706530000, "totalAssets": 30132630000, "accountsPayable": 37770000, "otherCurrentLiab": 256770000, "otherLiab": 1698680000, "deferredLongTermLiab": 3800000, "minorityInterest": 371940000, "totalCurrentLiabilities": 1185920000, "totalLiab": 3716970000, "commonStock": 1267870000, "retainedEarnings": 24856540000, "treasuryStock": -436820000, "capitalSurplus": 356130000, "otherStockholderEquity": -436820000, "totalStockholderEquity": 26043720000, "netTangibleAssets": 26007590000}, {"maxAge": 1, "endDate": "2018-03-31", "cash": 1570720000, "shortTermInvestments": 32480000, "netReceivables": 974420000, "otherCurrentAssets": 498200000, "totalCurrentAssets": 24936080000, "propertyPlantEquipment": 3521140000, "intangibleAssets": 56110000, "otherAssets": 679190000, "totalAssets": 29192520000, "accountsPayable": 111100000, "otherCurrentLiab": 1579840000, "otherLiab": 1307660000, "deferredLongTermLiab": 53320000, "minorityInterest": 701890000, "totalCurrentLiabilities": 2631510000, "totalLiab": 4816300000, "commonStock": 1267870000, "retainedEarnings": 22098080000, "treasuryStock": -47750000, "capitalSurplus": 356130000, "otherStockholderEquity": -47750000, "totalStockholderEquity": 23674330000, "netTangibleAssets": 23618220000}, {"maxAge": 1, "endDate": "2017-03-31", "cash": 1100650000, "shortTermInvestments": 2350000, "netReceivables": 1046690000, "otherCurrentAssets": 499290000, "totalCurrentAssets": 20712310000, "propertyPlantEquipment": 3679010000, "intangibleAssets": 44810000, "otherAssets": 595060000, "totalAssets": 25031190000, "accountsPayable": 28400000, "otherCurrentLiab": 638770000, "otherLiab": 1135080000, "minorityInterest": 1050850000, "totalCurrentLiabilities": 1632730000, "totalLiab": 3720300000, "commonStock": 1267870000, "retainedEarnings": 19032550000, "treasuryStock": -396510000, "capitalSurplus": 356130000, "otherStockholderEquity": -396510000, "totalStockholderEquity": 20260040000, "netTangibleAssets": 20215230000}], "maxAge": 86400}, "financialData": {"maxAge": 86400, "currentPrice": 638.7, "recommendationKey": "none", "grossProfits": 5226140000, "financialCurrency": "INR"}}}