{"UTLINDS.BO": {"cashflowStatementHistory": {"cashflowStatements": [{"maxAge": 1, "endDate": "2020-03-31", "netIncome": 1117371, "depreciation": 100819, "changeToNetincome": -67054, "changeToAccountReceivables": -11683159, "changeToLiabilities": -2180878, "changeToInventory": 17481527, "changeToOperatingActivities": -4569301, "totalCashFromOperatingActivities": 199325, "otherCashflowsFromInvestingActivities": 56975, "totalCashflowsFromInvestingActivities": 56975, "netBorrowings": 76000, "otherCashflowsFromFinancingActivities": -400208, "totalCashFromFinancingActivities": -324208, "changeInCash": -67908}, {"maxAge": 1, "endDate": "2019-03-31", "netIncome": 7931865, "depreciation": 87949, "changeToNetincome": 2358696, "changeToAccountReceivables": -8525361, "changeToLiabilities": 14188527, "changeToInventory": -25931000, "changeToOperatingActivities": 8264735, "totalCashFromOperatingActivities": -1624589, "capitalExpenditures": -193087, "otherCashflowsFromInvestingActivities": 119799, "totalCashflowsFromInvestingActivities": -73288, "netBorrowings": -424000, "otherCashflowsFromFinancingActivities": -44925, "totalCashFromFinancingActivities": -468925, "changeInCash": -2166802}, {"maxAge": 1, "endDate": "2018-03-31", "netIncome": 10688575, "depreciation": 16602, "changeToNetincome": 3951130, "changeToAccountReceivables": -24960680, "changeToLiabilities": 3549851, "changeToInventory": 17640385, "changeToOperatingActivities": -9891960, "totalCashFromOperatingActivities": 993903, "capitalExpenditures": -242516, "otherCashflowsFromInvestingActivities": 119799, "totalCashflowsFromInvestingActivities": -242516, "netBorrowings": 276000, "otherCashflowsFromFinancingActivities": -44925, "totalCashFromFinancingActivities": 276000, "changeInCash": 1027387}, {"maxAge": 1, "endDate": "2017-03-31", "netIncome": 6275010, "depreciation": 20236, "changeToNetincome": 1547000, "changeToAccountReceivables": -11300800, "changeToLiabilities": 12614339, "changeToInventory": -17640385, "changeToOperatingActivities": -6306021, "totalCashFromOperatingActivities": -14790621, "capitalExpenditures": -242516, "otherCashflowsFromInvestingActivities": 119799, "totalCashflowsFromInvestingActivities": -242516, "netBorrowings": -20980711, "otherCashflowsFromFinancingActivities": 7610350, "totalCashFromFinancingActivities": 16329639, "changeInCash": 1539018, "issuanceOfStock": 29700000}], "maxAge": 86400}, "institutionOwnership": {"maxAge": 1, "ownershipList": []}, "balanceSheetHistoryQuarterly": {"balanceSheetStatements": [{"maxAge": 1, "endDate": "2020-06-30", "totalStockholderEquity": 44113000, "netTangibleAssets": 44113000}, {"maxAge": 1, "endDate": "2020-03-31", "cash": 571196, "netReceivables": 56475311, "inventory": 16040417, "otherCurrentAssets": 2570587, "totalCurrentAssets": 75660011, "propertyPlantEquipment": 230885, "totalAssets": 75890896, "accountsPayable": 29215798, "shortLongTermDebt": 257759, "totalCurrentLiabilities": 31778256, "totalLiab": 31778256, "commonStock": 32955000, "retainedEarnings": 9899171, "treasuryStock": 1258469, "otherStockholderEquity": 1258469, "totalStockholderEquity": 44112640, "netTangibleAssets": 44112640}, {"maxAge": 1, "endDate": "2019-12-31", "totalStockholderEquity": 43779000, "netTangibleAssets": 43779000}, {"maxAge": 1, "endDate": "2019-09-30", "cash": 946000, "netReceivables": 48037000, "inventory": 17915000, "otherCurrentAssets": 23000, "totalCurrentAssets": 66921000, "propertyPlantEquipment": 281000, "otherAssets": 1000, "deferredLongTermAssetCharges": 1000, "totalAssets": 67203000, "accountsPayable": 22425000, "shortLongTermDebt": 120000, "otherCurrentLiab": 774000, "totalCurrentLiabilities": 23424000, "totalLiab": 23424000, "commonStock": 32955000, "treasuryStock": 10824000, "otherStockholderEquity": 10824000, "totalStockholderEquity": 43779000, "netTangibleAssets": 43779000}], "maxAge": 86400}, "indexTrend": {"maxAge": 1, "symbol": "SP5", "peRatio": 19.7411, "pegRatio": 1.34172, "estimates": [{"period": "0q", "growth": 0.549}, {"period": "+1q", "growth": 0.431}, {"period": "0y", "growth": 0.305}, {"period": "+1y", "growth": 0.109}, {"period": "+5y", "growth": 0.120859005}, {"period": "-5y"}]}, "insiderTransactions": {"transactions": [{"maxAge": 1, "shares": 5000, "filerUrl": "", "transactionText": "", "filerName": "Shah (Rakesh R)", "filerRelation": "Promoter", "moneyText": "", "startDate": "2018-10-16", "ownership": "D"}], "maxAge": 1}, "quoteType": {"exchange": "BSE", "quoteType": "EQUITY", "symbol": "UTLINDS.BO", "underlyingSymbol": "UTLINDS.BO", "shortName": "UTL INDUSTRIES LIMITED", "longName": "UTL Industries Limited", "firstTradeDateEpochUtc": "1998-12-30 09:15:00", "timeZoneFullName": "Asia/Kolkata", "timeZoneShortName": "IST", "uuid": "713ce965-7e5e-302a-982c-e4a122d908ab", "messageBoardId": null, "gmtOffSetMilliseconds": 19800000, "maxAge": 1}, "incomeStatementHistory": {"incomeStatementHistory": [{"maxAge": 1, "endDate": "2020-03-31", "totalRevenue": 44550000, "costOfRevenue": 38302230, "grossProfit": 6247770, "researchDevelopment": {}, "sellingGeneralAdministrative": 3151420, "nonRecurring": {}, "otherOperatingExpenses": 1538566, "totalOperatingExpenses": 43093035, "operatingIncome": 1456965, "totalOtherIncomeExpenseNet": 88261, "ebit": 1456965, "interestExpense": {}, "incomeBeforeTax": 1545226, "incomeTaxExpense": 427855, "minorityInterest": {}, "netIncomeFromContinuingOps": 1117371, "discontinuedOperations": {}, "extraordinaryItems": {}, "effectOfAccountingCharges": {}, "otherItems": {}, "netIncome": 1117371, "netIncomeApplicableToCommonShares": 1117371}, {"maxAge": 1, "endDate": "2019-03-31", "totalRevenue": 114044542, "costOfRevenue": 97114517, "grossProfit": 16930025, "researchDevelopment": {}, "sellingGeneralAdministrative": 3852046, "nonRecurring": {}, "otherOperatingExpenses": 1785269, "totalOperatingExpenses": 102839781, "operatingIncome": 11204761, "totalOtherIncomeExpenseNet": 74874, "ebit": 11204761, "interestExpense": -43102, "incomeBeforeTax": 11279635, "incomeTaxExpense": 3347770, "minorityInterest": {}, "netIncomeFromContinuingOps": 7931865, "discontinuedOperations": {}, "extraordinaryItems": {}, "effectOfAccountingCharges": {}, "otherItems": {}, "netIncome": 7931865, "netIncomeApplicableToCommonShares": 7931865}, {"maxAge": 1, "endDate": "2018-03-31", "totalRevenue": 131458000, "costOfRevenue": 111741109, "grossProfit": 19716891, "researchDevelopment": {}, "sellingGeneralAdministrative": 2839682, "nonRecurring": {}, "otherOperatingExpenses": 2318520, "totalOperatingExpenses": 116915913, "operatingIncome": 14542087, "totalOtherIncomeExpenseNet": 310972, "ebit": 14542087, "interestExpense": -214027, "incomeBeforeTax": 14853059, "incomeTaxExpense": 4164484, "minorityInterest": {}, "netIncomeFromContinuingOps": 10688575, "discontinuedOperations": {}, "extraordinaryItems": {}, "effectOfAccountingCharges": {}, "otherItems": {}, "netIncome": 10688575, "netIncomeApplicableToCommonShares": 10688575}, {"maxAge": 1, "endDate": "2017-03-31", "totalRevenue": 58700000, "costOfRevenue": 49514664, "grossProfit": 9185336, "researchDevelopment": {}, "sellingGeneralAdministrative": 2497491, "nonRecurring": {}, "otherOperatingExpenses": 9150877, "totalOperatingExpenses": 61183268, "operatingIncome": -2483268, "totalOtherIncomeExpenseNet": 10305278, "ebit": -2483268, "interestExpense": -214027, "incomeBeforeTax": 7822010, "incomeTaxExpense": 1547000, "minorityInterest": {}, "netIncomeFromContinuingOps": 6275010, "discontinuedOperations": {}, "extraordinaryItems": {}, "effectOfAccountingCharges": {}, "otherItems": {}, "netIncome": 6275010, "netIncomeApplicableToCommonShares": 6275010}], "maxAge": 86400}, "fundOwnership": {"maxAge": 1, "ownershipList": []}, "summaryDetail": {"maxAge": 1, "priceHint": 2, "previousClose": 12.09, "open": 12.0, "dayLow": 11.51, "dayHigh": 12.6, "regularMarketPreviousClose": 12.09, "regularMarketOpen": 12.0, "regularMarketDayLow": 11.51, "regularMarketDayHigh": 12.6, "trailingPE": 365.88232, "volume": 1975, "regularMarketVolume": 1975, "averageVolume": 23374, "averageVolume10days": 2558, "averageDailyVolume10Day": 2558, "bid": 12.5, "ask": 12.55, "bidSize": 0, "askSize": 0, "marketCap": 409960192, "fiftyTwoWeekLow": 4.95, "fiftyTwoWeekHigh": 16.45, "fiftyDayAverage": 13.945143, "twoHundredDayAverage": 9.037591, "trailingAnnualDividendRate": 0.05, "trailingAnnualDividendYield": 0.004135649, "currency": "INR", "fromCurrency": null, "toCurrency": null, "lastMarket": null, "algorithm": null, "tradeable": false}, "incomeStatementHistoryQuarterly": {"incomeStatementHistory": [{"maxAge": 1, "endDate": "2020-06-30", "totalRevenue": 1569000, "costOfRevenue": 1308000, "grossProfit": 261000, "researchDevelopment": {}, "sellingGeneralAdministrative": 183000, "nonRecurring": {}, "otherOperatingExpenses": 178000, "totalOperatingExpenses": 1694000, "operatingIncome": -125000, "totalOtherIncomeExpenseNet": 187000, "ebit": -125000, "interestExpense": {}, "incomeBeforeTax": 62000, "incomeTaxExpense": 13000, "minorityInterest": {}, "netIncomeFromContinuingOps": 49000, "discontinuedOperations": {}, "extraordinaryItems": {}, "effectOfAccountingCharges": {}, "otherItems": {}, "netIncome": 49000, "netIncomeApplicableToCommonShares": 49000}, {"maxAge": 1, "endDate": "2020-03-31", "totalRevenue": 18350000, "costOfRevenue": 17281230, "grossProfit": 1068770, "researchDevelopment": {}, "sellingGeneralAdministrative": 623420, "nonRecurring": {}, "otherOperatingExpenses": 432566, "totalOperatingExpenses": 18362035, "operatingIncome": -12035, "totalOtherIncomeExpenseNet": 62261, "ebit": -12035, "interestExpense": {}, "incomeBeforeTax": 50226, "incomeTaxExpense": -145, "minorityInterest": {}, "netIncomeFromContinuingOps": 50371, "discontinuedOperations": {}, "extraordinaryItems": {}, "effectOfAccountingCharges": {}, "otherItems": {}, "netIncome": 50371, "netIncomeApplicableToCommonShares": 50371}, {"maxAge": 1, "endDate": "2019-12-31", "totalRevenue": 5450000, "costOfRevenue": 3871000, "grossProfit": 1579000, "researchDevelopment": {}, "sellingGeneralAdministrative": 852000, "nonRecurring": {}, "otherOperatingExpenses": 322000, "totalOperatingExpenses": 5071000, "operatingIncome": 379000, "totalOtherIncomeExpenseNet": 8000, "ebit": 379000, "interestExpense": {}, "incomeBeforeTax": 387000, "incomeTaxExpense": 104000, "minorityInterest": {}, "netIncomeFromContinuingOps": 283000, "discontinuedOperations": {}, "extraordinaryItems": {}, "effectOfAccountingCharges": {}, "otherItems": {}, "netIncome": 283000, "netIncomeApplicableToCommonShares": 283000}, {"maxAge": 1, "endDate": "2019-09-30", "totalRevenue": 4250000, "costOfRevenue": 2722000, "grossProfit": 1528000, "researchDevelopment": {}, "sellingGeneralAdministrative": 761000, "nonRecurring": {}, "otherOperatingExpenses": 333000, "totalOperatingExpenses": 3841000, "operatingIncome": 409000, "totalOtherIncomeExpenseNet": 10000, "ebit": 409000, "interestExpense": {}, "incomeBeforeTax": 419000, "incomeTaxExpense": 150000, "minorityInterest": {}, "netIncomeFromContinuingOps": 269000, "discontinuedOperations": {}, "extraordinaryItems": {}, "effectOfAccountingCharges": {}, "otherItems": {}, "netIncome": 269000, "netIncomeApplicableToCommonShares": 269000}], "maxAge": 86400}, "cashflowStatementHistoryQuarterly": {"cashflowStatements": [{"maxAge": 1, "endDate": "2020-06-30", "netIncome": 49000, "changeToLiabilities": 0}, {"maxAge": 1, "endDate": "2020-03-31", "netIncome": 50371, "changeToLiabilities": 0}, {"maxAge": 1, "endDate": "2019-12-31", "netIncome": 283000, "changeToLiabilities": 0}, {"maxAge": 1, "endDate": "2019-09-30", "netIncome": 269000, "changeToLiabilities": 0}], "maxAge": 86400}, "insiderHolders": {"holders": [{"maxAge": 1, "name": "Shah (Rakesh R)", "relation": "Promoter", "url": "", "transactionDescription": "Other", "latestTransDate": "2018-10-16", "positionDirect": 25100, "positionDirectDate": "2018-10-16"}], "maxAge": 1}, "calendarEvents": {"maxAge": 1, "earnings": {"earningsDate": ["2020-09-02 05:30:S"]}}, "price": {"maxAge": 1, "regularMarketChangePercent": 0.028949497, "regularMarketChange": 0.34999943, "regularMarketTime": "2021-04-30 15:26:10", "priceHint": 2, "regularMarketPrice": 12.44, "regularMarketDayHigh": 12.6, "regularMarketDayLow": 11.51, "regularMarketVolume": 1975, "averageDailyVolume10Day": 2558, "averageDailyVolume3Month": 23374, "regularMarketPreviousClose": 12.09, "regularMarketSource": "FREE_REALTIME", "regularMarketOpen": 12.0, "exchange": "BSE", "exchangeName": "BSE", "exchangeDataDelayedBy": 0, "marketState": "CLOSED", "quoteType": "EQUITY", "symbol": "UTLINDS.BO", "underlyingSymbol": null, "shortName": "UTL INDUSTRIES LIMITED", "longName": "UTL Industries Limited", "currency": "INR", "quoteSourceName": "Delayed Quote", "currencySymbol": "\u20b9", "fromCurrency": null, "toCurrency": null, "lastMarket": null, "marketCap": 409960192}, "balanceSheetHistory": {"balanceSheetStatements": [{"maxAge": 1, "endDate": "2020-03-31", "cash": 571196, "netReceivables": 56475311, "inventory": 16040417, "otherCurrentAssets": 2570587, "totalCurrentAssets": 75660011, "propertyPlantEquipment": 230885, "totalAssets": 75890896, "accountsPayable": 29215798, "shortLongTermDebt": 257759, "totalCurrentLiabilities": 31778256, "totalLiab": 31778256, "commonStock": 32955000, "retainedEarnings": 9899171, "treasuryStock": 1258469, "otherStockholderEquity": 1258469, "totalStockholderEquity": 44112640, "netTangibleAssets": 44112640}, {"maxAge": 1, "endDate": "2019-03-31", "cash": 639104, "netReceivables": 44786841, "inventory": 25931000, "otherCurrentAssets": 3760713, "totalCurrentAssets": 75120158, "propertyPlantEquipment": 331704, "totalAssets": 75451862, "accountsPayable": 31396676, "shortLongTermDebt": 181759, "otherCurrentLiab": 320287, "otherLiab": 6894, "totalCurrentLiabilities": 32449699, "totalLiab": 32456593, "commonStock": 32955000, "retainedEarnings": 8781800, "treasuryStock": 1258469, "otherStockholderEquity": 1258469, "totalStockholderEquity": 42995269, "netTangibleAssets": 42995269}, {"maxAge": 1, "endDate": "2018-03-31", "cash": 2805906, "netReceivables": 43329816, "otherCurrentAssets": 9991560, "totalCurrentAssets": 56127282, "propertyPlantEquipment": 226566, "totalAssets": 56353848, "accountsPayable": 16328008, "shortLongTermDebt": 605759, "otherCurrentLiab": 715404, "otherLiab": 1130, "totalCurrentLiabilities": 21289314, "totalLiab": 21290444, "commonStock": 32955000, "retainedEarnings": 849935, "treasuryStock": 1258469, "otherStockholderEquity": 1258469, "totalStockholderEquity": 35063404, "netTangibleAssets": 35063404}, {"maxAge": 1, "endDate": "2017-03-31", "cash": 1778519, "netReceivables": 18492842, "inventory": 17640385, "otherCurrentAssets": 782092, "totalCurrentAssets": 38693838, "propertyPlantEquipment": 652, "totalAssets": 38694490, "accountsPayable": 13179431, "shortLongTermDebt": 329759, "totalCurrentLiabilities": 14319661, "totalLiab": 14319661, "commonStock": 32955000, "retainedEarnings": -9838640, "treasuryStock": 1258469, "otherStockholderEquity": 1258469, "totalStockholderEquity": 24374829, "netTangibleAssets": 24374829}], "maxAge": 86400}, "financialData": {"maxAge": 86400, "currentPrice": 12.44, "recommendationKey": "none", "grossProfits": 6247770, "financialCurrency": "INR"}}}