{"UTTAMSTL.BO": {"recommendationTrend": {"trend": [{"period": "0m", "strongBuy": 0, "buy": 0, "hold": 0, "sell": 0, "strongSell": 0}, {"period": "-1m", "strongBuy": 0, "buy": 0, "hold": 0, "sell": 0, "strongSell": 0}, {"period": "-2m", "strongBuy": 0, "buy": 0, "hold": 0, "sell": 0, "strongSell": 0}, {"period": "-3m", "strongBuy": 0, "buy": 0, "hold": 0, "sell": 0, "strongSell": 0}], "maxAge": 86400}, "cashflowStatementHistory": {"cashflowStatements": [{"maxAge": 1, "endDate": "2020-03-31", "netIncome": -14142300000, "depreciation": 2476500000, "changeToNetincome": 4058700000, "changeToAccountReceivables": 7844100000, "changeToLiabilities": 2720400000, "changeToInventory": -6800000, "totalCashFromOperatingActivities": 2951600000, "netBorrowings": 300800000, "otherCashflowsFromFinancingActivities": -3267200000, "totalCashFromFinancingActivities": -2966400000, "changeInCash": -14800000}, {"maxAge": 1, "endDate": "2019-03-31", "netIncome": -21455800000, "depreciation": 2529000000, "changeToNetincome": 9829500000, "changeToAccountReceivables": 8977300000, "changeToLiabilities": 2028300000, "changeToInventory": 93200000, "totalCashFromOperatingActivities": 2002600000, "totalCashflowsFromInvestingActivities": 47100000, "netBorrowings": 6736200000, "otherCashflowsFromFinancingActivities": -8963000000, "totalCashFromFinancingActivities": -2226800000, "changeInCash": -176900000}, {"maxAge": 1, "endDate": "2018-03-31", "netIncome": -8810700000, "depreciation": 2584900000, "changeToNetincome": 6550800000, "changeToAccountReceivables": 12627900000, "changeToLiabilities": -17445700000, "changeToInventory": 6642400000, "totalCashFromOperatingActivities": 2152100000, "capitalExpenditures": -15100000, "investments": -1900000, "otherCashflowsFromInvestingActivities": -100000, "totalCashflowsFromInvestingActivities": 100000, "netBorrowings": -193600000, "otherCashflowsFromFinancingActivities": -2133000000, "totalCashFromFinancingActivities": -2326600000, "changeInCash": -174300000}, {"maxAge": 1, "endDate": "2017-03-31", "netIncome": -4374700000, "depreciation": 2581400000, "changeToNetincome": 4406300000, "changeToAccountReceivables": 1996900000, "changeToLiabilities": -73400000, "changeToInventory": -1148700000, "changeToOperatingActivities": -195600000, "totalCashFromOperatingActivities": 3480000000, "capitalExpenditures": -380600000, "investments": 30500000, "otherCashflowsFromInvestingActivities": -100000, "totalCashflowsFromInvestingActivities": -349800000, "netBorrowings": -233700000, "otherCashflowsFromFinancingActivities": -3276000000, "totalCashFromFinancingActivities": -3509700000, "changeInCash": -379500000}], "maxAge": 86400}, "institutionOwnership": {"maxAge": 1, "ownershipList": []}, "balanceSheetHistoryQuarterly": {"balanceSheetStatements": [{"maxAge": 1, "endDate": "2020-06-30", "totalStockholderEquity": -36013300000, "netTangibleAssets": -36015000000}, {"maxAge": 1, "endDate": "2020-03-31", "cash": 268200000, "netReceivables": 2153500000, "inventory": 3872000000, "otherCurrentAssets": 233400000, "totalCurrentAssets": 6575200000, "longTermInvestments": 44400000, "propertyPlantEquipment": 47933100000, "intangibleAssets": 1700000, "otherAssets": 9289300000, "deferredLongTermAssetCharges": 8535500000, "totalAssets": 63843700000, "accountsPayable": 524300000, "shortLongTermDebt": 9079000000, "otherCurrentLiab": 276200000, "longTermDebt": 67194700000, "otherLiab": 21485900000, "totalCurrentLiabilities": 11176400000, "totalLiab": 99857000000, "commonStock": 1422600000, "retainedEarnings": -47969000000, "treasuryStock": 7441500000, "capitalSurplus": 3091600000, "otherStockholderEquity": 7441500000, "totalStockholderEquity": -36013300000, "netTangibleAssets": -36015000000}, {"maxAge": 1, "endDate": "2019-12-31", "totalStockholderEquity": -28104800000, "netTangibleAssets": -28107000000}, {"maxAge": 1, "endDate": "2019-09-30", "cash": 383200000, "netReceivables": 1289700000, "inventory": 3768100000, "otherCurrentAssets": 1370300000, "totalCurrentAssets": 6811300000, "longTermInvestments": 63700000, "propertyPlantEquipment": 49327200000, "intangibleAssets": 2200000, "otherAssets": 13232300000, "deferredLongTermAssetCharges": 8535500000, "totalAssets": 69436700000, "accountsPayable": 730500000, "shortLongTermDebt": 8591800000, "otherCurrentLiab": 261500000, "longTermDebt": 67124100000, "otherLiab": 20448300000, "totalCurrentLiabilities": 9969100000, "totalLiab": 97541500000, "commonStock": 1422600000, "treasuryStock": -29527400000, "otherStockholderEquity": -29527400000, "totalStockholderEquity": -28104800000, "netTangibleAssets": -28107000000}], "maxAge": 86400}, "earningsHistory": {"history": [{"maxAge": 1, "epsActual": {}, "epsEstimate": {}, "epsDifference": {}, "surprisePercent": {}, "quarter": {}, "period": "-4q"}, {"maxAge": 1, "epsActual": {}, "epsEstimate": {}, "epsDifference": {}, "surprisePercent": {}, "quarter": {}, "period": "-3q"}, {"maxAge": 1, "epsActual": {}, "epsEstimate": {}, "epsDifference": {}, "surprisePercent": {}, "quarter": {}, "period": "-2q"}, {"maxAge": 1, "epsActual": {}, "epsEstimate": {}, "epsDifference": {}, "surprisePercent": {}, "quarter": {}, "period": "-1q"}], "maxAge": 86400}, "indexTrend": {"maxAge": 1, "symbol": "SP5", "peRatio": 19.7411, "pegRatio": 1.34172, "estimates": [{"period": "0q", "growth": 0.549}, {"period": "+1q", "growth": 0.431}, {"period": "0y", "growth": 0.305}, {"period": "+1y", "growth": 0.109}, {"period": "+5y", "growth": 0.120859005}, {"period": "-5y"}]}, "industryTrend": {"maxAge": 1, "symbol": null, "estimates": []}, "insiderTransactions": {"transactions": [{"maxAge": 1, "shares": 207041, "filerUrl": "", "transactionText": "", "filerName": "Miglani (Neelam Rajinder)", "filerRelation": "Promoter", "moneyText": "", "startDate": "2019-04-03", "ownership": "D"}], "maxAge": 1}, "quoteType": {"exchange": "BSE", "quoteType": "EQUITY", "symbol": "UTTAMSTL.BO", "underlyingSymbol": "UTTAMSTL.BO", "shortName": "UTTAM GALVA STEELS LTD.", "longName": "Uttam Galva Steels Limited", "firstTradeDateEpochUtc": "2000-06-23 09:15:00", "timeZoneFullName": "Asia/Kolkata", "timeZoneShortName": "IST", "uuid": "d4922e5f-edb6-33bf-b089-ace2c02fb64b", "messageBoardId": null, "gmtOffSetMilliseconds": 19800000, "maxAge": 1}, "incomeStatementHistory": {"incomeStatementHistory": [{"maxAge": 1, "endDate": "2020-03-31", "totalRevenue": 5211800000, "costOfRevenue": 2078500000, "grossProfit": 3133300000, "researchDevelopment": {}, "sellingGeneralAdministrative": 848900000, "nonRecurring": {}, "otherOperatingExpenses": 2748100000, "totalOperatingExpenses": 8153000000, "operatingIncome": -2941200000, "totalOtherIncomeExpenseNet": -11255800000, "ebit": -2941200000, "interestExpense": -980400000, "incomeBeforeTax": -14197000000, "incomeTaxExpense": -54700000, "minorityInterest": {}, "netIncomeFromContinuingOps": -14142300000, "discontinuedOperations": {}, "extraordinaryItems": {}, "effectOfAccountingCharges": {}, "otherItems": {}, "netIncome": -14142300000, "netIncomeApplicableToCommonShares": -14142300000}, {"maxAge": 1, "endDate": "2019-03-31", "totalRevenue": 7568100000, "costOfRevenue": 5007800000, "grossProfit": 2560300000, "researchDevelopment": {}, "sellingGeneralAdministrative": 896300000, "nonRecurring": {}, "otherOperatingExpenses": 2326800000, "totalOperatingExpenses": 10759900000, "operatingIncome": -3191800000, "totalOtherIncomeExpenseNet": -18264000000, "ebit": -3191800000, "interestExpense": -7987500000, "incomeBeforeTax": -21455800000, "incomeTaxExpense": 0, "minorityInterest": {}, "netIncomeFromContinuingOps": -21455800000, "discontinuedOperations": {}, "extraordinaryItems": {}, "effectOfAccountingCharges": {}, "otherItems": {}, "netIncome": -21455800000, "netIncomeApplicableToCommonShares": -21455800000}, {"maxAge": 1, "endDate": "2018-03-31", "totalRevenue": 34183300000, "costOfRevenue": 30098900000, "grossProfit": 4084400000, "researchDevelopment": {}, "sellingGeneralAdministrative": 1021000000, "nonRecurring": {}, "otherOperatingExpenses": 3436400000, "totalOperatingExpenses": 37141200000, "operatingIncome": -2957900000, "totalOtherIncomeExpenseNet": -5852800000, "ebit": -2957900000, "interestExpense": -6452800000, "incomeBeforeTax": -8810700000, "incomeTaxExpense": 0, "minorityInterest": {}, "netIncomeFromContinuingOps": -8810700000, "discontinuedOperations": {}, "extraordinaryItems": {}, "effectOfAccountingCharges": {}, "otherItems": {}, "netIncome": -8810700000, "netIncomeApplicableToCommonShares": -8810700000}, {"maxAge": 1, "endDate": "2017-03-31", "totalRevenue": 52702600000, "costOfRevenue": 44009300000, "grossProfit": 8693300000, "researchDevelopment": {}, "sellingGeneralAdministrative": 1056700000, "nonRecurring": {}, "otherOperatingExpenses": 5389400000, "totalOperatingExpenses": 53319400000, "operatingIncome": -616800000, "totalOtherIncomeExpenseNet": -5573900000, "ebit": -616800000, "interestExpense": -6346100000, "incomeBeforeTax": -6190700000, "incomeTaxExpense": -1816000000, "minorityInterest": {}, "netIncomeFromContinuingOps": -4374700000, "discontinuedOperations": {}, "extraordinaryItems": {}, "effectOfAccountingCharges": {}, "otherItems": {}, "netIncome": -4374700000, "netIncomeApplicableToCommonShares": -4374700000}], "maxAge": 86400}, "fundOwnership": {"maxAge": 1, "ownershipList": []}, "summaryDetail": {"maxAge": 1, "priceHint": 2, "previousClose": 7.18, "open": 7.06, "dayLow": 7.0, "dayHigh": 7.49, "regularMarketPreviousClose": 7.18, "regularMarketOpen": 7.06, "regularMarketDayLow": 7.0, "regularMarketDayHigh": 7.49, "volume": 163102, "regularMarketVolume": 163102, "averageVolume": 89869, "averageVolume10days": 40065, "averageDailyVolume10Day": 40065, "bid": 7.25, "ask": 7.41, "bidSize": 0, "askSize": 0, "marketCap": 1038498048, "fiftyTwoWeekLow": 3.62, "fiftyTwoWeekHigh": 11.08, "fiftyDayAverage": 8.312, "twoHundredDayAverage": 6.969343, "currency": "INR", "fromCurrency": null, "toCurrency": null, "lastMarket": null, "algorithm": null, "tradeable": false}, "sectorTrend": {"maxAge": 1, "symbol": null, "estimates": []}, "incomeStatementHistoryQuarterly": {"incomeStatementHistory": [{"maxAge": 1, "endDate": "2020-06-30", "totalRevenue": 883000000, "costOfRevenue": 360100000, "grossProfit": 522900000, "researchDevelopment": {}, "sellingGeneralAdministrative": 205700000, "nonRecurring": {}, "otherOperatingExpenses": 491500000, "totalOperatingExpenses": 1639600000, "operatingIncome": -756600000, "totalOtherIncomeExpenseNet": -839500000, "ebit": -756600000, "interestExpense": -240300000, "incomeBeforeTax": -1596100000, "incomeTaxExpense": 0, "minorityInterest": {}, "netIncomeFromContinuingOps": -1596100000, "discontinuedOperations": {}, "extraordinaryItems": {}, "effectOfAccountingCharges": {}, "otherItems": {}, "netIncome": -1596100000, "netIncomeApplicableToCommonShares": -1596100000}, {"maxAge": 1, "endDate": "2020-03-31", "totalRevenue": 1186700000, "costOfRevenue": 760100000, "grossProfit": 426600000, "researchDevelopment": {}, "sellingGeneralAdministrative": 202600000, "nonRecurring": {}, "otherOperatingExpenses": 508600000, "totalOperatingExpenses": 2086800000, "operatingIncome": -900100000, "totalOtherIncomeExpenseNet": -4477400000, "ebit": -900100000, "interestExpense": -240300000, "incomeBeforeTax": -5377500000, "incomeTaxExpense": -54700000, "minorityInterest": {}, "netIncomeFromContinuingOps": -5322800000, "discontinuedOperations": {}, "extraordinaryItems": {}, "effectOfAccountingCharges": {}, "otherItems": {}, "netIncome": -5322800000, "netIncomeApplicableToCommonShares": -5322800000}, {"maxAge": 1, "endDate": "2019-12-31", "totalRevenue": 1500000000, "costOfRevenue": 447200000, "grossProfit": 1052800000, "researchDevelopment": {}, "sellingGeneralAdministrative": 212800000, "nonRecurring": {}, "otherOperatingExpenses": 932600000, "totalOperatingExpenses": 2215000000, "operatingIncome": -715000000, "totalOtherIncomeExpenseNet": -2054500000, "ebit": -715000000, "interestExpense": -232700000, "incomeBeforeTax": -2769500000, "incomeTaxExpense": 0, "minorityInterest": {}, "netIncomeFromContinuingOps": -2769500000, "discontinuedOperations": {}, "extraordinaryItems": {}, "effectOfAccountingCharges": {}, "otherItems": {}, "netIncome": -2769500000, "netIncomeApplicableToCommonShares": -2769500000}, {"maxAge": 1, "endDate": "2019-09-30", "totalRevenue": 1400100000, "costOfRevenue": 624900000, "grossProfit": 775200000, "researchDevelopment": {}, "sellingGeneralAdministrative": 212400000, "nonRecurring": {}, "otherOperatingExpenses": 673500000, "totalOperatingExpenses": 2133900000, "operatingIncome": -733800000, "totalOtherIncomeExpenseNet": -2620700000, "ebit": -733800000, "interestExpense": -243500000, "incomeBeforeTax": -3354500000, "incomeTaxExpense": 0, "minorityInterest": {}, "netIncomeFromContinuingOps": -3354500000, "discontinuedOperations": {}, "extraordinaryItems": {}, "effectOfAccountingCharges": {}, "otherItems": {}, "netIncome": -3354500000, "netIncomeApplicableToCommonShares": -3354500000}], "maxAge": 86400}, "cashflowStatementHistoryQuarterly": {"cashflowStatements": [{"maxAge": 1, "endDate": "2020-06-30", "netIncome": -1596100000, "changeToLiabilities": 0}, {"maxAge": 1, "endDate": "2020-03-31", "netIncome": -5322800000, "changeToLiabilities": 0}, {"maxAge": 1, "endDate": "2019-12-31", "netIncome": -2769500000, "changeToLiabilities": 0}, {"maxAge": 1, "endDate": "2019-09-30", "netIncome": -3354500000, "changeToLiabilities": 0}], "maxAge": 86400}, "insiderHolders": {"holders": [{"maxAge": 1, "name": "Miglani (Neelam Rajinder)", "relation": "Promoter", "url": "", "transactionDescription": "Sale", "latestTransDate": "2019-04-03", "positionDirect": 920460, "positionDirectDate": "2019-04-03"}], "maxAge": 1}, "earnings": {"maxAge": 86400, "earningsChart": {"quarterly": [], "earningsDate": []}, "financialsChart": {"yearly": [{"date": 2017, "revenue": 52702600000, "earnings": -4374700000}, {"date": 2018, "revenue": 34183300000, "earnings": -8810700000}, {"date": 2019, "revenue": 7568100000, "earnings": -21455800000}, {"date": 2020, "revenue": 5211800000, "earnings": -14142300000}], "quarterly": [{"date": "3Q2019", "revenue": 1400100000, "earnings": -3354500000}, {"date": "4Q2019", "revenue": 1500000000, "earnings": -2769500000}, {"date": "1Q2020", "revenue": 1186700000, "earnings": -5322800000}, {"date": "2Q2020", "revenue": 883000000, "earnings": -1596100000}]}, "financialCurrency": "INR"}, "calendarEvents": {"maxAge": 1, "earnings": {"earningsDate": []}}, "price": {"maxAge": 1, "regularMarketChangePercent": 0.016713142, "regularMarketChange": 0.12000036, "regularMarketTime": "2021-04-30 15:21:00", "priceHint": 2, "regularMarketPrice": 7.3, "regularMarketDayHigh": 7.49, "regularMarketDayLow": 7.0, "regularMarketVolume": 163102, "averageDailyVolume10Day": 40065, "averageDailyVolume3Month": 89869, "regularMarketPreviousClose": 7.18, "regularMarketSource": "FREE_REALTIME", "regularMarketOpen": 7.06, "exchange": "BSE", "exchangeName": "BSE", "exchangeDataDelayedBy": 0, "marketState": "CLOSED", "quoteType": "EQUITY", "symbol": "UTTAMSTL.BO", "underlyingSymbol": null, "shortName": "UTTAM GALVA STEELS LTD.", "longName": "Uttam Galva Steels Limited", "currency": "INR", "quoteSourceName": "Delayed Quote", "currencySymbol": "\u20b9", "fromCurrency": null, "toCurrency": null, "lastMarket": null, "marketCap": 1038498048}, "balanceSheetHistory": {"balanceSheetStatements": [{"maxAge": 1, "endDate": "2020-03-31", "cash": 268200000, "netReceivables": 2153500000, "inventory": 3872000000, "otherCurrentAssets": 233400000, "totalCurrentAssets": 6575200000, "longTermInvestments": 44400000, "propertyPlantEquipment": 47933100000, "intangibleAssets": 1700000, "otherAssets": 9289300000, "deferredLongTermAssetCharges": 8535500000, "totalAssets": 63843700000, "accountsPayable": 524300000, "shortLongTermDebt": 9079000000, "otherCurrentLiab": 276200000, "longTermDebt": 67194700000, "otherLiab": 21485900000, "totalCurrentLiabilities": 11176400000, "totalLiab": 99857000000, "commonStock": 1422600000, "retainedEarnings": -47969000000, "treasuryStock": 7441500000, "capitalSurplus": 3091600000, "otherStockholderEquity": 7441500000, "totalStockholderEquity": -36013300000, "netTangibleAssets": -36015000000}, {"maxAge": 1, "endDate": "2019-03-31", "cash": 219400000, "netReceivables": 2769800000, "inventory": 3865300000, "otherCurrentAssets": 530400000, "totalCurrentAssets": 7455500000, "longTermInvestments": 61600000, "propertyPlantEquipment": 50566400000, "intangibleAssets": 2700000, "otherAssets": 16142400000, "deferredLongTermAssetCharges": 8536300000, "totalAssets": 74228600000, "accountsPayable": 568200000, "shortLongTermDebt": 6236100000, "otherCurrentLiab": 267400000, "longTermDebt": 68167900000, "otherLiab": 20126500000, "totalCurrentLiabilities": 7911400000, "totalLiab": 96205800000, "commonStock": 1422600000, "retainedEarnings": -33826700000, "treasuryStock": 7335300000, "capitalSurplus": 3091600000, "otherStockholderEquity": 7335300000, "totalStockholderEquity": -21977200000, "netTangibleAssets": -21979900000}, {"maxAge": 1, "endDate": "2018-03-31", "cash": 459600000, "netReceivables": 3595300000, "inventory": 4119100000, "otherCurrentAssets": 1622900000, "totalCurrentAssets": 9836200000, "longTermInvestments": 57300000, "propertyPlantEquipment": 53473700000, "intangibleAssets": 50200000, "otherAssets": 23085000000, "deferredLongTermAssetCharges": 8554700000, "totalAssets": 86502400000, "accountsPayable": 484300000, "shortLongTermDebt": 24573700000, "otherCurrentLiab": 74200000, "longTermDebt": 3680500000, "otherLiab": 17934600000, "totalCurrentLiabilities": 65596700000, "totalLiab": 87211800000, "commonStock": 1422600000, "retainedEarnings": -12370900000, "treasuryStock": 7147300000, "capitalSurplus": 3091600000, "otherStockholderEquity": 7147300000, "totalStockholderEquity": -709400000, "netTangibleAssets": -759600000}, {"maxAge": 1, "endDate": "2017-03-31", "cash": 536500000, "netReceivables": 17427300000, "inventory": 10761600000, "otherCurrentAssets": 392400000, "totalCurrentAssets": 29201900000, "longTermInvestments": 55300000, "propertyPlantEquipment": 56018800000, "intangibleAssets": 97900000, "otherAssets": 21602900000, "deferredLongTermAssetCharges": 8535500000, "totalAssets": 106976800000, "accountsPayable": 23265800000, "shortLongTermDebt": 9441000000, "otherCurrentLiab": 7207900000, "longTermDebt": 18956900000, "otherLiab": 4317100000, "totalCurrentLiabilities": 75567500000, "totalLiab": 98841500000, "commonStock": 1422600000, "retainedEarnings": -3560200000, "treasuryStock": 7181300000, "capitalSurplus": 3091600000, "otherStockholderEquity": 7181300000, "totalStockholderEquity": 8135300000, "netTangibleAssets": 8037400000}], "maxAge": 86400}, "earningsTrend": {"trend": [{"maxAge": 1, "period": "0q", "endDate": null, "growth": {}, "earningsEstimate": {"avg": 0.0, "low": 0.0, "high": 0.0, "yearAgoEps": {}, "numberOfAnalysts": 0, "growth": {}}, "revenueEstimate": {"avg": 0, "low": 0, "high": 0, "numberOfAnalysts": 0, "yearAgoRevenue": {}, "growth": {}}, "epsTrend": {"current": 0.0, "7daysAgo": 0.0, "30daysAgo": 0.0, "60daysAgo": 0.0, "90daysAgo": 0.0}, "epsRevisions": {"upLast7days": 0, "upLast30days": 0, "downLast30days": 0, "downLast90days": {}}}, {"maxAge": 1, "period": "+1q", "endDate": null, "growth": {}, "earningsEstimate": {"avg": 0.0, "low": 0.0, "high": 0.0, "yearAgoEps": {}, "numberOfAnalysts": 0, "growth": {}}, "revenueEstimate": {"avg": 0, "low": 0, "high": 0, "numberOfAnalysts": 0, "yearAgoRevenue": {}, "growth": {}}, "epsTrend": {"current": 0.0, "7daysAgo": 0.0, "30daysAgo": 0.0, "60daysAgo": 0.0, "90daysAgo": 0.0}, "epsRevisions": {"upLast7days": 0, "upLast30days": 0, "downLast30days": 0, "downLast90days": {}}}, {"maxAge": 1, "period": "0y", "endDate": null, "growth": {}, "earningsEstimate": {"avg": 0.0, "low": 0.0, "high": 0.0, "yearAgoEps": {}, "numberOfAnalysts": 0, "growth": {}}, "revenueEstimate": {"avg": 0, "low": 0, "high": 0, "numberOfAnalysts": 0, "yearAgoRevenue": {}, "growth": {}}, "epsTrend": {"current": 0.0, "7daysAgo": 0.0, "30daysAgo": 0.0, "60daysAgo": 0.0, "90daysAgo": 0.0}, "epsRevisions": {"upLast7days": 0, "upLast30days": 0, "downLast30days": 0, "downLast90days": {}}}, {"maxAge": 1, "period": "+1y", "endDate": null, "growth": {}, "earningsEstimate": {"avg": 0.0, "low": 0.0, "high": 0.0, "yearAgoEps": {}, "numberOfAnalysts": 0, "growth": {}}, "revenueEstimate": {"avg": 0, "low": 0, "high": 0, "numberOfAnalysts": 0, "yearAgoRevenue": {}, "growth": {}}, "epsTrend": {"current": 0.0, "7daysAgo": 0.0, "30daysAgo": 0.0, "60daysAgo": 0.0, "90daysAgo": 0.0}, "epsRevisions": {"upLast7days": 0, "upLast30days": 0, "downLast30days": 0, "downLast90days": {}}}, {"maxAge": 1, "period": "+5y", "endDate": null, "growth": {}, "earningsEstimate": {"avg": {}, "low": {}, "high": {}, "yearAgoEps": {}, "numberOfAnalysts": {}, "growth": {}}, "revenueEstimate": {"avg": {}, "low": {}, "high": {}, "numberOfAnalysts": {}, "yearAgoRevenue": {}, "growth": {}}, "epsTrend": {"current": {}, "7daysAgo": {}, "30daysAgo": {}, "60daysAgo": {}, "90daysAgo": {}}, "epsRevisions": {"upLast7days": {}, "upLast30days": {}, "downLast30days": {}, "downLast90days": {}}}, {"maxAge": 1, "period": "-5y", "endDate": null, "growth": 0.26323, "earningsEstimate": {"avg": {}, "low": {}, "high": {}, "yearAgoEps": {}, "numberOfAnalysts": {}, "growth": {}}, "revenueEstimate": {"avg": {}, "low": {}, "high": {}, "numberOfAnalysts": {}, "yearAgoRevenue": {}, "growth": {}}, "epsTrend": {"current": {}, "7daysAgo": {}, "30daysAgo": {}, "60daysAgo": {}, "90daysAgo": {}}, "epsRevisions": {"upLast7days": {}, "upLast30days": {}, "downLast30days": {}, "downLast90days": {}}}], "maxAge": 1}, "financialData": {"maxAge": 86400, "currentPrice": 7.3, "targetHighPrice": 85.0, "targetLowPrice": 85.0, "targetMeanPrice": 85.0, "targetMedianPrice": 85.0, "recommendationKey": "none", "numberOfAnalystOpinions": 1, "grossProfits": 3133300000, "financialCurrency": "INR"}}}