{"UTTAMSUGAR.NS": {"assetProfile": {"address1": "A-2E, C.M.A. Tower", "address2": "3rd Floor Sector\u00e2\u0080\u009324", "city": "Noida", "zip": "201301", "country": "India", "phone": "91 12 0452 5000", "fax": "91 12 0452 5020", "website": "http://www.uttamsugar.in", "industry": "Confectioners", "sector": "Consumer Defensive", "longBusinessSummary": "Uttam Sugar Mills Limited, together with its subsidiaries, manufactures and sells sugar products under the Uttam brand name in India. It operates through Sugar, Cogeneration, and Distillery segments. The company also produces industrial alcohol; and engages in the power generation business. It serves pharma, food and beverages, bakery, distillery, honey replacement, and tobacco industries. The company was formerly known as Associated Sugar Mills Limited and changed its name to Uttam Sugar Mills Limited in November 1998. Uttam Sugar Mills Limited was incorporated in 1960 and is based in Noida, India.", "fullTimeEmployees": 788, "companyOfficers": [{"maxAge": 1, "name": "Mr. Raj Kumar Adlakha", "age": 64, "title": "Chairman & MD", "yearBorn": 1956, "fiscalYear": 2020, "totalPay": 52501000, "exercisedValue": 0, "unexercisedValue": 0}, {"maxAge": 1, "name": "Mr. Sanjay K. Bhandari", "age": 55, "title": "Chief Financial Officer", "yearBorn": 1965, "exercisedValue": 0, "unexercisedValue": 0}, {"maxAge": 1, "name": "Mr. Shankar Lal Sharma", "age": 47, "title": "Chief Operating Officer", "yearBorn": 1973, "exercisedValue": 0, "unexercisedValue": 0}, {"maxAge": 1, "name": "Mr. Gopalaiyer  Ramarathnam", "age": 78, "title": "Chief of Legal & Corp. Affairs, Compliance Officer and Company Sec.", "yearBorn": 1942, "exercisedValue": 0, "unexercisedValue": 0}, {"maxAge": 1, "name": "Mr. Narpat  Singh", "age": 59, "title": "VP of Barkatpur Unit", "yearBorn": 1961, "exercisedValue": 0, "unexercisedValue": 0}, {"maxAge": 1, "name": "Mr. J. P. Tripathi", "age": 66, "title": "VP of Distillery", "yearBorn": 1954, "exercisedValue": 0, "unexercisedValue": 0}, {"maxAge": 1, "name": "Mr. Anil Kumar Sharma", "age": 62, "title": "VP of Shermau Unit", "yearBorn": 1958, "exercisedValue": 0, "unexercisedValue": 0}, {"maxAge": 1, "name": "Mr. Lokendra  Singh Lamba", "age": 52, "title": "VP of Libberheri Unit", "yearBorn": 1968, "exercisedValue": 0, "unexercisedValue": 0}, {"maxAge": 1, "name": "Mr. Pankaj  Khandelwal", "title": "Assistant Gen. Mang. of Institutional & Bulk Sales", "exercisedValue": 0, "unexercisedValue": 0}, {"maxAge": 1, "name": "Mr. Rajveer  Singh", "title": "Head of Engineering", "exercisedValue": 0, "unexercisedValue": 0}], "compensationAsOfEpochDate": "2020-12-31 05:30:00", "maxAge": 86400}, "cashflowStatementHistory": {"cashflowStatements": [{"maxAge": 1, "endDate": "2020-03-31", "netIncome": 516256000, "depreciation": 292026000, "changeToNetincome": 855219000, "changeToAccountReceivables": 25890000, "changeToLiabilities": -1402772000, "changeToInventory": 584740000, "changeToOperatingActivities": -726396000, "totalCashFromOperatingActivities": 145293000, "capitalExpenditures": -511225000, "otherCashflowsFromInvestingActivities": 2945000, "totalCashflowsFromInvestingActivities": -463755000, "netBorrowings": 884115000, "otherCashflowsFromFinancingActivities": -698627000, "totalCashFromFinancingActivities": 185488000, "changeInCash": -132974000}, {"maxAge": 1, "endDate": "2019-03-31", "netIncome": 581191000, "depreciation": 266322000, "changeToNetincome": 872876000, "changeToAccountReceivables": -37048000, "changeToLiabilities": 2652333000, "changeToInventory": -2680045000, "changeToOperatingActivities": -224520000, "totalCashFromOperatingActivities": 1431109000, "capitalExpenditures": -523870000, "otherCashflowsFromInvestingActivities": 3765000, "totalCashflowsFromInvestingActivities": -455179000, "netBorrowings": -334941000, "otherCashflowsFromFinancingActivities": -669217000, "totalCashFromFinancingActivities": -1004158000, "changeInCash": -28228000}, {"maxAge": 1, "endDate": "2018-03-31", "netIncome": 169965000, "depreciation": 241555000, "changeToNetincome": 751925000, "changeToAccountReceivables": 40780000, "changeToLiabilities": 983840000, "changeToInventory": -1094931000, "changeToOperatingActivities": -585938000, "totalCashFromOperatingActivities": 507196000, "capitalExpenditures": -522251000, "otherCashflowsFromInvestingActivities": 3395000, "totalCashflowsFromInvestingActivities": -500556000, "netBorrowings": 506099000, "otherCashflowsFromFinancingActivities": -718167000, "totalCashFromFinancingActivities": -212068000, "changeInCash": -205428000}, {"maxAge": 1, "endDate": "2017-03-31", "netIncome": 1065805000, "depreciation": 227669000, "changeToNetincome": 836020000, "changeToAccountReceivables": 34644000, "changeToLiabilities": -221201000, "changeToInventory": -2344255000, "changeToOperatingActivities": 447200000, "totalCashFromOperatingActivities": 45882000, "capitalExpenditures": -275576000, "otherCashflowsFromInvestingActivities": 5880000, "totalCashflowsFromInvestingActivities": -248666000, "netBorrowings": 1057772000, "otherCashflowsFromFinancingActivities": -694608000, "totalCashFromFinancingActivities": 363164000, "changeInCash": 160381000}], "maxAge": 86400}, "institutionOwnership": {"ownershipList": [], "maxAge": 1}, "majorHoldersBreakdown": {"maxAge": 1, "insidersPercentHeld": 0.83281, "institutionsPercentHeld": 0.0, "institutionsFloatPercentHeld": 0.0, "institutionsCount": 0}, "balanceSheetHistoryQuarterly": {"balanceSheetStatements": [{"maxAge": 1, "endDate": "2020-12-31", "totalStockholderEquity": 3056700000, "netTangibleAssets": 3048100000}, {"maxAge": 1, "endDate": "2020-09-30", "cash": 162500000, "shortTermInvestments": 1376800000, "netReceivables": 437000000, "inventory": 6349200000, "otherCurrentAssets": 132300000, "totalCurrentAssets": 8457800000, "longTermInvestments": 3800000, "propertyPlantEquipment": 6463800000, "intangibleAssets": 8600000, "otherAssets": 393900000, "deferredLongTermAssetCharges": 224700000, "totalAssets": 15327900000, "accountsPayable": 2826400000, "shortLongTermDebt": 1537400000, "otherCurrentLiab": 525000000, "longTermDebt": 2782300000, "otherLiab": 329300000, "totalCurrentLiabilities": 9159600000, "totalLiab": 12271200000, "commonStock": 381381000, "treasuryStock": 2675319000, "otherStockholderEquity": 2675319000, "totalStockholderEquity": 3056700000, "netTangibleAssets": 3048100000}, {"maxAge": 1, "endDate": "2020-06-30", "totalStockholderEquity": 2851600000, "netTangibleAssets": 2841500000}, {"maxAge": 1, "endDate": "2020-03-31", "cash": 57342000, "netReceivables": 1555452000, "inventory": 9302526000, "otherCurrentAssets": 140766000, "totalCurrentAssets": 11075282000, "propertyPlantEquipment": 6148450000, "intangibleAssets": 860000, "otherAssets": 435065000, "deferredLongTermAssetCharges": 294073000, "totalAssets": 17659657000, "accountsPayable": 5036181000, "shortLongTermDebt": 1210004000, "otherCurrentLiab": 616960000, "longTermDebt": 2835130000, "otherLiab": 314806000, "totalCurrentLiabilities": 11652117000, "totalLiab": 14808025000, "commonStock": 381381000, "retainedEarnings": 944969000, "capitalSurplus": 1525282000, "totalStockholderEquity": 2851632000, "netTangibleAssets": 2850772000}], "maxAge": 86400}, "indexTrend": {"maxAge": 1, "symbol": "SP5", "peRatio": 19.7411, "pegRatio": 1.34172, "estimates": [{"period": "0q", "growth": 0.549}, {"period": "+1q", "growth": 0.431}, {"period": "0y", "growth": 0.305}, {"period": "+1y", "growth": 0.109}, {"period": "+5y", "growth": 0.120865}, {"period": "-5y"}]}, "defaultKeyStatistics": {"maxAge": 1, "priceHint": 2, "enterpriseValue": 11347548160, "profitMargins": 0.036679998, "floatShares": 4901423, "sharesOutstanding": 38138100, "heldPercentInsiders": 0.83281, "heldPercentInstitutions": 0.0, "beta": 0.969849, "category": null, "bookValue": 80.211, "priceToBook": 1.6406728, "fundFamily": null, "legalType": null, "lastFiscalYearEnd": "2020-03-31 05:30:00", "nextFiscalYearEnd": "2022-03-31 05:30:00", "mostRecentQuarter": "2020-12-31 05:30:00", "earningsQuarterlyGrowth": -0.122, "netIncomeToCommon": 668656000, "trailingEps": 17.511, "lastSplitFactor": null, "enterpriseToRevenue": 0.622, "enterpriseToEbitda": 5.257}, "summaryProfile": {"address1": "A-2E, C.M.A. Tower", "address2": "3rd Floor Sector\u00e2\u0080\u009324", "city": "Noida", "zip": "201301", "country": "India", "phone": "91 12 0452 5000", "fax": "91 12 0452 5020", "website": "http://www.uttamsugar.in", "industry": "Confectioners", "sector": "Consumer Defensive", "longBusinessSummary": "Uttam Sugar Mills Limited, together with its subsidiaries, manufactures and sells sugar products under the Uttam brand name in India. It operates through Sugar, Cogeneration, and Distillery segments. The company also produces industrial alcohol; and engages in the power generation business. It serves pharma, food and beverages, bakery, distillery, honey replacement, and tobacco industries. The company was formerly known as Associated Sugar Mills Limited and changed its name to Uttam Sugar Mills Limited in November 1998. Uttam Sugar Mills Limited was incorporated in 1960 and is based in Noida, India.", "fullTimeEmployees": 788, "companyOfficers": [], "maxAge": 86400}, "netSharePurchaseActivity": {"maxAge": 1, "period": "6m", "buyInfoCount": 0, "buyInfoShares": 0, "sellInfoCount": 0, "netInfoCount": 0, "netInfoShares": 0, "netPercentInsiderShares": 0.0, "totalInsiderShares": 31739012}, "insiderTransactions": {"transactions": [{"maxAge": 1, "shares": 30000, "filerUrl": "", "transactionText": "", "filerName": "Agarwal (Sharda)", "filerRelation": "UNREPORTED", "moneyText": "", "startDate": "2017-12-08", "ownership": "D"}, {"maxAge": 1, "shares": 1882000, "filerUrl": "", "transactionText": "", "filerName": "New Castle Finance & Leasing Pvt Ltd", "filerRelation": "Promoter", "moneyText": "", "startDate": "2013-07-04", "ownership": "D"}, {"maxAge": 1, "shares": 1882000, "filerUrl": "", "transactionText": "", "filerName": "Uttam Adlakha & Sons Holdings Pvt Ltd", "filerRelation": "Promoter", "moneyText": "", "startDate": "2013-07-04", "ownership": "D"}, {"maxAge": 1, "shares": 4300000, "filerUrl": "", "transactionText": "", "filerName": "Uttam Sucrotech Ltd", "filerRelation": "Promoter", "moneyText": "", "startDate": "2013-04-11", "ownership": "D"}, {"maxAge": 1, "shares": 4300000, "filerUrl": "", "transactionText": "", "filerName": "Uttam Adlakha & Sons Holdings Pvt Ltd", "filerRelation": "Promoter", "moneyText": "", "startDate": "2013-04-11", "ownership": "D"}, {"maxAge": 1, "shares": 190000, "filerUrl": "", "transactionText": "", "filerName": "Adlakha (Balram)", "filerRelation": "Promoter", "moneyText": "", "startDate": "2013-01-15", "ownership": "D"}, {"maxAge": 1, "shares": 190000, "filerUrl": "", "transactionText": "", "filerName": "Uttam Adlakha & Sons Holdings Pvt Ltd", "filerRelation": "Promoter", "moneyText": "", "startDate": "2013-01-15", "ownership": "D"}, {"maxAge": 1, "shares": 140000, "filerUrl": "", "transactionText": "", "filerName": "Uttam Adlakha & Sons Holdings Pvt Ltd", "filerRelation": "Promoter", "moneyText": "", "startDate": "2013-01-09", "ownership": "D"}, {"maxAge": 1, "shares": 140000, "filerUrl": "", "transactionText": "", "filerName": "R K & Sons HUF", "filerRelation": "Promoter", "moneyText": "", "startDate": "2013-01-09", "ownership": "D"}, {"maxAge": 1, "shares": 379841, "filerUrl": "", "transactionText": "", "filerName": "Uttam Adlakha & Sons Holdings Pvt Ltd", "filerRelation": "Promoter", "moneyText": "", "startDate": "2013-01-07", "ownership": "D"}, {"maxAge": 1, "shares": 379841, "filerUrl": "", "transactionText": "", "filerName": "Lipi Boilers Ltd", "filerRelation": "Promoter", "moneyText": "", "startDate": "2013-01-07", "ownership": "D"}, {"maxAge": 1, "shares": 235000, "filerUrl": "", "transactionText": "", "filerName": "Adlakha (Jai)", "filerRelation": "Promoter", "moneyText": "", "startDate": "2012-12-28", "ownership": "D"}, {"maxAge": 1, "shares": 235000, "filerUrl": "", "transactionText": "", "filerName": "Uttam Adlakha & Sons Holdings Pvt Ltd", "filerRelation": "Promoter", "moneyText": "", "startDate": "2012-12-28", "ownership": "D"}, {"maxAge": 1, "shares": 4742650, "filerUrl": "", "transactionText": "", "filerName": "Uttam Adlakha & Sons Holdings Pvt Ltd", "filerRelation": "Promoter", "moneyText": "", "startDate": "2012-12-26", "ownership": "D"}, {"maxAge": 1, "shares": 4742650, "filerUrl": "", "transactionText": "", "filerName": "Uttam Industrial Engineering Ltd", "filerRelation": "Promoter", "moneyText": "", "startDate": "2012-12-26", "ownership": "D"}, {"maxAge": 1, "shares": 3618083, "filerUrl": "", "transactionText": "", "filerName": "Uttam Adlakha & Sons Holdings Pvt Ltd", "filerRelation": "Promoter", "moneyText": "", "startDate": "2012-10-31", "ownership": "D"}, {"maxAge": 1, "shares": 3631008, "filerUrl": "", "transactionText": "", "filerName": "Uttam Industrial Engineering Ltd", "filerRelation": "Promoter", "moneyText": "", "startDate": "2012-10-31", "ownership": "D"}, {"maxAge": 1, "shares": 72700, "filerUrl": "", "transactionText": "", "filerName": "Adlakha (Jai)", "filerRelation": "Promoter", "moneyText": "", "startDate": "2012-10-31", "ownership": "D"}, {"maxAge": 1, "shares": 682000, "filerUrl": "", "transactionText": "", "filerName": "Lipi Boilers Ltd", "filerRelation": "Promoter", "moneyText": "", "startDate": "2012-10-31", "ownership": "D"}, {"maxAge": 1, "shares": 1140000, "filerUrl": "", "transactionText": "", "filerName": "Uttam Sucrotech Ltd", "filerRelation": "Promoter", "moneyText": "", "startDate": "2012-10-31", "ownership": "D"}, {"maxAge": 1, "shares": 90804, "filerUrl": "", "transactionText": "", "filerName": "R K & Sons HUF", "filerRelation": "Promoter", "moneyText": "", "startDate": "2012-10-31", "ownership": "D"}, {"maxAge": 1, "shares": 42240, "filerUrl": "", "transactionText": "", "filerName": "Shubham Sugars Ltd", "filerRelation": "Promoter", "moneyText": "", "startDate": "2012-10-31", "ownership": "D"}, {"maxAge": 1, "shares": 790401, "filerUrl": "", "transactionText": "", "filerName": "Uttam Industrial Engineering Ltd", "filerRelation": "Promoter", "moneyText": "", "startDate": "2012-07-23", "ownership": "D"}, {"maxAge": 1, "shares": 633610, "filerUrl": "", "transactionText": "", "filerName": "Adlakha (Ranjan)", "filerRelation": "Director (Non-Executive)", "moneyText": "", "startDate": "2009-10-22", "ownership": "D"}], "maxAge": 1}, "quoteType": {"exchange": "NSI", "quoteType": "EQUITY", "symbol": "UTTAMSUGAR.NS", "underlyingSymbol": "UTTAMSUGAR.NS", "shortName": "UTTAM SUGAR MILLS", "longName": "Uttam Sugar Mills Limited", "firstTradeDateEpochUtc": "2006-04-10 09:15:00", "timeZoneFullName": "Asia/Kolkata", "timeZoneShortName": "IST", "uuid": "9bd784c6-2cb2-3843-a188-abb3bd2aebbb", "gmtOffSetMilliseconds": 19800000, "maxAge": 1}, "incomeStatementHistory": {"incomeStatementHistory": [{"maxAge": 1, "endDate": "2020-03-31", "totalRevenue": 16458007000, "costOfRevenue": 12237498000, "grossProfit": 4220509000, "researchDevelopment": {}, "sellingGeneralAdministrative": 745207000, "nonRecurring": {}, "otherOperatingExpenses": 1643592000, "totalOperatingExpenses": 14918653000, "operatingIncome": 1539354000, "totalOtherIncomeExpenseNet": -695134000, "ebit": 1539354000, "interestExpense": -761403000, "incomeBeforeTax": 844220000, "incomeTaxExpense": 327964000, "minorityInterest": {}, "netIncomeFromContinuingOps": 516256000, "discontinuedOperations": {}, "extraordinaryItems": {}, "effectOfAccountingCharges": {}, "otherItems": {}, "netIncome": 516256000, "netIncomeApplicableToCommonShares": 516256000}, {"maxAge": 1, "endDate": "2019-03-31", "totalRevenue": 12283975000, "costOfRevenue": 8709698000, "grossProfit": 3574277000, "researchDevelopment": {}, "sellingGeneralAdministrative": 630050000, "nonRecurring": {}, "otherOperatingExpenses": 1221454000, "totalOperatingExpenses": 10827524000, "operatingIncome": 1456451000, "totalOtherIncomeExpenseNet": -719293000, "ebit": 1456451000, "interestExpense": -779008000, "incomeBeforeTax": 737158000, "incomeTaxExpense": 155967000, "minorityInterest": {}, "netIncomeFromContinuingOps": 581191000, "discontinuedOperations": {}, "extraordinaryItems": {}, "effectOfAccountingCharges": {}, "otherItems": {}, "netIncome": 581191000, "netIncomeApplicableToCommonShares": 581191000}, {"maxAge": 1, "endDate": "2018-03-31", "totalRevenue": 12478861000, "costOfRevenue": 9656956000, "grossProfit": 2821905000, "researchDevelopment": {}, "sellingGeneralAdministrative": 558411000, "nonRecurring": {}, "otherOperatingExpenses": 1051270000, "totalOperatingExpenses": 11508192000, "operatingIncome": 970669000, "totalOtherIncomeExpenseNet": -733101000, "ebit": 970669000, "interestExpense": -773094000, "incomeBeforeTax": 237568000, "incomeTaxExpense": 67603000, "minorityInterest": {}, "netIncomeFromContinuingOps": 169965000, "discontinuedOperations": {}, "extraordinaryItems": {}, "effectOfAccountingCharges": {}, "otherItems": {}, "netIncome": 169965000, "netIncomeApplicableToCommonShares": 169965000}, {"maxAge": 1, "endDate": "2017-03-31", "totalRevenue": 10853780000, "costOfRevenue": 7292960000, "grossProfit": 3560820000, "researchDevelopment": {}, "sellingGeneralAdministrative": 483130000, "nonRecurring": {}, "otherOperatingExpenses": 909789000, "totalOperatingExpenses": 8913548000, "operatingIncome": 1940232000, "totalOtherIncomeExpenseNet": -750226000, "ebit": 1940232000, "interestExpense": -705656000, "incomeBeforeTax": 1190006000, "incomeTaxExpense": 124201000, "minorityInterest": {}, "netIncomeFromContinuingOps": 1065805000, "discontinuedOperations": {}, "extraordinaryItems": {}, "effectOfAccountingCharges": {}, "otherItems": {}, "netIncome": 1065805000, "netIncomeApplicableToCommonShares": 1065805000}], "maxAge": 86400}, "fundOwnership": {"ownershipList": [], "maxAge": 1}, "summaryDetail": {"maxAge": 1, "priceHint": 2, "previousClose": 113.3, "open": 112.15, "dayLow": 109.65, "dayHigh": 135.95, "regularMarketPreviousClose": 113.3, "regularMarketOpen": 112.15, "regularMarketDayLow": 109.65, "regularMarketDayHigh": 135.95, "payoutRatio": 0.0, "beta": 0.969849, "trailingPE": 7.5152764, "volume": 2513040, "regularMarketVolume": 2513040, "averageVolume": 87709, "averageVolume10days": 37421, "averageDailyVolume10Day": 37421, "bid": 0.0, "ask": 0.0, "bidSize": 0, "askSize": 0, "marketCap": 5018974208, "fiftyTwoWeekLow": 52.25, "fiftyTwoWeekHigh": 135.95, "priceToSalesTrailing12Months": 0.27532598, "fiftyDayAverage": 96.47941, "twoHundredDayAverage": 92.92057, "currency": "INR", "fromCurrency": null, "lastMarket": null, "algorithm": null, "tradeable": false}, "incomeStatementHistoryQuarterly": {"incomeStatementHistory": [{"maxAge": 1, "endDate": "2020-12-31", "totalRevenue": 4332600000, "costOfRevenue": 3307100000, "grossProfit": 1025500000, "researchDevelopment": {}, "sellingGeneralAdministrative": 205900000, "nonRecurring": {}, "otherOperatingExpenses": 377700000, "totalOperatingExpenses": 3962900000, "operatingIncome": 369700000, "totalOtherIncomeExpenseNet": -185100000, "ebit": 369700000, "interestExpense": -200200000, "incomeBeforeTax": 184600000, "incomeTaxExpense": 67600000, "minorityInterest": {}, "netIncomeFromContinuingOps": 117000000, "discontinuedOperations": {}, "extraordinaryItems": {}, "effectOfAccountingCharges": {}, "otherItems": {}, "netIncome": 117000000, "netIncomeApplicableToCommonShares": 117000000}, {"maxAge": 1, "endDate": "2020-09-30", "totalRevenue": 4225100000, "costOfRevenue": 3597700000, "grossProfit": 627400000, "researchDevelopment": {}, "sellingGeneralAdministrative": 140700000, "nonRecurring": {}, "otherOperatingExpenses": 330600000, "totalOperatingExpenses": 4140500000, "operatingIncome": 84600000, "totalOtherIncomeExpenseNet": -200700000, "ebit": 84600000, "interestExpense": -217800000, "incomeBeforeTax": -116100000, "incomeTaxExpense": -31500000, "minorityInterest": {}, "netIncomeFromContinuingOps": -84600000, "discontinuedOperations": {}, "extraordinaryItems": {}, "effectOfAccountingCharges": {}, "otherItems": {}, "netIncome": -84600000, "netIncomeApplicableToCommonShares": -84600000}, {"maxAge": 1, "endDate": "2020-06-30", "totalRevenue": 4094600000, "costOfRevenue": 2776600000, "grossProfit": 1318000000, "researchDevelopment": {}, "sellingGeneralAdministrative": 204100000, "nonRecurring": {}, "otherOperatingExpenses": 389000000, "totalOperatingExpenses": 3440500000, "operatingIncome": 654100000, "totalOtherIncomeExpenseNet": -204000000, "ebit": 654100000, "interestExpense": -221000000, "incomeBeforeTax": 450100000, "incomeTaxExpense": 163200000, "minorityInterest": {}, "netIncomeFromContinuingOps": 286900000, "discontinuedOperations": {}, "extraordinaryItems": {}, "effectOfAccountingCharges": {}, "otherItems": {}, "netIncome": 286900000, "netIncomeApplicableToCommonShares": 286900000}, {"maxAge": 1, "endDate": "2020-03-31", "totalRevenue": 5576907000, "costOfRevenue": 3989098000, "grossProfit": 1587809000, "researchDevelopment": {}, "sellingGeneralAdministrative": 282607000, "nonRecurring": {}, "otherOperatingExpenses": 488292000, "totalOperatingExpenses": 4833353000, "operatingIncome": 743554000, "totalOtherIncomeExpenseNet": -164434000, "ebit": 743554000, "interestExpense": -144603000, "incomeBeforeTax": 579120000, "incomeTaxExpense": 229764000, "minorityInterest": {}, "netIncomeFromContinuingOps": 349356000, "discontinuedOperations": {}, "extraordinaryItems": {}, "effectOfAccountingCharges": {}, "otherItems": {}, "netIncome": 349356000, "netIncomeApplicableToCommonShares": 349356000}], "maxAge": 86400}, "cashflowStatementHistoryQuarterly": {"cashflowStatements": [{"maxAge": 1, "endDate": "2020-12-31", "netIncome": 117000000, "changeToLiabilities": 0}, {"maxAge": 1, "endDate": "2020-09-30", "netIncome": -84600000, "changeToLiabilities": 0}, {"maxAge": 1, "endDate": "2020-06-30", "netIncome": 286900000, "changeToLiabilities": 0}, {"maxAge": 1, "endDate": "2020-03-31", "netIncome": 349356000, "changeToLiabilities": 0}], "maxAge": 86400}, "insiderHolders": {"holders": [{"maxAge": 1, "name": "Adlakha (Balram)", "relation": "Promoter", "url": "", "transactionDescription": "Sale", "latestTransDate": "2013-01-15", "positionDirect": 3100, "positionDirectDate": "2013-01-15"}, {"maxAge": 1, "name": "Adlakha (Jai)", "relation": "Promoter", "url": "", "transactionDescription": "Sale", "latestTransDate": "2012-12-28", "positionDirect": 4200, "positionDirectDate": "2012-12-28"}, {"maxAge": 1, "name": "Agarwal (Sharda)", "relation": "UNREPORTED", "url": "", "transactionDescription": "Sale", "latestTransDate": "2017-12-08", "positionDirect": 0, "positionDirectDate": "2017-12-08"}, {"maxAge": 1, "name": "Lipi Boilers Ltd", "relation": "Promoter", "url": "", "transactionDescription": "Sale", "latestTransDate": "2013-01-07", "positionDirect": 3515000, "positionDirectDate": "2013-01-07"}, {"maxAge": 1, "name": "New Castle Finance & Leasing Pvt Ltd", "relation": "Promoter", "url": "", "transactionDescription": "Sale", "latestTransDate": "2013-07-04", "positionDirect": 380650, "positionDirectDate": "2013-07-04"}, {"maxAge": 1, "name": "R K & Sons HUF", "relation": "Promoter", "url": "", "transactionDescription": "Sale", "latestTransDate": "2013-01-09", "positionDirect": 4104, "positionDirectDate": "2013-01-09"}, {"maxAge": 1, "name": "Shubham Sugars Ltd", "relation": "Promoter", "url": "", "transactionDescription": "Acquisition", "latestTransDate": "2012-10-31", "positionDirect": 70240, "positionDirectDate": "2012-10-31"}, {"maxAge": 1, "name": "Uttam Adlakha & Sons Holdings Pvt Ltd", "relation": "Promoter", "url": "", "transactionDescription": "Purchase", "latestTransDate": "2013-07-04", "positionDirect": 16301224, "positionDirectDate": "2013-07-04"}, {"maxAge": 1, "name": "Uttam Industrial Engineering Ltd", "relation": "Promoter", "url": "", "transactionDescription": "Sale", "latestTransDate": "2012-12-26", "positionDirect": 2750000, "positionDirectDate": "2012-12-26"}, {"maxAge": 1, "name": "Uttam Sucrotech Ltd", "relation": "Promoter", "url": "", "transactionDescription": "Sale", "latestTransDate": "2013-04-11", "positionDirect": 314267, "positionDirectDate": "2013-04-11"}], "maxAge": 1}, "calendarEvents": {"maxAge": 1, "earnings": {"earningsDate": []}}, "upgradeDowngradeHistory": {"history": [], "maxAge": 86400}, "price": {"maxAge": 1, "regularMarketChangePercent": 0.16151811, "regularMarketChange": 18.300003, "regularMarketTime": "2021-04-30 15:29:59", "priceHint": 2, "regularMarketPrice": 131.6, "regularMarketDayHigh": 135.95, "regularMarketDayLow": 109.65, "regularMarketVolume": 2513040, "averageDailyVolume10Day": 37421, "averageDailyVolume3Month": 87709, "regularMarketPreviousClose": 113.3, "regularMarketSource": "FREE_REALTIME", "regularMarketOpen": 112.15, "exchange": "NSI", "exchangeName": "NSE", "exchangeDataDelayedBy": 15, "marketState": "CLOSED", "quoteType": "EQUITY", "symbol": "UTTAMSUGAR.NS", "underlyingSymbol": null, "shortName": "UTTAM SUGAR MILLS", "longName": "Uttam Sugar Mills Limited", "currency": "INR", "quoteSourceName": "Delayed Quote", "currencySymbol": "\u20b9", "fromCurrency": null, "lastMarket": null, "marketCap": 5018974208}, "balanceSheetHistory": {"balanceSheetStatements": [{"maxAge": 1, "endDate": "2020-03-31", "cash": 57342000, "netReceivables": 1555452000, "inventory": 9302526000, "otherCurrentAssets": 140766000, "totalCurrentAssets": 11075282000, "propertyPlantEquipment": 6148450000, "intangibleAssets": 860000, "otherAssets": 435065000, "deferredLongTermAssetCharges": 294073000, "totalAssets": 17659657000, "accountsPayable": 5036181000, "shortLongTermDebt": 1210004000, "otherCurrentLiab": 616960000, "longTermDebt": 2835130000, "otherLiab": 314806000, "totalCurrentLiabilities": 11652117000, "totalLiab": 14808025000, "commonStock": 381381000, "retainedEarnings": 944969000, "capitalSurplus": 1525282000, "totalStockholderEquity": 2851632000, "netTangibleAssets": 2850772000}, {"maxAge": 1, "endDate": "2019-03-31", "cash": 104457000, "shortTermInvestments": 208600000, "netReceivables": 731029000, "inventory": 9887266000, "otherCurrentAssets": 144222000, "totalCurrentAssets": 10881437000, "longTermInvestments": 4700000, "propertyPlantEquipment": 5931010000, "intangibleAssets": 1008000, "otherAssets": 582945000, "deferredLongTermAssetCharges": 449016000, "totalAssets": 17396400000, "accountsPayable": 6438953000, "shortLongTermDebt": 1208345000, "otherCurrentLiab": 465259000, "longTermDebt": 3240386000, "otherLiab": 265820000, "totalCurrentLiabilities": 11548200000, "totalLiab": 15054406000, "commonStock": 381381000, "retainedEarnings": 435331000, "treasuryStock": 1960619000, "capitalSurplus": 1525282000, "otherStockholderEquity": 1960619000, "totalStockholderEquity": 2341994000, "netTangibleAssets": 2340986000}, {"maxAge": 1, "endDate": "2018-03-31", "cash": 191734000, "netReceivables": 531533000, "inventory": 7207221000, "otherCurrentAssets": 98426000, "totalCurrentAssets": 8041907000, "propertyPlantEquipment": 5809056000, "intangibleAssets": 1205000, "otherAssets": 527492000, "deferredLongTermAssetCharges": 404982000, "totalAssets": 14379660000, "accountsPayable": 3786620000, "shortLongTermDebt": 933200000, "otherCurrentLiab": 242667000, "longTermDebt": 3002209000, "otherLiab": 124757000, "totalCurrentLiabilities": 9493023000, "totalLiab": 12619989000, "commonStock": 381381000, "retainedEarnings": -146992000, "capitalSurplus": 1525282000, "totalStockholderEquity": 1759671000, "netTangibleAssets": 1758466000}, {"maxAge": 1, "endDate": "2017-03-31", "cash": 331682000, "netReceivables": 556895000, "inventory": 6112290000, "otherCurrentAssets": 154031000, "totalCurrentAssets": 7165741000, "propertyPlantEquipment": 5484720000, "intangibleAssets": 1100000, "otherAssets": 562042000, "deferredLongTermAssetCharges": 468775000, "totalAssets": 13213603000, "accountsPayable": 2802780000, "shortLongTermDebt": 891240000, "otherCurrentLiab": 350313000, "longTermDebt": 3799645000, "otherLiab": 164552000, "totalCurrentLiabilities": 7662288000, "totalLiab": 11626485000, "commonStock": 381381000, "retainedEarnings": -319545000, "capitalSurplus": 1525282000, "totalStockholderEquity": 1587118000, "netTangibleAssets": 1586018000}], "maxAge": 86400}, "financialData": {"maxAge": 86400, "currentPrice": 131.6, "recommendationKey": "none", "totalCash": 1539299968, "totalCashPerShare": 40.39, "ebitda": 2158461184, "totalDebt": 8568900096, "totalRevenue": 18229207040, "debtToEquity": 280.332, "revenuePerShare": 477.574, "grossProfits": 4220509000, "earningsGrowth": -0.12, "revenueGrowth": 0.015, "grossMargins": 0.25008, "ebitdaMargins": 0.11841, "operatingMargins": 0.10159001, "profitMargins": 0.036679998, "financialCurrency": "INR"}}}