{"V2RETAIL.BO": {"recommendationTrend": {"trend": [{"period": "0m", "strongBuy": 0, "buy": 0, "hold": 0, "sell": 0, "strongSell": 0}, {"period": "-1m", "strongBuy": 0, "buy": 0, "hold": 0, "sell": 0, "strongSell": 0}, {"period": "-2m", "strongBuy": 0, "buy": 0, "hold": 0, "sell": 0, "strongSell": 0}, {"period": "-3m", "strongBuy": 0, "buy": 0, "hold": 0, "sell": 0, "strongSell": 0}], "maxAge": 86400}, "cashflowStatementHistory": {"cashflowStatements": [{"maxAge": 1, "endDate": "2020-03-31", "netIncome": 87817000, "depreciation": 501672000, "changeToNetincome": 151549000, "changeToAccountReceivables": -69000, "changeToLiabilities": -305455000, "changeToInventory": 558954000, "changeToOperatingActivities": -267731000, "totalCashFromOperatingActivities": 740987000, "capitalExpenditures": -109596000, "otherCashflowsFromInvestingActivities": 6158000, "totalCashflowsFromInvestingActivities": 65412000, "netBorrowings": -260450000, "otherCashflowsFromFinancingActivities": -24189000, "totalCashFromFinancingActivities": -284329000, "changeInCash": 522070000, "issuanceOfStock": 310000}, {"maxAge": 1, "endDate": "2019-03-31", "netIncome": 204929000, "depreciation": 139661000, "changeToNetincome": -44829000, "changeToAccountReceivables": -69000, "changeToLiabilities": 390654000, "changeToInventory": -1108883000, "changeToOperatingActivities": -67097000, "totalCashFromOperatingActivities": -480994000, "capitalExpenditures": -511722000, "investments": 906366000, "otherCashflowsFromInvestingActivities": 10368000, "totalCashflowsFromInvestingActivities": 408319000, "netBorrowings": 14500000, "otherCashflowsFromFinancingActivities": 91825000, "totalCashFromFinancingActivities": 107838000, "changeInCash": 35163000, "issuanceOfStock": 1513000}, {"maxAge": 1, "endDate": "2018-03-31", "netIncome": 310820000, "depreciation": 82103000, "changeToNetincome": 156224000, "changeToAccountReceivables": -69000, "changeToLiabilities": 351712000, "changeToInventory": -455754000, "changeToOperatingActivities": -174352000, "totalCashFromOperatingActivities": 272714000, "capitalExpenditures": -226478000, "investments": -880500000, "otherCashflowsFromInvestingActivities": 11413000, "totalCashflowsFromInvestingActivities": -1096182000, "netBorrowings": 14500000, "otherCashflowsFromFinancingActivities": -24499000, "totalCashFromFinancingActivities": 809001000, "changeInCash": -14466000, "issuanceOfStock": 833500000}, {"maxAge": 1, "endDate": "2017-03-31", "netIncome": 390316000, "depreciation": 59472000, "changeToNetincome": -32995000, "changeToAccountReceivables": 1846000, "changeToLiabilities": 247696000, "changeToInventory": -57388000, "changeToOperatingActivities": -618226000, "totalCashFromOperatingActivities": -7303000, "capitalExpenditures": -296731000, "investments": -880500000, "otherCashflowsFromInvestingActivities": 2107000, "totalCashflowsFromInvestingActivities": -122982000, "netBorrowings": -192410000, "otherCashflowsFromFinancingActivities": -108015000, "totalCashFromFinancingActivities": 162075000, "changeInCash": 31790000, "issuanceOfStock": 462500000}], "maxAge": 86400}, "institutionOwnership": {"maxAge": 1, "ownershipList": []}, "balanceSheetHistoryQuarterly": {"balanceSheetStatements": [{"maxAge": 1, "endDate": "2020-06-30", "totalStockholderEquity": 2791740000, "netTangibleAssets": 2738148000}, {"maxAge": 1, "endDate": "2020-03-31", "cash": 604922000, "shortTermInvestments": 59828000, "netReceivables": 69000, "inventory": 2151835000, "otherCurrentAssets": 256264000, "totalCurrentAssets": 3078541000, "longTermInvestments": 121621000, "propertyPlantEquipment": 3375487000, "intangibleAssets": 53592000, "otherAssets": 575993000, "deferredLongTermAssetCharges": 216468000, "totalAssets": 7205234000, "accountsPayable": 1088407000, "shortLongTermDebt": 5867000, "otherCurrentLiab": 7403000, "longTermDebt": 49375000, "otherLiab": 25098000, "totalCurrentLiabilities": 1631391000, "totalLiab": 4413494000, "commonStock": 341050000, "retainedEarnings": -6625089000, "treasuryStock": 6118370000, "capitalSurplus": 2957409000, "otherStockholderEquity": 6118370000, "totalStockholderEquity": 2791740000, "netTangibleAssets": 2738148000}, {"maxAge": 1, "endDate": "2019-12-31", "totalStockholderEquity": 2711688000, "netTangibleAssets": 2654069000}, {"maxAge": 1, "endDate": "2019-09-30", "cash": 72723000, "shortTermInvestments": 10019000, "inventory": 2609841000, "otherCurrentAssets": 480915000, "totalCurrentAssets": 3173498000, "longTermInvestments": 16236000, "propertyPlantEquipment": 3566799000, "intangibleAssets": 57619000, "otherAssets": 490504000, "deferredLongTermAssetCharges": 243651000, "totalAssets": 7304656000, "accountsPayable": 975196000, "otherCurrentLiab": 196172000, "longTermDebt": 7732000, "otherLiab": 20199000, "totalCurrentLiabilities": 1781853000, "totalLiab": 4592968000, "commonStock": 340740000, "treasuryStock": 2370948000, "otherStockholderEquity": 2370948000, "totalStockholderEquity": 2711688000, "netTangibleAssets": 2654069000}], "maxAge": 86400}, "earningsHistory": {"history": [{"maxAge": 1, "epsActual": {}, "epsEstimate": {}, "epsDifference": {}, "surprisePercent": {}, "quarter": {}, "period": "-4q"}, {"maxAge": 1, "epsActual": 1.56, "epsEstimate": 2.61, "epsDifference": -1.05, "surprisePercent": -0.402, "quarter": "2017-09-30", "period": "-3q"}, {"maxAge": 1, "epsActual": 3.26, "epsEstimate": 4.8, "epsDifference": -1.54, "surprisePercent": -0.32099998, "quarter": "2018-06-30", "period": "-2q"}, {"maxAge": 1, "epsActual": 1.99, "epsEstimate": 1.97, "epsDifference": 0.02, "surprisePercent": 0.01, "quarter": "2018-09-30", "period": "-1q"}], "maxAge": 86400}, "indexTrend": {"maxAge": 1, "symbol": "SP5", "peRatio": 19.7411, "pegRatio": 1.34172, "estimates": [{"period": "0q", "growth": 0.549}, {"period": "+1q", "growth": 0.431}, {"period": "0y", "growth": 0.305}, {"period": "+1y", "growth": 0.109}, {"period": "+5y", "growth": 0.120865}, {"period": "-5y"}]}, "industryTrend": {"maxAge": 1, "symbol": null, "estimates": []}, "insiderTransactions": {"transactions": [{"maxAge": 1, "shares": 47550, "filerUrl": "", "transactionText": "", "filerName": "V2 Conglomerate Limited", "filerRelation": "Promoter", "moneyText": "", "startDate": "2020-03-09", "ownership": "D"}, {"maxAge": 1, "shares": 55425, "filerUrl": "", "transactionText": "", "filerName": "V2 Conglomerate Limited", "filerRelation": "Promoter", "moneyText": "", "startDate": "2020-03-06", "ownership": "D"}, {"maxAge": 1, "shares": 115746, "filerUrl": "", "transactionText": "", "filerName": "V2 Conglomerate Limited", "filerRelation": "Promoter", "moneyText": "", "startDate": "2020-03-05", "ownership": "D"}, {"maxAge": 1, "shares": 43533, "filerUrl": "", "transactionText": "", "filerName": "V2 Conglomerate Limited", "filerRelation": "Promoter", "moneyText": "", "startDate": "2020-03-03", "ownership": "D"}, {"maxAge": 1, "shares": 52171, "filerUrl": "", "transactionText": "", "filerName": "V2 Conglomerate Limited", "filerRelation": "Promoter", "moneyText": "", "startDate": "2020-02-28", "ownership": "D"}, {"maxAge": 1, "shares": 25150, "filerUrl": "", "transactionText": "", "filerName": "V2 Conglomerate Limited", "filerRelation": "Promoter", "moneyText": "", "startDate": "2020-02-18", "ownership": "D"}, {"maxAge": 1, "shares": 100810, "filerUrl": "", "transactionText": "", "filerName": "V2 Conglomerate Limited", "filerRelation": "Promoter", "moneyText": "", "startDate": "2020-02-11", "ownership": "D"}, {"maxAge": 1, "shares": 116000, "filerUrl": "", "transactionText": "", "filerName": "V2 Conglomerate Limited", "filerRelation": "Institution- Corporation", "moneyText": "", "startDate": "2019-11-18", "ownership": "D"}, {"maxAge": 1, "shares": 1098, "filerUrl": "", "transactionText": "", "filerName": "V2 Conglomerate Limited", "filerRelation": "Institution- Corporation", "moneyText": "", "startDate": "2019-11-14", "ownership": "D"}, {"maxAge": 1, "shares": 14302, "filerUrl": "", "transactionText": "", "filerName": "V2 Conglomerate Limited", "filerRelation": "Institution- Corporation", "moneyText": "", "startDate": "2019-11-14", "ownership": "D"}, {"maxAge": 1, "shares": 4286, "filerUrl": "", "transactionText": "", "filerName": "V2 Conglomerate Limited", "filerRelation": "Institution- Corporation", "moneyText": "", "startDate": "2019-11-13", "ownership": "D"}, {"maxAge": 1, "shares": 10598, "filerUrl": "", "transactionText": "", "filerName": "V2 Conglomerate Limited", "filerRelation": "Institution- Corporation", "moneyText": "", "startDate": "2019-11-13", "ownership": "D"}, {"maxAge": 1, "shares": 18814, "filerUrl": "", "transactionText": "", "filerName": "V2 Conglomerate Limited", "filerRelation": "Institution- Corporation", "moneyText": "", "startDate": "2019-11-11", "ownership": "D"}, {"maxAge": 1, "shares": 2513, "filerUrl": "", "transactionText": "", "filerName": "V2 Conglomerate Limited", "filerRelation": "Institution- Corporation", "moneyText": "", "startDate": "2019-11-11", "ownership": "D"}, {"maxAge": 1, "shares": 7358, "filerUrl": "", "transactionText": "", "filerName": "V2 Conglomerate Limited", "filerRelation": "Institution- Corporation", "moneyText": "", "startDate": "2019-11-08", "ownership": "D"}, {"maxAge": 1, "shares": 3811, "filerUrl": "", "transactionText": "", "filerName": "V2 Conglomerate Limited", "filerRelation": "Institution- Corporation", "moneyText": "", "startDate": "2019-11-07", "ownership": "D"}, {"maxAge": 1, "shares": 18443, "filerUrl": "", "transactionText": "", "filerName": "V2 Conglomerate Limited", "filerRelation": "Institution- Corporation", "moneyText": "", "startDate": "2019-11-07", "ownership": "D"}, {"maxAge": 1, "shares": 230000, "filerUrl": "", "transactionText": "", "filerName": "Ricon Commodities Pvt Ltd", "filerRelation": "Promoter", "moneyText": "", "startDate": "2019-10-31", "ownership": "D"}, {"maxAge": 1, "shares": 80000, "filerUrl": "", "transactionText": "", "filerName": "Ricon Commodities Pvt Ltd", "filerRelation": "Promoter", "moneyText": "", "startDate": "2019-10-31", "ownership": "D"}, {"maxAge": 1, "shares": 2488750, "filerUrl": "", "transactionText": "", "filerName": "Agarwal (Akash)", "filerRelation": "Promoter", "moneyText": "", "startDate": "2018-10-23", "ownership": "D"}, {"maxAge": 1, "shares": 2488750, "filerUrl": "", "transactionText": "", "filerName": "Agarwal (Ram Chandra)", "filerRelation": "Executive Chairman", "moneyText": "", "startDate": "2018-10-23", "ownership": "D"}], "maxAge": 1}, "quoteType": {"exchange": "BSE", "quoteType": "EQUITY", "symbol": "V2RETAIL.BO", "underlyingSymbol": "V2RETAIL.BO", "shortName": "V2 RETAIL LTD.", "longName": "V2 Retail Limited", "firstTradeDateEpochUtc": "2007-07-04 09:15:00", "timeZoneFullName": "Asia/Kolkata", "timeZoneShortName": "IST", "uuid": "48bdc147-afab-3766-b6d3-255f6d052ca1", "messageBoardId": null, "gmtOffSetMilliseconds": 19800000, "maxAge": 1}, "incomeStatementHistory": {"incomeStatementHistory": [{"maxAge": 1, "endDate": "2020-03-31", "totalRevenue": 7012262000, "costOfRevenue": 5083067000, "grossProfit": 1929195000, "researchDevelopment": {}, "sellingGeneralAdministrative": 674532000, "nonRecurring": {}, "otherOperatingExpenses": 505873000, "totalOperatingExpenses": 6773243000, "operatingIncome": 239019000, "totalOtherIncomeExpenseNet": -152309000, "ebit": 239019000, "interestExpense": -296361000, "incomeBeforeTax": 86710000, "incomeTaxExpense": -1107000, "minorityInterest": {}, "netIncomeFromContinuingOps": 87817000, "discontinuedOperations": {}, "extraordinaryItems": {}, "effectOfAccountingCharges": {}, "otherItems": {}, "netIncome": 87817000, "netIncomeApplicableToCommonShares": 87817000}, {"maxAge": 1, "endDate": "2019-03-31", "totalRevenue": 7484194000, "costOfRevenue": 5091629000, "grossProfit": 2392565000, "researchDevelopment": {}, "sellingGeneralAdministrative": 1329068000, "nonRecurring": {}, "otherOperatingExpenses": 596661000, "totalOperatingExpenses": 7159811000, "operatingIncome": 324383000, "totalOtherIncomeExpenseNet": -173880000, "ebit": 324383000, "interestExpense": -6599000, "incomeBeforeTax": 150503000, "incomeTaxExpense": -54426000, "minorityInterest": {}, "netIncomeFromContinuingOps": 204929000, "discontinuedOperations": {}, "extraordinaryItems": {}, "effectOfAccountingCharges": {}, "otherItems": {}, "netIncome": 204929000, "netIncomeApplicableToCommonShares": 204929000}, {"maxAge": 1, "endDate": "2018-03-31", "totalRevenue": 5594036000, "costOfRevenue": 3815593000, "grossProfit": 1778443000, "researchDevelopment": {}, "sellingGeneralAdministrative": 864957000, "nonRecurring": {}, "otherOperatingExpenses": 396593000, "totalOperatingExpenses": 5160763000, "operatingIncome": 433273000, "totalOtherIncomeExpenseNet": 26806000, "ebit": 433273000, "interestExpense": -5749000, "incomeBeforeTax": 460079000, "incomeTaxExpense": 149259000, "minorityInterest": {}, "netIncomeFromContinuingOps": 310820000, "discontinuedOperations": {}, "extraordinaryItems": {}, "effectOfAccountingCharges": {}, "otherItems": {}, "netIncome": 310820000, "netIncomeApplicableToCommonShares": 310820000}, {"maxAge": 1, "endDate": "2017-03-31", "totalRevenue": 4720492000, "costOfRevenue": 3349342000, "grossProfit": 1371150000, "researchDevelopment": {}, "sellingGeneralAdministrative": 640781000, "nonRecurring": {}, "otherOperatingExpenses": 302737000, "totalOperatingExpenses": 4353861000, "operatingIncome": 366631000, "totalOtherIncomeExpenseNet": 150088000, "ebit": 366631000, "interestExpense": -86139000, "incomeBeforeTax": 516719000, "incomeTaxExpense": 126403000, "minorityInterest": {}, "netIncomeFromContinuingOps": 390316000, "discontinuedOperations": {}, "extraordinaryItems": {}, "effectOfAccountingCharges": {}, "otherItems": {}, "netIncome": 390316000, "netIncomeApplicableToCommonShares": 390316000}], "maxAge": 86400}, "fundOwnership": {"maxAge": 1, "ownershipList": []}, "summaryDetail": {"maxAge": 1, "priceHint": 2, "previousClose": 110.95, "open": 109.55, "dayLow": 106.0, "dayHigh": 109.55, "regularMarketPreviousClose": 110.95, "regularMarketOpen": 109.55, "regularMarketDayLow": 106.0, "regularMarketDayHigh": 109.55, "forwardPE": 6.983553, "volume": 2591, "regularMarketVolume": 2591, "averageVolume": 44647, "averageVolume10days": 38159, "averageDailyVolume10Day": 38159, "bid": 107.05, "ask": 111.0, "bidSize": 0, "askSize": 0, "marketCap": 3620245760, "fiftyTwoWeekLow": 31.5, "fiftyTwoWeekHigh": 153.8, "fiftyDayAverage": 116.80147, "twoHundredDayAverage": 74.79706, "currency": "INR", "fromCurrency": null, "toCurrency": null, "lastMarket": null, "algorithm": null, "tradeable": false}, "sectorTrend": {"maxAge": 1, "symbol": null, "estimates": []}, "incomeStatementHistoryQuarterly": {"incomeStatementHistory": [{"maxAge": 1, "endDate": "2020-06-30", "totalRevenue": 369763000, "costOfRevenue": 257258000, "grossProfit": 112505000, "researchDevelopment": {}, "sellingGeneralAdministrative": 62416000, "nonRecurring": {}, "otherOperatingExpenses": 53383000, "totalOperatingExpenses": 498258000, "operatingIncome": -128495000, "totalOtherIncomeExpenseNet": 6028000, "ebit": -128495000, "interestExpense": -71263000, "incomeBeforeTax": -122467000, "incomeTaxExpense": -29374000, "minorityInterest": {}, "netIncomeFromContinuingOps": -93093000, "discontinuedOperations": {}, "extraordinaryItems": {}, "effectOfAccountingCharges": {}, "otherItems": {}, "netIncome": -93093000, "netIncomeApplicableToCommonShares": -93093000}, {"maxAge": 1, "endDate": "2020-03-31", "totalRevenue": 1291649000, "costOfRevenue": 1026749000, "grossProfit": 264900000, "researchDevelopment": {}, "sellingGeneralAdministrative": 190990000, "nonRecurring": {}, "otherOperatingExpenses": 45103000, "totalOperatingExpenses": 1387250000, "operatingIncome": -95601000, "totalOtherIncomeExpenseNet": -65175000, "ebit": -95601000, "interestExpense": -66695000, "incomeBeforeTax": -160776000, "incomeTaxExpense": -39931000, "minorityInterest": {}, "netIncomeFromContinuingOps": -120845000, "discontinuedOperations": {}, "extraordinaryItems": {}, "effectOfAccountingCharges": {}, "otherItems": {}, "netIncome": -120845000, "netIncomeApplicableToCommonShares": -120845000}, {"maxAge": 1, "endDate": "2019-12-31", "totalRevenue": 2190318000, "costOfRevenue": 1534541000, "grossProfit": 655777000, "researchDevelopment": {}, "sellingGeneralAdministrative": 172073000, "nonRecurring": {}, "otherOperatingExpenses": 156115000, "totalOperatingExpenses": 1987703000, "operatingIncome": 202615000, "totalOtherIncomeExpenseNet": 64419000, "ebit": 202615000, "interestExpense": -74877000, "incomeBeforeTax": 267034000, "incomeTaxExpense": 68364000, "minorityInterest": {}, "netIncomeFromContinuingOps": 198670000, "discontinuedOperations": {}, "extraordinaryItems": {}, "effectOfAccountingCharges": {}, "otherItems": {}, "netIncome": 198670000, "netIncomeApplicableToCommonShares": 198670000}, {"maxAge": 1, "endDate": "2019-09-30", "totalRevenue": 1506808000, "costOfRevenue": 1089192000, "grossProfit": 417616000, "researchDevelopment": {}, "sellingGeneralAdministrative": 155515000, "nonRecurring": {}, "otherOperatingExpenses": 145611000, "totalOperatingExpenses": 1524308000, "operatingIncome": -17500000, "totalOtherIncomeExpenseNet": -79294000, "ebit": -17500000, "interestExpense": -81006000, "incomeBeforeTax": -96794000, "incomeTaxExpense": 7667000, "minorityInterest": {}, "netIncomeFromContinuingOps": -104461000, "discontinuedOperations": {}, "extraordinaryItems": {}, "effectOfAccountingCharges": {}, "otherItems": {}, "netIncome": -104461000, "netIncomeApplicableToCommonShares": -104461000}], "maxAge": 86400}, "cashflowStatementHistoryQuarterly": {"cashflowStatements": [{"maxAge": 1, "endDate": "2020-06-30", "netIncome": -93093000, "changeToLiabilities": 0}, {"maxAge": 1, "endDate": "2020-03-31", "netIncome": -120845000, "changeToLiabilities": 0}, {"maxAge": 1, "endDate": "2019-12-31", "netIncome": 198670000, "changeToLiabilities": 0}, {"maxAge": 1, "endDate": "2019-09-30", "netIncome": -104461000, "changeToLiabilities": 0}], "maxAge": 86400}, "insiderHolders": {"holders": [{"maxAge": 1, "name": "Agarwal (Akash)", "relation": "Promoter", "url": "", "transactionDescription": "Gift", "latestTransDate": "2018-10-23", "positionDirect": 0, "positionDirectDate": "2018-10-23"}, {"maxAge": 1, "name": "Agarwal (Ram Chandra)", "relation": "Executive Chairman", "url": "", "transactionDescription": "Gift", "latestTransDate": "2018-10-23", "positionDirect": 3207911, "positionDirectDate": "2018-10-23"}, {"maxAge": 1, "name": "Ricon Commodities Pvt Ltd", "relation": "Promoter", "url": "", "transactionDescription": "Acquisition", "latestTransDate": "2019-10-31", "positionDirect": 7170000, "positionDirectDate": "2019-10-31"}, {"maxAge": 1, "name": "V2 Conglomerate Limited", "relation": "Promoter", "url": "", "transactionDescription": "Acquisition", "latestTransDate": "2020-03-09", "positionDirect": 632582, "positionDirectDate": "2020-03-09"}], "maxAge": 1}, "earnings": {"maxAge": 86400, "earningsChart": {"quarterly": [{"date": "3Q2017", "actual": 1.56, "estimate": 2.61}, {"date": "2Q2018", "actual": 3.26, "estimate": 4.8}, {"date": "3Q2018", "actual": 1.99, "estimate": 1.97}], "currentQuarterEstimateDate": "4Q", "currentQuarterEstimateYear": 2018, "earningsDate": []}, "financialsChart": {"yearly": [{"date": 2017, "revenue": 4720492000, "earnings": 390316000}, {"date": 2018, "revenue": 5594036000, "earnings": 310820000}, {"date": 2019, "revenue": 7484194000, "earnings": 204929000}, {"date": 2020, "revenue": 7012262000, "earnings": 87817000}], "quarterly": [{"date": "3Q2019", "revenue": 1506808000, "earnings": -104461000}, {"date": "4Q2019", "revenue": 2190318000, "earnings": 198670000}, {"date": "1Q2020", "revenue": 1291649000, "earnings": -120845000}, {"date": "2Q2020", "revenue": 369763000, "earnings": -93093000}]}, "financialCurrency": "INR"}, "calendarEvents": {"maxAge": 1, "earnings": {"earningsDate": []}}, "price": {"maxAge": 1, "regularMarketChangePercent": -0.04326269, "regularMarketChange": -4.7999954, "regularMarketTime": "2021-04-30 15:28:31", "priceHint": 2, "regularMarketPrice": 106.15, "regularMarketDayHigh": 109.55, "regularMarketDayLow": 106.0, "regularMarketVolume": 2591, "averageDailyVolume10Day": 38159, "averageDailyVolume3Month": 44647, "regularMarketPreviousClose": 110.95, "regularMarketSource": "FREE_REALTIME", "regularMarketOpen": 109.55, "exchange": "BSE", "exchangeName": "BSE", "exchangeDataDelayedBy": 0, "marketState": "CLOSED", "quoteType": "EQUITY", "symbol": "V2RETAIL.BO", "underlyingSymbol": null, "shortName": "V2 RETAIL LTD.", "longName": "V2 Retail Limited", "currency": "INR", "quoteSourceName": "Delayed Quote", "currencySymbol": "\u20b9", "fromCurrency": null, "toCurrency": null, "lastMarket": null, "marketCap": 3620245760}, "balanceSheetHistory": {"balanceSheetStatements": [{"maxAge": 1, "endDate": "2020-03-31", "cash": 604922000, "shortTermInvestments": 59828000, "netReceivables": 69000, "inventory": 2151835000, "otherCurrentAssets": 256264000, "totalCurrentAssets": 3078541000, "longTermInvestments": 121621000, "propertyPlantEquipment": 3375487000, "intangibleAssets": 53592000, "otherAssets": 575993000, "deferredLongTermAssetCharges": 216468000, "totalAssets": 7205234000, "accountsPayable": 1088407000, "shortLongTermDebt": 5867000, "otherCurrentLiab": 7403000, "longTermDebt": 49375000, "otherLiab": 25098000, "totalCurrentLiabilities": 1631391000, "totalLiab": 4413494000, "commonStock": 341050000, "retainedEarnings": -6625089000, "treasuryStock": 6118370000, "capitalSurplus": 2957409000, "otherStockholderEquity": 6118370000, "totalStockholderEquity": 2791740000, "netTangibleAssets": 2738148000}, {"maxAge": 1, "endDate": "2019-03-31", "cash": 82852000, "netReceivables": 7815000, "inventory": 2710789000, "otherCurrentAssets": 392315000, "totalCurrentAssets": 3194474000, "propertyPlantEquipment": 976578000, "intangibleAssets": 61691000, "otherAssets": 410064000, "deferredLongTermAssetCharges": 109900000, "totalAssets": 4642807000, "accountsPayable": 1393848000, "shortLongTermDebt": 4407000, "otherCurrentLiab": 95538000, "longTermDebt": 10093000, "otherLiab": 62302000, "totalCurrentLiabilities": 1616836000, "totalLiab": 1689231000, "commonStock": 340740000, "retainedEarnings": -6456013000, "treasuryStock": 6149704000, "capitalSurplus": 2919145000, "otherStockholderEquity": 6149704000, "totalStockholderEquity": 2953576000, "netTangibleAssets": 2891885000}, {"maxAge": 1, "endDate": "2018-03-31", "cash": 47689000, "shortTermInvestments": 568000, "netReceivables": 3064000, "inventory": 1601907000, "otherCurrentAssets": 311151000, "totalCurrentAssets": 2861114000, "propertyPlantEquipment": 630966000, "intangibleAssets": 60418000, "otherAssets": 341117000, "deferredLongTermAssetCharges": 47526000, "totalAssets": 3893615000, "accountsPayable": 1003194000, "otherCurrentLiab": 93294000, "otherLiab": 33866000, "totalCurrentLiabilities": 1120154000, "totalLiab": 1154020000, "commonStock": 339227000, "retainedEarnings": -6660300000, "treasuryStock": 6141523000, "capitalSurplus": 2919145000, "otherStockholderEquity": 6141523000, "totalStockholderEquity": 2739595000, "netTangibleAssets": 2679177000}, {"maxAge": 1, "endDate": "2017-03-31", "cash": 62155000, "shortTermInvestments": 393000, "netReceivables": 2511000, "inventory": 1146152000, "otherCurrentAssets": 175082000, "totalCurrentAssets": 1387727000, "propertyPlantEquipment": 505881000, "intangibleAssets": 42472000, "otherAssets": 460550000, "deferredLongTermAssetCharges": 196184000, "totalAssets": 2396630000, "accountsPayable": 651482000, "otherCurrentLiab": 23437000, "otherLiab": 28519000, "totalCurrentLiabilities": 785959000, "totalLiab": 814478000, "commonStock": 309227000, "retainedEarnings": -6970301000, "treasuryStock": 6127581000, "capitalSurplus": 2115645000, "otherStockholderEquity": 6127581000, "totalStockholderEquity": 1582152000, "netTangibleAssets": 1539680000}], "maxAge": 86400}, "earningsTrend": {"trend": [{"maxAge": 1, "period": "0q", "endDate": "2018-12-31", "growth": {}, "earningsEstimate": {"avg": 0.0, "low": 0.0, "high": 0.0, "yearAgoEps": {}, "numberOfAnalysts": 0, "growth": {}}, "revenueEstimate": {"avg": 0, "low": 0, "high": 0, "numberOfAnalysts": 0, "yearAgoRevenue": {}, "growth": {}}, "epsTrend": {"current": 0.0, "7daysAgo": 0.0, "30daysAgo": 0.0, "60daysAgo": 0.0, "90daysAgo": 0.0}, "epsRevisions": {"upLast7days": 0, "upLast30days": 0, "downLast30days": 0, "downLast90days": {}}}, {"maxAge": 1, "period": "+1q", "endDate": "2019-03-31", "growth": {}, "earningsEstimate": {"avg": 0.0, "low": 0.0, "high": 0.0, "yearAgoEps": 1.56, "numberOfAnalysts": 0, "growth": {}}, "revenueEstimate": {"avg": 0, "low": 0, "high": 0, "numberOfAnalysts": 0, "yearAgoRevenue": {}, "growth": {}}, "epsTrend": {"current": 0.0, "7daysAgo": 0.0, "30daysAgo": 0.0, "60daysAgo": 0.0, "90daysAgo": 0.0}, "epsRevisions": {"upLast7days": 0, "upLast30days": 0, "downLast30days": 0, "downLast90days": {}}}, {"maxAge": 1, "period": "0y", "endDate": "2019-03-31", "growth": {}, "earningsEstimate": {"avg": 0.0, "low": 0.0, "high": 0.0, "yearAgoEps": {}, "numberOfAnalysts": 0, "growth": {}}, "revenueEstimate": {"avg": 7771000000, "low": 7744000000, "high": 7798000000, "numberOfAnalysts": 2, "yearAgoRevenue": 5594040000, "growth": 0.38900003}, "epsTrend": {"current": 0.0, "7daysAgo": 11.15, "30daysAgo": 11.15, "60daysAgo": 11.15, "90daysAgo": 11.15}, "epsRevisions": {"upLast7days": 0, "upLast30days": 0, "downLast30days": 0, "downLast90days": {}}}, {"maxAge": 1, "period": "+1y", "endDate": "2020-03-31", "growth": {}, "earningsEstimate": {"avg": 0.0, "low": 0.0, "high": 0.0, "yearAgoEps": {}, "numberOfAnalysts": 0, "growth": {}}, "revenueEstimate": {"avg": 10852500000, "low": 10683000000, "high": 11022000000, "numberOfAnalysts": 2, "yearAgoRevenue": 7771000000, "growth": 0.397}, "epsTrend": {"current": 0.0, "7daysAgo": 15.2, "30daysAgo": 15.2, "60daysAgo": 15.2, "90daysAgo": 15.2}, "epsRevisions": {"upLast7days": 0, "upLast30days": 0, "downLast30days": 0, "downLast90days": {}}}, {"maxAge": 1, "period": "+5y", "endDate": null, "growth": {}, "earningsEstimate": {"avg": {}, "low": {}, "high": {}, "yearAgoEps": {}, "numberOfAnalysts": {}, "growth": {}}, "revenueEstimate": {"avg": {}, "low": {}, "high": {}, "numberOfAnalysts": {}, "yearAgoRevenue": {}, "growth": {}}, "epsTrend": {"current": {}, "7daysAgo": {}, "30daysAgo": {}, "60daysAgo": {}, "90daysAgo": {}}, "epsRevisions": {"upLast7days": {}, "upLast30days": {}, "downLast30days": {}, "downLast90days": {}}}, {"maxAge": 1, "period": "-5y", "endDate": null, "growth": {}, "earningsEstimate": {"avg": {}, "low": {}, "high": {}, "yearAgoEps": {}, "numberOfAnalysts": {}, "growth": {}}, "revenueEstimate": {"avg": {}, "low": {}, "high": {}, "numberOfAnalysts": {}, "yearAgoRevenue": {}, "growth": {}}, "epsTrend": {"current": {}, "7daysAgo": {}, "30daysAgo": {}, "60daysAgo": {}, "90daysAgo": {}}, "epsRevisions": {"upLast7days": {}, "upLast30days": {}, "downLast30days": {}, "downLast90days": {}}}], "maxAge": 1}, "financialData": {"maxAge": 86400, "currentPrice": 106.15, "targetHighPrice": 430.0, "targetLowPrice": 361.0, "targetMeanPrice": 395.5, "targetMedianPrice": 395.5, "recommendationKey": "none", "numberOfAnalystOpinions": 2, "grossProfits": 1929195000, "financialCurrency": "INR"}}}