{"VADILALIND.NS": {"assetProfile": {"address1": "Vadilal House", "address2": "Shrimali Society Near Navrangpura Railway Crossing Navangapura", "city": "Ahmedabad", "zip": "380009", "country": "India", "phone": "91 79 2656 4019", "fax": "91 79 2656 4027", "website": "http://www.vadilalgroup.com", "industry": "Packaged Foods", "sector": "Consumer Defensive", "longBusinessSummary": "Vadilal Industries Limited manufactures and sells ice-creams in India and internationally. The company also offers frozen desserts and other dairy products; and processes and exports processed food products, such as frozen fruits, vegetables, pulp, ready-to-eat and ready-to-serve products, etc. In addition, the company provides flavored milk products under the Power Sip brand name, as well as paneer and ghee products. Further, it engages in the forex management and money changing, as well as chemical businesses. The company was founded in 1982 and is based in Ahmedabad, India.", "fullTimeEmployees": 693, "companyOfficers": [{"maxAge": 1, "name": "Mr. Rajesh Ramchandra Gandhi", "age": 62, "title": "MD & Exec. Director", "yearBorn": 1958, "fiscalYear": 2020, "totalPay": 5979345, "exercisedValue": 0, "unexercisedValue": 0}, {"maxAge": 1, "name": "Mr. Devanshu Laxmanbhai Gandhi", "age": 53, "title": "MD & Exec. Director", "yearBorn": 1967, "fiscalYear": 2020, "totalPay": 5979345, "exercisedValue": 0, "unexercisedValue": 0}, {"maxAge": 1, "name": "Mr. Kalpit R. Gandhi", "age": 35, "title": "CFO and Non-Exec. & Non Independent Director", "yearBorn": 1985, "fiscalYear": 2020, "totalPay": 3450000, "exercisedValue": 0, "unexercisedValue": 0}, {"maxAge": 1, "name": "Ms. Rashmi Tushar Bhatt", "title": "Company Sec. & Compliance Officer", "fiscalYear": 2020, "totalPay": 1537742, "exercisedValue": 0, "unexercisedValue": 0}, {"maxAge": 1, "name": "Mr. Maulin P. Surti", "title": "Pres of Food Processing & Purchase", "exercisedValue": 0, "unexercisedValue": 0}], "compensationAsOfEpochDate": "2020-12-31 05:30:00", "maxAge": 86400}, "cashflowStatementHistory": {"cashflowStatements": [{"maxAge": 1, "endDate": "2020-03-31", "netIncome": 413835000, "depreciation": 227779000, "changeToNetincome": 82176000, "changeToAccountReceivables": -208482000, "changeToLiabilities": 416679000, "changeToInventory": -274882000, "totalCashFromOperatingActivities": 666259000, "capitalExpenditures": -683166000, "investments": 2207000, "otherCashflowsFromInvestingActivities": 6864000, "totalCashflowsFromInvestingActivities": -672458000, "dividendsPaid": -10832000, "netBorrowings": 215080000, "otherCashflowsFromFinancingActivities": -162916000, "totalCashFromFinancingActivities": 41332000, "changeInCash": 35133000}, {"maxAge": 1, "endDate": "2019-03-31", "netIncome": 333607000, "depreciation": 155066000, "changeToNetincome": 168613000, "changeToAccountReceivables": 82855000, "changeToLiabilities": -61101000, "changeToInventory": -248771000, "totalCashFromOperatingActivities": 444252000, "capitalExpenditures": -326420000, "investments": 4168000, "otherCashflowsFromInvestingActivities": 7570000, "totalCashflowsFromInvestingActivities": -312608000, "dividendsPaid": -10832000, "netBorrowings": 56225000, "otherCashflowsFromFinancingActivities": -141151000, "totalCashFromFinancingActivities": -95758000, "changeInCash": 35886000}, {"maxAge": 1, "endDate": "2018-03-31", "netIncome": 156625000, "depreciation": 148091000, "changeToNetincome": 155132000, "changeToAccountReceivables": -393446000, "changeToLiabilities": -119619000, "changeToInventory": 206010000, "totalCashFromOperatingActivities": 165994000, "capitalExpenditures": -249232000, "investments": 4168000, "otherCashflowsFromInvestingActivities": 6501000, "totalCashflowsFromInvestingActivities": -240258000, "dividendsPaid": -10814000, "netBorrowings": 225089000, "otherCashflowsFromFinancingActivities": -153149000, "totalCashFromFinancingActivities": 61126000, "changeInCash": -13138000}, {"maxAge": 1, "endDate": "2017-03-31", "netIncome": 190931000, "depreciation": 136182000, "changeToNetincome": 188790000, "changeToAccountReceivables": 66954000, "changeToLiabilities": 149388000, "changeToInventory": -290522000, "totalCashFromOperatingActivities": 455122000, "capitalExpenditures": -241650000, "investments": 1413000, "otherCashflowsFromInvestingActivities": 6282000, "totalCashflowsFromInvestingActivities": -230757000, "dividendsPaid": -10814000, "netBorrowings": -27830000, "otherCashflowsFromFinancingActivities": -159812000, "totalCashFromFinancingActivities": -198456000, "changeInCash": 25909000}], "maxAge": 86400}, "institutionOwnership": {"ownershipList": [], "maxAge": 1}, "majorHoldersBreakdown": {"maxAge": 1, "insidersPercentHeld": 0.77145, "institutionsPercentHeld": 0.00868, "institutionsFloatPercentHeld": 0.03799, "institutionsCount": 1}, "balanceSheetHistoryQuarterly": {"balanceSheetStatements": [{"maxAge": 1, "endDate": "2020-12-31", "totalStockholderEquity": 2356173000, "netTangibleAssets": 2343476000}, {"maxAge": 1, "endDate": "2020-09-30", "cash": 320044000, "shortTermInvestments": 18063000, "netReceivables": 325926000, "inventory": 1169168000, "otherCurrentAssets": 115216000, "totalCurrentAssets": 1948417000, "longTermInvestments": 5597000, "propertyPlantEquipment": 3227454000, "intangibleAssets": 12697000, "otherAssets": 61588000, "totalAssets": 5255753000, "accountsPayable": 712227000, "otherCurrentLiab": 534056000, "longTermDebt": 539035000, "otherLiab": 158908000, "minorityInterest": 3145000, "totalCurrentLiabilities": 2077361000, "totalLiab": 2896435000, "commonStock": 71878000, "treasuryStock": 2284295000, "otherStockholderEquity": 2284295000, "totalStockholderEquity": 2356173000, "netTangibleAssets": 2343476000}, {"maxAge": 1, "endDate": "2020-06-30", "totalStockholderEquity": 2470491000, "netTangibleAssets": 2456080000}, {"maxAge": 1, "endDate": "2020-03-31", "cash": 95995000, "shortTermInvestments": 33799000, "netReceivables": 454252000, "inventory": 1595366000, "otherCurrentAssets": 138291000, "totalCurrentAssets": 2339273000, "longTermInvestments": 5569000, "propertyPlantEquipment": 3247162000, "intangibleAssets": 14411000, "otherAssets": 133283000, "totalAssets": 5739698000, "accountsPayable": 849629000, "shortLongTermDebt": 187414000, "otherCurrentLiab": 189077000, "longTermDebt": 492150000, "otherLiab": 242178000, "minorityInterest": 3165000, "totalCurrentLiabilities": 2384830000, "totalLiab": 3266042000, "commonStock": 71878000, "retainedEarnings": 1614644000, "treasuryStock": 735241000, "capitalSurplus": 48728000, "otherStockholderEquity": 735241000, "totalStockholderEquity": 2470491000, "netTangibleAssets": 2456080000}], "maxAge": 86400}, "indexTrend": {"maxAge": 1, "symbol": "SP5", "peRatio": 19.7411, "pegRatio": 1.34172, "estimates": [{"period": "0q", "growth": 0.549}, {"period": "+1q", "growth": 0.431}, {"period": "0y", "growth": 0.305}, {"period": "+1y", "growth": 0.109}, {"period": "+5y", "growth": 0.120865}, {"period": "-5y"}]}, "defaultKeyStatistics": {"maxAge": 1, "priceHint": 2, "enterpriseValue": 7675440128, "profitMargins": -0.0645, "floatShares": 1971619, "sharesOutstanding": 7187830, "heldPercentInsiders": 0.77145, "heldPercentInstitutions": 0.00868, "beta": 0.761991, "category": null, "bookValue": 328.158, "priceToBook": 2.8338485, "fundFamily": null, "legalType": null, "lastFiscalYearEnd": "2020-03-31 05:30:00", "nextFiscalYearEnd": "2022-03-31 05:30:00", "mostRecentQuarter": "2020-12-31 05:30:00", "netIncomeToCommon": -259467008, "trailingEps": -36.1, "lastSplitFactor": null, "enterpriseToRevenue": 1.908, "enterpriseToEbitda": 182.672}, "summaryProfile": {"address1": "Vadilal House", "address2": "Shrimali Society Near Navrangpura Railway Crossing Navangapura", "city": "Ahmedabad", "zip": "380009", "country": "India", "phone": "91 79 2656 4019", "fax": "91 79 2656 4027", "website": "http://www.vadilalgroup.com", "industry": "Packaged Foods", "sector": "Consumer Defensive", "longBusinessSummary": "Vadilal Industries Limited manufactures and sells ice-creams in India and internationally. The company also offers frozen desserts and other dairy products; and processes and exports processed food products, such as frozen fruits, vegetables, pulp, ready-to-eat and ready-to-serve products, etc. In addition, the company provides flavored milk products under the Power Sip brand name, as well as paneer and ghee products. Further, it engages in the forex management and money changing, as well as chemical businesses. The company was founded in 1982 and is based in Ahmedabad, India.", "fullTimeEmployees": 693, "companyOfficers": [], "maxAge": 86400}, "netSharePurchaseActivity": {"maxAge": 1, "period": "6m", "buyInfoCount": 0, "buyInfoShares": 0, "sellInfoCount": 0, "netInfoCount": 0, "netInfoShares": 0, "netPercentInsiderShares": 0.0, "totalInsiderShares": 5542821}, "insiderTransactions": {"transactions": [{"maxAge": 1, "shares": 4241, "filerUrl": "", "transactionText": "", "filerName": "Gandhi (Devanshu Laxmanbhai)", "filerRelation": "UNREPORTED", "moneyText": "", "startDate": "2019-12-04", "ownership": "D"}], "maxAge": 1}, "quoteType": {"exchange": "NSI", "quoteType": "EQUITY", "symbol": "VADILALIND.NS", "underlyingSymbol": "VADILALIND.NS", "shortName": "VADILAL INDUSTRIES", "longName": "Vadilal Industries Limited", "firstTradeDateEpochUtc": "2011-06-15 09:15:00", "timeZoneFullName": "Asia/Kolkata", "timeZoneShortName": "IST", "uuid": "90056049-aa5b-3aae-9bc3-f4ff751fa7cb", "gmtOffSetMilliseconds": 19800000, "maxAge": 1}, "incomeStatementHistory": {"incomeStatementHistory": [{"maxAge": 1, "endDate": "2020-03-31", "totalRevenue": 6042416000, "costOfRevenue": 3241273000, "grossProfit": 2801143000, "researchDevelopment": {}, "sellingGeneralAdministrative": 707661000, "nonRecurring": {}, "otherOperatingExpenses": 1237642000, "totalOperatingExpenses": 5426547000, "operatingIncome": 615869000, "totalOtherIncomeExpenseNet": -136493000, "ebit": 615869000, "interestExpense": -152534000, "incomeBeforeTax": 479376000, "incomeTaxExpense": 65588000, "minorityInterest": 3165000, "netIncomeFromContinuingOps": 413788000, "discontinuedOperations": {}, "extraordinaryItems": {}, "effectOfAccountingCharges": {}, "otherItems": {}, "netIncome": 413835000, "netIncomeApplicableToCommonShares": 413835000}, {"maxAge": 1, "endDate": "2019-03-31", "totalRevenue": 5727096000, "costOfRevenue": 3035999000, "grossProfit": 2691097000, "researchDevelopment": {}, "sellingGeneralAdministrative": 693650000, "nonRecurring": {}, "otherOperatingExpenses": 1202423000, "totalOperatingExpenses": 5103063000, "operatingIncome": 624033000, "totalOtherIncomeExpenseNet": -105397000, "ebit": 624033000, "interestExpense": -126705000, "incomeBeforeTax": 518636000, "incomeTaxExpense": 185008000, "minorityInterest": 3212000, "netIncomeFromContinuingOps": 333628000, "discontinuedOperations": {}, "extraordinaryItems": {}, "effectOfAccountingCharges": {}, "otherItems": {}, "netIncome": 333607000, "netIncomeApplicableToCommonShares": 333607000}, {"maxAge": 1, "endDate": "2018-03-31", "totalRevenue": 5507842000, "costOfRevenue": 3200381000, "grossProfit": 2307461000, "researchDevelopment": {}, "sellingGeneralAdministrative": 562217000, "nonRecurring": {}, "otherOperatingExpenses": 1206844000, "totalOperatingExpenses": 5133487000, "operatingIncome": 374355000, "totalOtherIncomeExpenseNet": -144955000, "ebit": 374355000, "interestExpense": -137222000, "incomeBeforeTax": 229400000, "incomeTaxExpense": 72766000, "minorityInterest": 3191000, "netIncomeFromContinuingOps": 156634000, "discontinuedOperations": {}, "extraordinaryItems": {}, "effectOfAccountingCharges": {}, "otherItems": {}, "netIncome": 156625000, "netIncomeApplicableToCommonShares": 156625000}, {"maxAge": 1, "endDate": "2017-03-31", "totalRevenue": 4822112000, "costOfRevenue": 2672655000, "grossProfit": 2149457000, "researchDevelopment": {}, "sellingGeneralAdministrative": 467982000, "nonRecurring": {}, "otherOperatingExpenses": 1081590000, "totalOperatingExpenses": 4375121000, "operatingIncome": 446991000, "totalOtherIncomeExpenseNet": -154095000, "ebit": 446991000, "interestExpense": -142595000, "incomeBeforeTax": 292896000, "incomeTaxExpense": 102272000, "minorityInterest": 3182000, "netIncomeFromContinuingOps": 190624000, "discontinuedOperations": {}, "extraordinaryItems": {}, "effectOfAccountingCharges": {}, "otherItems": {}, "netIncome": 190931000, "netIncomeApplicableToCommonShares": 190931000}], "maxAge": 86400}, "fundOwnership": {"ownershipList": [], "maxAge": 1}, "summaryDetail": {"maxAge": 1, "priceHint": 2, "previousClose": 912.15, "open": 867.0, "dayLow": 867.0, "dayHigh": 949.0, "regularMarketPreviousClose": 912.15, "regularMarketOpen": 867.0, "regularMarketDayLow": 867.0, "regularMarketDayHigh": 949.0, "exDividendDate": "2019-09-19 05:30:00", "payoutRatio": 0.0, "beta": 0.761991, "volume": 51883, "regularMarketVolume": 51883, "averageVolume": 15875, "averageVolume10days": 14516, "averageDailyVolume10Day": 14516, "bid": 0.0, "ask": 0.0, "bidSize": 0, "askSize": 0, "marketCap": 6694579712, "fiftyTwoWeekLow": 464.4, "fiftyTwoWeekHigh": 980.0, "priceToSalesTrailing12Months": 1.6641129, "fiftyDayAverage": 898.9712, "twoHundredDayAverage": 815.37, "trailingAnnualDividendRate": 1.25, "trailingAnnualDividendYield": 0.0013703885, "currency": "INR", "fromCurrency": null, "lastMarket": null, "algorithm": null, "tradeable": false}, "incomeStatementHistoryQuarterly": {"incomeStatementHistory": [{"maxAge": 1, "endDate": "2020-12-31", "totalRevenue": 1029459000, "costOfRevenue": 494767000, "grossProfit": 534692000, "researchDevelopment": {}, "sellingGeneralAdministrative": 135732000, "nonRecurring": {}, "otherOperatingExpenses": 302347000, "totalOperatingExpenses": 989410000, "operatingIncome": 40049000, "totalOtherIncomeExpenseNet": -50658000, "ebit": 40049000, "interestExpense": -50658000, "incomeBeforeTax": -10609000, "incomeTaxExpense": 1331000, "minorityInterest": {}, "netIncomeFromContinuingOps": -11940000, "discontinuedOperations": {}, "extraordinaryItems": {}, "effectOfAccountingCharges": {}, "otherItems": {}, "netIncome": -11927000, "netIncomeApplicableToCommonShares": -11927000}, {"maxAge": 1, "endDate": "2020-09-30", "totalRevenue": 1284877000, "costOfRevenue": 664572000, "grossProfit": 620305000, "researchDevelopment": {}, "sellingGeneralAdministrative": 133121000, "nonRecurring": {}, "otherOperatingExpenses": 361573000, "totalOperatingExpenses": 1214752000, "operatingIncome": 70125000, "totalOtherIncomeExpenseNet": -53388000, "ebit": 70125000, "interestExpense": -53388000, "incomeBeforeTax": 16737000, "incomeTaxExpense": 9920000, "minorityInterest": 3145000, "netIncomeFromContinuingOps": 6817000, "discontinuedOperations": {}, "extraordinaryItems": {}, "effectOfAccountingCharges": {}, "otherItems": {}, "netIncome": 6821000, "netIncomeApplicableToCommonShares": 6821000}, {"maxAge": 1, "endDate": "2020-06-30", "totalRevenue": 751639000, "costOfRevenue": 411068000, "grossProfit": 340571000, "researchDevelopment": {}, "sellingGeneralAdministrative": 133180000, "nonRecurring": {}, "otherOperatingExpenses": 241340000, "totalOperatingExpenses": 842726000, "operatingIncome": -91087000, "totalOtherIncomeExpenseNet": -56798000, "ebit": -91087000, "interestExpense": -56798000, "incomeBeforeTax": -147885000, "incomeTaxExpense": -33875000, "minorityInterest": 3145000, "netIncomeFromContinuingOps": -114010000, "discontinuedOperations": {}, "extraordinaryItems": {}, "effectOfAccountingCharges": {}, "otherItems": {}, "netIncome": -113994000, "netIncomeApplicableToCommonShares": -113994000}, {"maxAge": 1, "endDate": "2020-03-31", "totalRevenue": 956937000, "costOfRevenue": 651237000, "grossProfit": 305700000, "researchDevelopment": {}, "sellingGeneralAdministrative": 270169000, "nonRecurring": {}, "otherOperatingExpenses": 130509000, "totalOperatingExpenses": 1117205000, "operatingIncome": -160268000, "totalOtherIncomeExpenseNet": -25080000, "ebit": -160268000, "interestExpense": -41121000, "incomeBeforeTax": -185348000, "incomeTaxExpense": -44923000, "minorityInterest": 3165000, "netIncomeFromContinuingOps": -140425000, "discontinuedOperations": {}, "extraordinaryItems": {}, "effectOfAccountingCharges": {}, "otherItems": {}, "netIncome": -140371000, "netIncomeApplicableToCommonShares": -140371000}], "maxAge": 86400}, "cashflowStatementHistoryQuarterly": {"cashflowStatements": [{"maxAge": 1, "endDate": "2020-12-31", "netIncome": -11927000, "changeToLiabilities": 0}, {"maxAge": 1, "endDate": "2020-09-30", "netIncome": 6821000, "changeToLiabilities": 0}, {"maxAge": 1, "endDate": "2020-06-30", "netIncome": -113994000, "changeToLiabilities": 0}, {"maxAge": 1, "endDate": "2020-03-31", "netIncome": -140371000, "changeToLiabilities": 0}], "maxAge": 86400}, "insiderHolders": {"holders": [{"maxAge": 1, "name": "Gandhi (Devanshu Laxmanbhai)", "relation": "UNREPORTED", "url": "", "transactionDescription": "Other", "latestTransDate": "2019-12-04", "positionDirect": 345691, "positionDirectDate": "2019-12-04"}], "maxAge": 1}, "calendarEvents": {"maxAge": 1, "earnings": {"earningsDate": []}, "exDividendDate": "2019-09-19 05:30:00"}, "upgradeDowngradeHistory": {"history": [], "maxAge": 86400}, "price": {"maxAge": 1, "regularMarketChangePercent": 0.01951432, "regularMarketChange": 17.799988, "regularMarketTime": "2021-04-30 15:30:00", "priceHint": 2, "regularMarketPrice": 929.95, "regularMarketDayHigh": 949.0, "regularMarketDayLow": 867.0, "regularMarketVolume": 51883, "averageDailyVolume10Day": 14516, "averageDailyVolume3Month": 15875, "regularMarketPreviousClose": 912.15, "regularMarketSource": "FREE_REALTIME", "regularMarketOpen": 867.0, "exchange": "NSI", "exchangeName": "NSE", "exchangeDataDelayedBy": 15, "marketState": "CLOSED", "quoteType": "EQUITY", "symbol": "VADILALIND.NS", "underlyingSymbol": null, "shortName": "VADILAL INDUSTRIES", "longName": "Vadilal Industries Limited", "currency": "INR", "quoteSourceName": "Delayed Quote", "currencySymbol": "\u20b9", "fromCurrency": null, "lastMarket": null, "marketCap": 6694579712}, "balanceSheetHistory": {"balanceSheetStatements": [{"maxAge": 1, "endDate": "2020-03-31", "cash": 95995000, "shortTermInvestments": 33799000, "netReceivables": 454252000, "inventory": 1595366000, "otherCurrentAssets": 138291000, "totalCurrentAssets": 2339273000, "longTermInvestments": 5569000, "propertyPlantEquipment": 3247162000, "intangibleAssets": 14411000, "otherAssets": 133283000, "totalAssets": 5739698000, "accountsPayable": 849629000, "shortLongTermDebt": 187414000, "otherCurrentLiab": 189077000, "longTermDebt": 492150000, "otherLiab": 242178000, "minorityInterest": 3165000, "totalCurrentLiabilities": 2384830000, "totalLiab": 3266042000, "commonStock": 71878000, "retainedEarnings": 1614644000, "treasuryStock": 735241000, "capitalSurplus": 48728000, "otherStockholderEquity": 735241000, "totalStockholderEquity": 2470491000, "netTangibleAssets": 2456080000}, {"maxAge": 1, "endDate": "2019-03-31", "cash": 60862000, "shortTermInvestments": 29691000, "netReceivables": 342984000, "inventory": 1306847000, "otherCurrentAssets": 41346000, "totalCurrentAssets": 1816263000, "longTermInvestments": 5732000, "propertyPlantEquipment": 2783098000, "intangibleAssets": 20038000, "otherAssets": 145214000, "deferredLongTermAssetCharges": 5565000, "totalAssets": 4770345000, "accountsPayable": 695696000, "shortLongTermDebt": 240256000, "otherCurrentLiab": 163794000, "longTermDebt": 579898000, "otherLiab": 310639000, "minorityInterest": 3212000, "totalCurrentLiabilities": 1803048000, "totalLiab": 2693585000, "commonStock": 71878000, "retainedEarnings": 1211641000, "treasuryStock": 741301000, "capitalSurplus": 48728000, "otherStockholderEquity": 741301000, "totalStockholderEquity": 2073548000, "netTangibleAssets": 2053510000}, {"maxAge": 1, "endDate": "2018-03-31", "cash": 24976000, "shortTermInvestments": 29131000, "netReceivables": 451354000, "inventory": 1021636000, "otherCurrentAssets": 56394000, "totalCurrentAssets": 1621237000, "longTermInvestments": 5679000, "propertyPlantEquipment": 2613025000, "intangibleAssets": 25023000, "otherAssets": 129477000, "totalAssets": 4394441000, "accountsPayable": 779772000, "shortLongTermDebt": 174281000, "otherCurrentLiab": 106907000, "longTermDebt": 709910000, "otherLiab": 294840000, "minorityInterest": 3191000, "totalCurrentLiabilities": 1633703000, "totalLiab": 2638453000, "commonStock": 71878000, "retainedEarnings": 888866000, "treasuryStock": 743325000, "capitalSurplus": 48728000, "otherStockholderEquity": 743325000, "totalStockholderEquity": 1752797000, "netTangibleAssets": 1727774000}, {"maxAge": 1, "endDate": "2017-03-31", "cash": 59350000, "shortTermInvestments": 386000, "netReceivables": 135888000, "inventory": 1227646000, "otherCurrentAssets": 50604000, "totalCurrentAssets": 1486112000, "longTermInvestments": 5679000, "propertyPlantEquipment": 2517675000, "intangibleAssets": 35159000, "otherAssets": 92699000, "totalAssets": 4137324000, "accountsPayable": 838927000, "shortLongTermDebt": 199615000, "otherCurrentLiab": 202755000, "longTermDebt": 343956000, "otherLiab": 265698000, "minorityInterest": 3182000, "totalCurrentLiabilities": 1916061000, "totalLiab": 2525715000, "commonStock": 71878000, "retainedEarnings": 743055000, "treasuryStock": 744766000, "capitalSurplus": 48728000, "otherStockholderEquity": 744766000, "totalStockholderEquity": 1608427000, "netTangibleAssets": 1573268000}], "maxAge": 86400}, "financialData": {"maxAge": 86400, "currentPrice": 929.95, "recommendationKey": "none", "totalCash": 338107008, "totalCashPerShare": 47.058, "ebitda": 42017500, "totalDebt": 1456659968, "totalRevenue": 4022912000, "debtToEquity": 61.741, "revenuePerShare": 559.711, "grossProfits": 2801143000, "revenueGrowth": 0.052, "grossMargins": 0.44775, "ebitdaMargins": 0.01044, "operatingMargins": -0.03509, "profitMargins": -0.0645, "financialCurrency": "INR"}}}