{"VAISHALI.NS": {"assetProfile": {"address1": "706 to 709, Aravalli Business Center", "address2": "7th Floor R.C.Patel Road Off Sodawala Lane, Borivili (West)", "city": "Mumbai", "zip": "400092", "country": "India", "phone": "91 22 4217 1819", "fax": "91 22 2892 8833", "website": "http://www.vaishalipharma.com", "industry": "Drug Manufacturers\u2014Specialty & Generic", "sector": "Healthcare", "longBusinessSummary": "Vaishali Pharma Limited engages in the pharmaceutical business in India and internationally. It offers active pharmaceutical ingredients (APIs), including antibiotics, anti-ulcer, anti-inflammatory/analgesic/anti-pyretic, anti-malarial, cardiac, anti-diabetic, anti-cold/anti-allergic, anti-diarrheal/anti-protozoal/anti-parasitic, anti-viral, anti-epileptic, anti-asthmatic, anti-fungal, anti-platelet agent, skeletal muscle relaxant, and anti-helmintic drugs, as well as excipients, topical steroids, corticosteroids, and enzymes. The company also provides formulation products, such as antibiotics/antibacterial, anti-platelet, laxative, anti-ulcer/enzyme, anti-asthmatic, anti-malarial, anti-cold/anti-allergic/anti-viral, anti-psychotic, anti-fungal, anti-inflammatory/analgesic/anti-pyretic, anti-diabetic, cardiac, vitamins, topical steroids/corticosteroids, and other formulations. In addition, it offers veterinary pharmaceutical, nutraceutical, oncology, herbal, and surgical products. Vaishali Pharma Limited was founded in 1989 and is headquartered in Mumbai, India.", "fullTimeEmployees": 28, "companyOfficers": [{"maxAge": 1, "name": "Mr. Atul Arvind Vasani", "age": 56, "title": "Chairman & MD", "yearBorn": 1964, "fiscalYear": 2020, "totalPay": 5400000, "exercisedValue": 0, "unexercisedValue": 0}, {"maxAge": 1, "name": "Mr. Ratnesh Kumar Raghunath Singh", "age": 39, "title": "Chief Financial Officer", "yearBorn": 1981, "exercisedValue": 0, "unexercisedValue": 0}, {"maxAge": 1, "name": "Ms. Jagruti Atul Vasani", "age": 54, "title": "Whole Time Director", "yearBorn": 1966, "fiscalYear": 2020, "totalPay": 1200000, "exercisedValue": 0, "unexercisedValue": 0}, {"maxAge": 1, "name": "Mr. Hemant Damodar Pathak", "age": 59, "title": "Chief Exec. Officer", "yearBorn": 1961, "exercisedValue": 0, "unexercisedValue": 0}, {"maxAge": 1, "name": "Mr. Akshay  Jharkhandi", "title": "Company Sec. & Compliance Officer", "exercisedValue": 0, "unexercisedValue": 0}], "compensationAsOfEpochDate": "2020-12-31 05:30:00", "maxAge": 86400}, "cashflowStatementHistory": {"cashflowStatements": [{"maxAge": 1, "endDate": "2020-03-31", "netIncome": 327843, "depreciation": 4367323, "changeToNetincome": 46622213, "changeToAccountReceivables": -10444810, "changeToLiabilities": -27945881, "changeToInventory": 1012089, "changeToOperatingActivities": 18232223, "totalCashFromOperatingActivities": 32188380, "capitalExpenditures": -526045, "otherCashflowsFromInvestingActivities": 332836, "totalCashflowsFromInvestingActivities": -193209, "netBorrowings": -6099198, "otherCashflowsFromFinancingActivities": -25290381, "totalCashFromFinancingActivities": -31389579, "changeInCash": 605592}, {"maxAge": 1, "endDate": "2019-03-31", "netIncome": 7135619, "depreciation": 2656135, "changeToNetincome": 17127408, "changeToAccountReceivables": -48419002, "changeToLiabilities": 21445050, "changeToInventory": 8867379, "changeToOperatingActivities": 34285838, "totalCashFromOperatingActivities": 43130370, "capitalExpenditures": -2962838, "otherCashflowsFromInvestingActivities": 117728, "totalCashflowsFromInvestingActivities": -2845110, "netBorrowings": -13189540, "otherCashflowsFromFinancingActivities": -26736501, "totalCashFromFinancingActivities": -39926041, "changeInCash": 359219}, {"maxAge": 1, "endDate": "2018-03-31", "netIncome": 7975944, "depreciation": 2486298, "changeToNetincome": 15314488, "changeToAccountReceivables": -71088299, "changeToLiabilities": 70023643, "changeToInventory": -7133170, "changeToOperatingActivities": -112238721, "totalCashFromOperatingActivities": -94598477, "capitalExpenditures": -3116274, "investments": -563000, "otherCashflowsFromInvestingActivities": 14299215, "totalCashflowsFromInvestingActivities": 10619941, "netBorrowings": -44705166, "otherCashflowsFromFinancingActivities": -33604206, "totalCashFromFinancingActivities": 84962633, "changeInCash": 984097, "issuanceOfStock": 163272005}, {"maxAge": 1, "endDate": "2017-03-31", "netIncome": 7109160, "depreciation": 2665026, "changeToNetincome": 24187552, "changeToAccountReceivables": 29664233, "changeToLiabilities": -85068288, "changeToInventory": 22053136, "changeToOperatingActivities": 3887415, "totalCashFromOperatingActivities": 4610426, "capitalExpenditures": -34990, "investments": -563000, "otherCashflowsFromInvestingActivities": 6960131, "totalCashflowsFromInvestingActivities": 6925141, "netBorrowings": 18776817, "otherCashflowsFromFinancingActivities": -30800697, "totalCashFromFinancingActivities": -12023891, "changeInCash": -488324, "issuanceOfStock": 163272005}], "maxAge": 86400}, "institutionOwnership": {"ownershipList": [], "maxAge": 1}, "majorHoldersBreakdown": {"maxAge": 1}, "balanceSheetHistoryQuarterly": {"balanceSheetStatements": [{"maxAge": 1, "endDate": "2020-12-31", "totalStockholderEquity": 221546000, "netTangibleAssets": 218118000}, {"maxAge": 1, "endDate": "2020-09-30", "cash": 4134000, "netReceivables": 433958000, "inventory": 4981000, "otherCurrentAssets": 142086000, "totalCurrentAssets": 585159000, "longTermInvestments": 24969000, "propertyPlantEquipment": 10494000, "intangibleAssets": 3428000, "otherAssets": 14797000, "deferredLongTermAssetCharges": 1243000, "totalAssets": 638847000, "accountsPayable": 176192000, "otherCurrentLiab": 78140000, "longTermDebt": 43762000, "otherLiab": 1388000, "totalCurrentLiabilities": 370234000, "totalLiab": 417301000, "commonStock": 105462000, "treasuryStock": 116084000, "otherStockholderEquity": 116084000, "totalStockholderEquity": 221546000, "netTangibleAssets": 218118000}, {"maxAge": 1, "endDate": "2020-06-30", "cash": 3926000, "netReceivables": 456537000, "inventory": 6213000, "otherCurrentAssets": 139973000, "totalCurrentAssets": 606649000, "longTermInvestments": 24764000, "propertyPlantEquipment": 11013000, "intangibleAssets": 3653000, "otherAssets": 8819000, "deferredLongTermAssetCharges": 1243000, "totalAssets": 654898000, "accountsPayable": 194424000, "otherCurrentLiab": 82007000, "longTermDebt": 40279000, "otherLiab": 1388000, "totalCurrentLiabilities": 397476000, "totalLiab": 441060000, "commonStock": 105462000, "treasuryStock": 108376000, "otherStockholderEquity": 108376000, "totalStockholderEquity": 213838000, "netTangibleAssets": 210185000}, {"maxAge": 1, "endDate": "2019-12-31"}], "maxAge": 86400}, "indexTrend": {"maxAge": 1, "symbol": "SP5", "peRatio": 19.7411, "pegRatio": 1.34172, "estimates": [{"period": "0q", "growth": 0.549}, {"period": "+1q", "growth": 0.431}, {"period": "0y", "growth": 0.305}, {"period": "+1y", "growth": 0.109}, {"period": "+5y", "growth": 0.120865}, {"period": "-5y"}]}, "defaultKeyStatistics": {"maxAge": 1, "priceHint": 2, "enterpriseValue": 560645504, "profitMargins": 0.02994, "floatShares": 2193275, "sharesOutstanding": 10546200, "beta": 0.933286, "category": null, "bookValue": 20.985, "priceToBook": 1.8203479, "fundFamily": null, "legalType": null, "lastFiscalYearEnd": "2020-03-31 05:30:00", "nextFiscalYearEnd": "2022-03-31 05:30:00", "mostRecentQuarter": "2020-12-31 05:30:00", "earningsQuarterlyGrowth": 6.044, "netIncomeToCommon": 16779844, "trailingEps": 1.587, "lastSplitFactor": "8:5", "lastSplitDate": "2019-10-25 05:30:00", "enterpriseToRevenue": 1.0, "enterpriseToEbitda": 23.344}, "summaryProfile": {"address1": "706 to 709, Aravalli Business Center", "address2": "7th Floor R.C.Patel Road Off Sodawala Lane, Borivili (West)", "city": "Mumbai", "zip": "400092", "country": "India", "phone": "91 22 4217 1819", "fax": "91 22 2892 8833", "website": "http://www.vaishalipharma.com", "industry": "Drug Manufacturers\u2014Specialty & Generic", "sector": "Healthcare", "longBusinessSummary": "Vaishali Pharma Limited engages in the pharmaceutical business in India and internationally. It offers active pharmaceutical ingredients (APIs), including antibiotics, anti-ulcer, anti-inflammatory/analgesic/anti-pyretic, anti-malarial, cardiac, anti-diabetic, anti-cold/anti-allergic, anti-diarrheal/anti-protozoal/anti-parasitic, anti-viral, anti-epileptic, anti-asthmatic, anti-fungal, anti-platelet agent, skeletal muscle relaxant, and anti-helmintic drugs, as well as excipients, topical steroids, corticosteroids, and enzymes. The company also provides formulation products, such as antibiotics/antibacterial, anti-platelet, laxative, anti-ulcer/enzyme, anti-asthmatic, anti-malarial, anti-cold/anti-allergic/anti-viral, anti-psychotic, anti-fungal, anti-inflammatory/analgesic/anti-pyretic, anti-diabetic, cardiac, vitamins, topical steroids/corticosteroids, and other formulations. In addition, it offers veterinary pharmaceutical, nutraceutical, oncology, herbal, and surgical products. Vaishali Pharma Limited was founded in 1989 and is headquartered in Mumbai, India.", "fullTimeEmployees": 28, "companyOfficers": [], "maxAge": 86400}, "netSharePurchaseActivity": {"maxAge": 1, "period": "6m", "buyInfoCount": 0, "buyInfoShares": 0, "sellInfoCount": 0, "netInfoCount": 0, "netInfoShares": 0, "totalInsiderShares": 0}, "quoteType": {"exchange": "NSI", "quoteType": "EQUITY", "symbol": "VAISHALI.NS", "underlyingSymbol": "VAISHALI.NS", "shortName": "Vaishali Pharma Limited", "longName": "Vaishali Pharma Limited", "firstTradeDateEpochUtc": "2017-08-22 09:15:00", "timeZoneFullName": "Asia/Kolkata", "timeZoneShortName": "IST", "uuid": "a06d2fb5-55b1-31e9-b87f-2c6e08eb2130", "gmtOffSetMilliseconds": 19800000, "maxAge": 1}, "incomeStatementHistory": {"incomeStatementHistory": [{"maxAge": 1, "endDate": "2020-03-31", "totalRevenue": 600856905, "costOfRevenue": 511083637, "grossProfit": 89773268, "researchDevelopment": {}, "sellingGeneralAdministrative": 22092430, "nonRecurring": {}, "otherOperatingExpenses": 24000667, "totalOperatingExpenses": 596228471, "operatingIncome": 4628434, "totalOtherIncomeExpenseNet": -3837381, "ebit": 4628434, "interestExpense": -25563183, "incomeBeforeTax": 791053, "incomeTaxExpense": 463210, "minorityInterest": {}, "netIncomeFromContinuingOps": 327843, "discontinuedOperations": {}, "extraordinaryItems": {}, "effectOfAccountingCharges": {}, "otherItems": {}, "netIncome": 327843, "netIncomeApplicableToCommonShares": 327843}, {"maxAge": 1, "endDate": "2019-03-31", "totalRevenue": 750909731, "costOfRevenue": 686947868, "grossProfit": 63961863, "researchDevelopment": {}, "sellingGeneralAdministrative": 26406994, "nonRecurring": {}, "otherOperatingExpenses": 16746441, "totalOperatingExpenses": 732789381, "operatingIncome": 18120350, "totalOtherIncomeExpenseNet": -6795742, "ebit": 18120350, "interestExpense": -26606543, "incomeBeforeTax": 11324608, "incomeTaxExpense": 4188989, "minorityInterest": {}, "netIncomeFromContinuingOps": 7135619, "discontinuedOperations": {}, "extraordinaryItems": {}, "effectOfAccountingCharges": {}, "otherItems": {}, "netIncome": 7135619, "netIncomeApplicableToCommonShares": 7135619}, {"maxAge": 1, "endDate": "2018-03-31", "totalRevenue": 677640663, "costOfRevenue": 599356017, "grossProfit": 78284646, "researchDevelopment": {}, "sellingGeneralAdministrative": 27818189, "nonRecurring": {}, "otherOperatingExpenses": 22528146, "totalOperatingExpenses": 652249990, "operatingIncome": 25390673, "totalOtherIncomeExpenseNet": -11935828, "ebit": 25390673, "interestExpense": -28232924, "incomeBeforeTax": 13454845, "incomeTaxExpense": 5478901, "minorityInterest": {}, "netIncomeFromContinuingOps": 7975944, "discontinuedOperations": {}, "extraordinaryItems": {}, "effectOfAccountingCharges": {}, "otherItems": {}, "netIncome": 7975944, "netIncomeApplicableToCommonShares": 7975944}, {"maxAge": 1, "endDate": "2017-03-31", "totalRevenue": 639727511, "costOfRevenue": 561720568, "grossProfit": 78006943, "researchDevelopment": {}, "sellingGeneralAdministrative": 19750818, "nonRecurring": {}, "otherOperatingExpenses": 21943374, "totalOperatingExpenses": 606191978, "operatingIncome": 33535533, "totalOtherIncomeExpenseNet": -23197026, "ebit": 33535533, "interestExpense": -30346906, "incomeBeforeTax": 10338507, "incomeTaxExpense": 3229347, "minorityInterest": {}, "netIncomeFromContinuingOps": 7109160, "discontinuedOperations": {}, "extraordinaryItems": {}, "effectOfAccountingCharges": {}, "otherItems": {}, "netIncome": 7109160, "netIncomeApplicableToCommonShares": 7109160}], "maxAge": 86400}, "fundOwnership": {"ownershipList": [], "maxAge": 1}, "summaryDetail": {"maxAge": 1, "priceHint": 2, "previousClose": 40.2, "open": 38.2, "dayLow": 38.2, "dayHigh": 38.2, "regularMarketPreviousClose": 40.2, "regularMarketOpen": 38.2, "regularMarketDayLow": 38.2, "regularMarketDayHigh": 38.2, "payoutRatio": 0.0, "beta": 0.933286, "trailingPE": 24.070574, "volume": 47529, "regularMarketVolume": 47529, "averageVolume": 58366, "averageVolume10days": 18601, "averageDailyVolume10Day": 18601, "bid": 0.0, "ask": 0.0, "marketCap": 402864864, "fiftyTwoWeekLow": 28.35, "fiftyTwoWeekHigh": 77.05, "priceToSalesTrailing12Months": 0.71892023, "fiftyDayAverage": 36.592648, "twoHundredDayAverage": 39.90922, "currency": "INR", "fromCurrency": null, "lastMarket": null, "algorithm": null, "tradeable": false}, "incomeStatementHistoryQuarterly": {"incomeStatementHistory": [{"maxAge": 1, "endDate": "2020-12-31", "totalRevenue": 212963000, "costOfRevenue": 176540000, "grossProfit": 36423000, "researchDevelopment": {}, "sellingGeneralAdministrative": 4529000, "nonRecurring": {}, "otherOperatingExpenses": 4918000, "totalOperatingExpenses": 187047000, "operatingIncome": 25916000, "totalOtherIncomeExpenseNet": -2652000, "ebit": 25916000, "interestExpense": -5863000, "incomeBeforeTax": 23264000, "incomeTaxExpense": 6049000, "minorityInterest": {}, "netIncomeFromContinuingOps": 17215000, "discontinuedOperations": {}, "extraordinaryItems": {}, "effectOfAccountingCharges": {}, "otherItems": {}, "netIncome": 17215000, "netIncomeApplicableToCommonShares": 17215000}, {"maxAge": 1, "endDate": "2020-09-30", "totalRevenue": 100299000, "costOfRevenue": 77353000, "grossProfit": 22946000, "researchDevelopment": {}, "sellingGeneralAdministrative": 4490000, "nonRecurring": {}, "otherOperatingExpenses": 5587000, "totalOperatingExpenses": 88484000, "operatingIncome": 11815000, "totalOtherIncomeExpenseNet": -1400000, "ebit": 11815000, "interestExpense": -5130000, "incomeBeforeTax": 10415000, "incomeTaxExpense": 2708000, "minorityInterest": {}, "netIncomeFromContinuingOps": 7707000, "discontinuedOperations": {}, "extraordinaryItems": {}, "effectOfAccountingCharges": {}, "otherItems": {}, "netIncome": 7707000, "netIncomeApplicableToCommonShares": 7707000}, {"maxAge": 1, "endDate": "2020-06-30", "totalRevenue": 35663000, "costOfRevenue": 30376000, "grossProfit": 5287000, "researchDevelopment": {}, "sellingGeneralAdministrative": 4561000, "nonRecurring": {}, "otherOperatingExpenses": 643000, "totalOperatingExpenses": 36606000, "operatingIncome": -943000, "totalOtherIncomeExpenseNet": 975000, "ebit": -943000, "interestExpense": -4441000, "incomeBeforeTax": 32000, "incomeTaxExpense": 9000, "minorityInterest": {}, "netIncomeFromContinuingOps": 23000, "discontinuedOperations": {}, "extraordinaryItems": {}, "effectOfAccountingCharges": {}, "otherItems": {}, "netIncome": 23000, "netIncomeApplicableToCommonShares": 23000}, {"maxAge": 1, "endDate": "2019-12-31", "totalRevenue": 103581000, "costOfRevenue": 82067000, "grossProfit": 21514000, "researchDevelopment": {}, "sellingGeneralAdministrative": 3057000, "nonRecurring": {}, "otherOperatingExpenses": 8764000, "totalOperatingExpenses": 94488000, "operatingIncome": 9093000, "totalOtherIncomeExpenseNet": -5717000, "ebit": 9093000, "interestExpense": -5717000, "incomeBeforeTax": 3376000, "incomeTaxExpense": 932000, "minorityInterest": {}, "netIncomeFromContinuingOps": 2444000, "discontinuedOperations": {}, "extraordinaryItems": {}, "effectOfAccountingCharges": {}, "otherItems": {}, "netIncome": 2444000, "netIncomeApplicableToCommonShares": 2444000}], "maxAge": 86400}, "cashflowStatementHistoryQuarterly": {"cashflowStatements": [{"maxAge": 1, "endDate": "2020-12-31", "netIncome": 17215000, "changeToLiabilities": 0}, {"maxAge": 1, "endDate": "2020-09-30", "netIncome": 7707000, "depreciation": 1054000, "changeToNetincome": 4289000, "changeToAccountReceivables": 17371000, "changeToLiabilities": -18232000, "changeToInventory": 1233000, "changeToOperatingActivities": -10215000, "totalCashFromOperatingActivities": 3207000, "capitalExpenditures": -310000, "otherCashflowsFromInvestingActivities": 51000, "totalCashflowsFromInvestingActivities": -259000, "netBorrowings": 2389000, "otherCashflowsFromFinancingActivities": -5130000, "totalCashFromFinancingActivities": -2741000, "changeInCash": 208000}, {"maxAge": 1, "endDate": "2020-06-30", "netIncome": 23000, "depreciation": 1026000, "changeToNetincome": 1257000, "changeToAccountReceivables": 18964000, "changeToLiabilities": -22908000, "changeToInventory": 2587000, "changeToOperatingActivities": 1239000, "totalCashFromOperatingActivities": 2188000, "capitalExpenditures": -41000, "otherCashflowsFromInvestingActivities": 24000, "totalCashflowsFromInvestingActivities": -17000, "netBorrowings": 2429000, "otherCashflowsFromFinancingActivities": -4441000, "totalCashFromFinancingActivities": -2012000, "changeInCash": 158000}, {"maxAge": 1, "endDate": "2019-12-31", "netIncome": 2444000, "depreciation": 1026000, "changeToNetincome": 1257000, "changeToAccountReceivables": 18964000, "changeToLiabilities": 0, "changeToInventory": 2587000, "changeToOperatingActivities": 1239000, "totalCashFromOperatingActivities": 2188000, "capitalExpenditures": -41000, "otherCashflowsFromInvestingActivities": 24000, "totalCashflowsFromInvestingActivities": -17000, "netBorrowings": 2429000, "otherCashflowsFromFinancingActivities": -4441000, "totalCashFromFinancingActivities": -2012000, "changeInCash": 158000}], "maxAge": 86400}, "insiderHolders": {"holders": [], "maxAge": 1}, "calendarEvents": {"maxAge": 1, "earnings": {"earningsDate": []}}, "upgradeDowngradeHistory": {"history": [], "maxAge": 86400}, "price": {"maxAge": 1, "regularMarketChangePercent": -0.049751244, "regularMarketChange": -2.0, "regularMarketTime": "2021-04-30 15:29:51", "priceHint": 2, "regularMarketPrice": 38.2, "regularMarketDayHigh": 38.2, "regularMarketDayLow": 38.2, "regularMarketVolume": 47529, "averageDailyVolume10Day": 18601, "averageDailyVolume3Month": 58366, "regularMarketPreviousClose": 40.2, "regularMarketSource": "FREE_REALTIME", "regularMarketOpen": 38.2, "exchange": "NSI", "exchangeName": "NSE", "exchangeDataDelayedBy": 15, "marketState": "CLOSED", "quoteType": "EQUITY", "symbol": "VAISHALI.NS", "underlyingSymbol": null, "shortName": "Vaishali Pharma Limited", "longName": "Vaishali Pharma Limited", "currency": "INR", "quoteSourceName": "Delayed Quote", "currencySymbol": "\u20b9", "fromCurrency": null, "lastMarket": null, "marketCap": 402864864}, "balanceSheetHistory": {"balanceSheetStatements": [{"maxAge": 1, "endDate": "2020-03-31", "cash": 2832313, "netReceivables": 472579416, "inventory": 8800645, "otherCurrentAssets": 128813552, "totalCurrentAssets": 613065178, "longTermInvestments": 10814725, "propertyPlantEquipment": 11683393, "intangibleAssets": 3967657, "otherAssets": 22508183, "deferredLongTermAssetCharges": 1242956, "totalAssets": 662039136, "accountsPayable": 217331900, "shortLongTermDebt": 9593785, "otherCurrentLiab": 18621769, "longTermDebt": 40521348, "otherLiab": 1388134, "totalCurrentLiabilities": 404155944, "totalLiab": 448225275, "commonStock": 105462130, "retainedEarnings": 25189226, "treasuryStock": 1141561, "capitalSurplus": 82020944, "otherStockholderEquity": 1141561, "totalStockholderEquity": 213813861, "netTangibleAssets": 209846204}, {"maxAge": 1, "endDate": "2019-03-31", "cash": 2299910, "netReceivables": 498510758, "inventory": 9812734, "otherCurrentAssets": 118560862, "totalCurrentAssets": 629701882, "longTermInvestments": 10814725, "propertyPlantEquipment": 8784068, "intangibleAssets": 4948010, "otherAssets": 33262358, "deferredLongTermAssetCharges": 1096979, "totalAssets": 687511043, "accountsPayable": 245277781, "shortLongTermDebt": 8467907, "otherCurrentLiab": 30290240, "longTermDebt": 47796790, "otherLiab": 941997, "totalCurrentLiabilities": 424782561, "totalLiab": 473521348, "commonStock": 65913850, "retainedEarnings": 24861383, "treasuryStock": 1264477, "capitalSurplus": 121949985, "otherStockholderEquity": 1264477, "totalStockholderEquity": 213989695, "netTangibleAssets": 209041685}, {"maxAge": 1, "endDate": "2018-03-31", "cash": 2080943, "netReceivables": 451138333, "inventory": 18680113, "otherCurrentAssets": 118269772, "totalCurrentAssets": 590507395, "longTermInvestments": 10814725, "propertyPlantEquipment": 9846971, "intangibleAssets": 3610347, "otherAssets": 27446346, "deferredLongTermAssetCharges": 1205964, "totalAssets": 642225784, "accountsPayable": 223832731, "shortLongTermDebt": 8369632, "otherCurrentLiab": 8691941, "longTermDebt": 26455159, "otherLiab": 1825738, "totalCurrentLiabilities": 407928890, "totalLiab": 436209787, "commonStock": 65913850, "retainedEarnings": 17725764, "treasuryStock": 426397, "capitalSurplus": 121949986, "otherStockholderEquity": 426397, "totalStockholderEquity": 206015997, "netTangibleAssets": 202405650}, {"maxAge": 1, "endDate": "2017-03-31", "cash": 1819197, "netReceivables": 379004688, "inventory": 11546943, "otherCurrentAssets": 4776656, "totalCurrentAssets": 399077020, "longTermInvestments": 10251725, "propertyPlantEquipment": 11367041, "intangibleAssets": 1521641, "otherAssets": 26485170, "deferredLongTermAssetCharges": 1357467, "totalAssets": 448702597, "accountsPayable": 153809088, "shortLongTermDebt": 17430824, "otherCurrentLiab": 11481011, "longTermDebt": 33726808, "otherLiab": 1982259, "totalCurrentLiabilities": 373243710, "totalLiab": 408952777, "commonStock": 30000000, "retainedEarnings": 9749820, "totalStockholderEquity": 39749820, "netTangibleAssets": 38228179}], "maxAge": 86400}, "financialData": {"maxAge": 86400, "currentPrice": 38.2, "recommendationKey": "none", "totalCash": 4134000, "totalCashPerShare": 0.391, "ebitda": 24016780, "totalDebt": 161336000, "totalRevenue": 560374912, "debtToEquity": 72.823, "revenuePerShare": 52.993, "grossProfits": 89773268, "earningsGrowth": 6.087, "revenueGrowth": 1.056, "grossMargins": 0.17863001, "ebitdaMargins": 0.042859998, "operatingMargins": 0.03641, "profitMargins": 0.02994, "financialCurrency": "INR"}}}