{"VAKRANGEE.BO": {"recommendationTrend": {"trend": [{"period": "0m", "strongBuy": 0, "buy": 0, "hold": 0, "sell": 0, "strongSell": 0}, {"period": "-1m", "strongBuy": 0, "buy": 0, "hold": 0, "sell": 0, "strongSell": 0}, {"period": "-2m", "strongBuy": 0, "buy": 0, "hold": 0, "sell": 0, "strongSell": 0}, {"period": "-3m", "strongBuy": 0, "buy": 0, "hold": 0, "sell": 0, "strongSell": 0}], "maxAge": 86400}, "cashflowStatementHistory": {"cashflowStatements": [{"maxAge": 1, "endDate": "2020-03-31", "netIncome": 712801000, "depreciation": 147260000, "changeToNetincome": -804142000, "changeToAccountReceivables": -492523000, "changeToLiabilities": 346960000, "changeToInventory": -37071000, "changeToOperatingActivities": -381336000, "totalCashFromOperatingActivities": -508051000, "capitalExpenditures": -215002000, "investments": 3323000, "otherCashflowsFromInvestingActivities": 755393000, "totalCashflowsFromInvestingActivities": 682469000, "dividendsPaid": -264851000, "otherCashflowsFromFinancingActivities": -54441000, "totalCashFromFinancingActivities": -300867000, "effectOfExchangeRate": -16000, "changeInCash": -126465000, "issuanceOfStock": 18425000}, {"maxAge": 1, "endDate": "2019-03-31", "netIncome": 252263000, "depreciation": 87354000, "changeToNetincome": -614497000, "changeToAccountReceivables": -107430000, "changeToLiabilities": -3064322000, "changeToInventory": 130396000, "changeToOperatingActivities": -3767016000, "totalCashFromOperatingActivities": -7083252000, "capitalExpenditures": -723682000, "investments": 259484000, "otherCashflowsFromInvestingActivities": 792872000, "totalCashflowsFromInvestingActivities": 350441000, "dividendsPaid": -264701000, "otherCashflowsFromFinancingActivities": -54410000, "totalCashFromFinancingActivities": -319111000, "effectOfExchangeRate": -16000, "changeInCash": -7051922000, "issuanceOfStock": 18425000}, {"maxAge": 1, "endDate": "2018-03-31", "netIncome": 6804564000, "depreciation": 41704000, "changeToNetincome": -505160000, "changeToAccountReceivables": -4756103000, "changeToLiabilities": 3194210000, "changeToInventory": 4820425000, "changeToOperatingActivities": -4300952000, "totalCashFromOperatingActivities": 5298688000, "capitalExpenditures": -711842000, "investments": -572311000, "otherCashflowsFromInvestingActivities": 295230000, "totalCashflowsFromInvestingActivities": -988923000, "dividendsPaid": -1058803000, "otherCashflowsFromFinancingActivities": -318601000, "totalCashFromFinancingActivities": -1364978000, "effectOfExchangeRate": -34000, "changeInCash": 2944753000, "issuanceOfStock": 12426000}, {"maxAge": 1, "endDate": "2017-03-31", "netIncome": 5307952000, "depreciation": 733872000, "changeToNetincome": 571704000, "changeToAccountReceivables": 259216000, "changeToLiabilities": -859016000, "changeToInventory": 78682000, "changeToOperatingActivities": 595082000, "totalCashFromOperatingActivities": 6687492000, "capitalExpenditures": -111567000, "investments": 14000, "otherCashflowsFromInvestingActivities": 172975000, "totalCashflowsFromInvestingActivities": 536921000, "dividendsPaid": -661495000, "netBorrowings": -122198000, "otherCashflowsFromFinancingActivities": -635586000, "totalCashFromFinancingActivities": -1418554000, "effectOfExchangeRate": -16000, "changeInCash": 5805843000, "issuanceOfStock": 725000}], "maxAge": 86400}, "institutionOwnership": {"maxAge": 1, "ownershipList": []}, "balanceSheetHistoryQuarterly": {"balanceSheetStatements": [{"maxAge": 1, "endDate": "2020-06-30"}, {"maxAge": 1, "endDate": "2020-03-31", "cash": 150550000, "shortTermInvestments": 1546224000, "netReceivables": 14669914000, "inventory": 78138000, "otherCurrentAssets": 3853815000, "totalCurrentAssets": 20309013000, "longTermInvestments": 33439000, "propertyPlantEquipment": 1539689000, "intangibleAssets": 183000, "otherAssets": 6307036000, "deferredLongTermAssetCharges": 9264000, "totalAssets": 28189360000, "accountsPayable": 690798000, "otherCurrentLiab": 807230000, "otherLiab": 66835000, "totalCurrentLiabilities": 1749475000, "totalLiab": 1816310000, "commonStock": 1059406000, "retainedEarnings": 21007904000, "treasuryStock": 31056000, "capitalSurplus": 4274684000, "otherStockholderEquity": 31056000, "totalStockholderEquity": 26373050000, "netTangibleAssets": 26372867000}, {"maxAge": 1, "endDate": "2019-12-31", "totalStockholderEquity": 26022716000, "netTangibleAssets": 26022441000}, {"maxAge": 1, "endDate": "2019-09-30", "cash": 11463941000, "shortTermInvestments": 225727000, "netReceivables": 13456753000, "inventory": 157294000, "otherCurrentAssets": 843101000, "totalCurrentAssets": 26146816000, "longTermInvestments": 68895000, "propertyPlantEquipment": 1543056000, "intangibleAssets": 275000, "otherAssets": 110810000, "deferredLongTermAssetCharges": 31168000, "totalAssets": 27869852000, "accountsPayable": 546320000, "otherCurrentLiab": 1123947000, "otherLiab": 51443000, "totalCurrentLiabilities": 1795693000, "totalLiab": 1847136000, "commonStock": 1059406000, "treasuryStock": 24963310000, "otherStockholderEquity": 24963310000, "totalStockholderEquity": 26022716000, "netTangibleAssets": 26022441000}], "maxAge": 86400}, "earningsHistory": {"history": [{"maxAge": 1, "epsActual": {}, "epsEstimate": {}, "epsDifference": {}, "surprisePercent": {}, "quarter": {}, "period": "-4q"}, {"maxAge": 1, "epsActual": {}, "epsEstimate": {}, "epsDifference": {}, "surprisePercent": {}, "quarter": {}, "period": "-3q"}, {"maxAge": 1, "epsActual": {}, "epsEstimate": {}, "epsDifference": {}, "surprisePercent": {}, "quarter": {}, "period": "-2q"}, {"maxAge": 1, "epsActual": {}, "epsEstimate": {}, "epsDifference": {}, "surprisePercent": {}, "quarter": {}, "period": "-1q"}], "maxAge": 86400}, "indexTrend": {"maxAge": 1, "symbol": "SP5", "peRatio": 19.7411, "pegRatio": 1.34172, "estimates": [{"period": "0q", "growth": 0.549}, {"period": "+1q", "growth": 0.431}, {"period": "0y", "growth": 0.305}, {"period": "+1y", "growth": 0.109}, {"period": "+5y", "growth": 0.120865}, {"period": "-5y"}]}, "industryTrend": {"maxAge": 1, "symbol": null, "estimates": []}, "insiderTransactions": {"transactions": [{"maxAge": 1, "shares": 250000, "filerUrl": "", "transactionText": "", "filerName": "Nandwana (Dinesh Birdhilal)", "filerRelation": "Executive Chairman", "moneyText": "", "startDate": "2020-03-05", "ownership": "D"}, {"maxAge": 1, "shares": 25000, "filerUrl": "", "transactionText": "", "filerName": "Khanna (Anil)", "filerRelation": "Director (Executive)", "moneyText": "", "startDate": "2020-02-27", "ownership": "D"}, {"maxAge": 1, "shares": 334121, "filerUrl": "", "transactionText": "", "filerName": "Khanna (Anil)", "filerRelation": "Director (Executive)", "moneyText": "", "startDate": "2020-02-26", "ownership": "D"}, {"maxAge": 1, "shares": 500000, "filerUrl": "", "transactionText": "", "filerName": "Nandwana (Dinesh Birdhilal)", "filerRelation": "Executive Chairman", "moneyText": "", "startDate": "2020-02-26", "ownership": "D"}, {"maxAge": 1, "shares": 500000, "filerUrl": "", "transactionText": "", "filerName": "Nandwana (Dinesh Birdhilal)", "filerRelation": "Executive Chairman", "moneyText": "", "startDate": "2020-02-25", "ownership": "D"}, {"maxAge": 1, "shares": 71500, "filerUrl": "", "transactionText": "", "filerName": "Khanna (Anil)", "filerRelation": "Additonal Director", "moneyText": "", "startDate": "2020-02-20", "ownership": "D"}, {"maxAge": 1, "shares": 2500000, "filerUrl": "", "transactionText": "", "filerName": "Khanna (Anil)", "filerRelation": "Additonal Director", "moneyText": "", "startDate": "2019-12-31", "ownership": "D"}, {"maxAge": 1, "shares": 1000000, "filerUrl": "", "transactionText": "", "filerName": "Nandwana (Dinesh Birdhilal)", "filerRelation": "Executive Chairman", "moneyText": "", "startDate": "2019-12-05", "ownership": "D"}, {"maxAge": 1, "shares": 1300000, "filerUrl": "", "transactionText": "", "filerName": "Nandwana (Dinesh Birdhilal)", "filerRelation": "Executive Chairman", "moneyText": "", "startDate": "2019-09-30", "ownership": "D"}, {"maxAge": 1, "shares": 522895, "filerUrl": "", "transactionText": "", "filerName": "Nandwana (Dinesh Birdhilal)", "filerRelation": "Executive Chairman", "moneyText": "", "startDate": "2019-09-27", "ownership": "D"}, {"maxAge": 1, "shares": 1200000, "filerUrl": "", "transactionText": "", "filerName": "Nandwana (Dinesh Birdhilal)", "filerRelation": "Executive Chairman", "moneyText": "", "startDate": "2019-09-26", "ownership": "D"}, {"maxAge": 1, "shares": 3800000, "filerUrl": "", "transactionText": "", "filerName": "Nandwana (Dinesh Birdhilal)", "filerRelation": "Executive Chairman", "moneyText": "", "startDate": "2019-09-25", "ownership": "D"}, {"maxAge": 1, "shares": 31617100, "filerUrl": "", "transactionText": "", "filerName": "Nandwana (Dinesh Birdhilal)", "filerRelation": "Executive Chairman", "moneyText": "", "startDate": "2019-09-23", "ownership": "D"}, {"maxAge": 1, "shares": 1450000, "filerUrl": "", "transactionText": "", "filerName": "Nandwana (Dinesh Birdhilal)", "filerRelation": "Executive Chairman", "moneyText": "", "startDate": "2019-09-23", "ownership": "D"}, {"maxAge": 1, "shares": 112144, "filerUrl": "", "transactionText": "", "filerName": "Hayatnagarkar (Nishikant)", "filerRelation": "Wholetime Director", "moneyText": "", "startDate": "2019-05-03", "ownership": "D"}, {"maxAge": 1, "shares": 474518, "filerUrl": "", "transactionText": "", "filerName": "Khanna (Anil)", "filerRelation": "Additonal Director", "moneyText": "", "startDate": "2019-03-06", "ownership": "D"}, {"maxAge": 1, "shares": 600000, "filerUrl": "", "transactionText": "", "filerName": "Khanna (Anil)", "filerRelation": "Additonal Director", "moneyText": "", "startDate": "2019-02-28", "ownership": "D"}, {"maxAge": 1, "shares": 470482, "filerUrl": "", "transactionText": "", "filerName": "Khanna (Anil)", "filerRelation": "Additonal Director", "moneyText": "", "startDate": "2019-02-27", "ownership": "D"}, {"maxAge": 1, "shares": 100000, "filerUrl": "", "transactionText": "", "filerName": "Khanna (Anil)", "filerRelation": "Additonal Director", "moneyText": "", "startDate": "2019-02-04", "ownership": "D"}, {"maxAge": 1, "shares": 658000, "filerUrl": "", "transactionText": "", "filerName": "Khanna (Anil)", "filerRelation": "Additonal Director", "moneyText": "", "startDate": "2019-01-28", "ownership": "D"}], "maxAge": 1}, "quoteType": {"exchange": "BSE", "quoteType": "EQUITY", "symbol": "VAKRANGEE.BO", "underlyingSymbol": "VAKRANGEE.BO", "shortName": "VAKRANGEE LIMITED", "longName": "Vakrangee Limited", "firstTradeDateEpochUtc": "2002-01-28 09:15:00", "timeZoneFullName": "Asia/Kolkata", "timeZoneShortName": "IST", "uuid": "66044fc8-cc76-332c-906e-d23a01f1c682", "messageBoardId": null, "gmtOffSetMilliseconds": 19800000, "maxAge": 1}, "incomeStatementHistory": {"incomeStatementHistory": [{"maxAge": 1, "endDate": "2020-03-31", "totalRevenue": 6852216000, "costOfRevenue": 6324469000, "grossProfit": 527747000, "researchDevelopment": {}, "sellingGeneralAdministrative": 57953000, "nonRecurring": {}, "otherOperatingExpenses": 229438000, "totalOperatingExpenses": 6759120000, "operatingIncome": 93096000, "totalOtherIncomeExpenseNet": 822431000, "ebit": 93096000, "interestExpense": {}, "incomeBeforeTax": 915527000, "incomeTaxExpense": 202726000, "minorityInterest": {}, "netIncomeFromContinuingOps": 712801000, "discontinuedOperations": {}, "extraordinaryItems": {}, "effectOfAccountingCharges": {}, "otherItems": {}, "netIncome": 712801000, "netIncomeApplicableToCommonShares": 712801000}, {"maxAge": 1, "endDate": "2019-03-31", "totalRevenue": 15082269000, "costOfRevenue": 15015628000, "grossProfit": 66641000, "researchDevelopment": {}, "sellingGeneralAdministrative": 66217000, "nonRecurring": {}, "otherOperatingExpenses": 217112000, "totalOperatingExpenses": 15386311000, "operatingIncome": -304042000, "totalOtherIncomeExpenseNet": 817451000, "ebit": -304042000, "interestExpense": {}, "incomeBeforeTax": 513409000, "incomeTaxExpense": 261146000, "minorityInterest": {}, "netIncomeFromContinuingOps": 252263000, "discontinuedOperations": {}, "extraordinaryItems": {}, "effectOfAccountingCharges": {}, "otherItems": {}, "netIncome": 252263000, "netIncomeApplicableToCommonShares": 252263000}, {"maxAge": 1, "endDate": "2018-03-31", "totalRevenue": 65019956000, "costOfRevenue": 52347135000, "grossProfit": 12672821000, "researchDevelopment": {}, "sellingGeneralAdministrative": 82753000, "nonRecurring": {}, "otherOperatingExpenses": 158046000, "totalOperatingExpenses": 54995290000, "operatingIncome": 10024666000, "totalOtherIncomeExpenseNet": 214044000, "ebit": 10024666000, "interestExpense": -81420000, "incomeBeforeTax": 10238710000, "incomeTaxExpense": 3434146000, "minorityInterest": {}, "netIncomeFromContinuingOps": 6804564000, "discontinuedOperations": {}, "extraordinaryItems": {}, "effectOfAccountingCharges": {}, "otherItems": {}, "netIncome": 6804564000, "netIncomeApplicableToCommonShares": 6804564000}, {"maxAge": 1, "endDate": "2017-03-31", "totalRevenue": 40004638000, "costOfRevenue": 30195952000, "grossProfit": 9808686000, "researchDevelopment": {}, "sellingGeneralAdministrative": 71160000, "nonRecurring": {}, "otherOperatingExpenses": 276817000, "totalOperatingExpenses": 31278410000, "operatingIncome": 8726228000, "totalOtherIncomeExpenseNet": -448088000, "ebit": 8726228000, "interestExpense": -467189000, "incomeBeforeTax": 8278140000, "incomeTaxExpense": 2970188000, "minorityInterest": {}, "netIncomeFromContinuingOps": 5307952000, "discontinuedOperations": {}, "extraordinaryItems": {}, "effectOfAccountingCharges": {}, "otherItems": {}, "netIncome": 5307952000, "netIncomeApplicableToCommonShares": 5307952000}], "maxAge": 86400}, "fundOwnership": {"maxAge": 1, "ownershipList": []}, "summaryDetail": {"maxAge": 1, "priceHint": 2, "previousClose": 51.85, "open": 52.0, "dayLow": 50.5, "dayHigh": 52.0, "regularMarketPreviousClose": 51.85, "regularMarketOpen": 52.0, "regularMarketDayLow": 50.5, "regularMarketDayHigh": 52.0, "trailingPE": 71.28852, "volume": 116694, "regularMarketVolume": 116694, "averageVolume": 856142, "averageVolume10days": 302045, "averageDailyVolume10Day": 302045, "bid": 0.0, "ask": 50.9, "bidSize": 0, "askSize": 0, "marketCap": 53923971072, "fiftyTwoWeekLow": 17.1, "fiftyTwoWeekHigh": 69.85, "fiftyDayAverage": 60.24853, "twoHundredDayAverage": 39.505516, "trailingAnnualDividendRate": 0.25, "trailingAnnualDividendYield": 0.004821601, "currency": "INR", "fromCurrency": null, "toCurrency": null, "lastMarket": null, "algorithm": null, "tradeable": false}, "sectorTrend": {"maxAge": 1, "symbol": null, "estimates": []}, "incomeStatementHistoryQuarterly": {"incomeStatementHistory": [{"maxAge": 1, "endDate": "2020-06-30", "totalRevenue": 678508000, "costOfRevenue": 603443000, "grossProfit": 75065000, "researchDevelopment": {}, "sellingGeneralAdministrative": {}, "nonRecurring": {}, "otherOperatingExpenses": 41912000, "totalOperatingExpenses": 684113000, "operatingIncome": -5605000, "totalOtherIncomeExpenseNet": 170906000, "ebit": -5605000, "interestExpense": {}, "incomeBeforeTax": 165301000, "incomeTaxExpense": 46366000, "minorityInterest": {}, "netIncomeFromContinuingOps": 118935000, "discontinuedOperations": {}, "extraordinaryItems": {}, "effectOfAccountingCharges": {}, "otherItems": {}, "netIncome": 118935000, "netIncomeApplicableToCommonShares": 118935000}, {"maxAge": 1, "endDate": "2020-03-31", "totalRevenue": 2073900000, "costOfRevenue": 1855441000, "grossProfit": 218459000, "researchDevelopment": {}, "sellingGeneralAdministrative": 57953000, "nonRecurring": {}, "otherOperatingExpenses": 9071000, "totalOperatingExpenses": 1960909000, "operatingIncome": 112991000, "totalOtherIncomeExpenseNet": 192373000, "ebit": 112991000, "interestExpense": {}, "incomeBeforeTax": 305364000, "incomeTaxExpense": -6202000, "minorityInterest": {}, "netIncomeFromContinuingOps": 311566000, "discontinuedOperations": {}, "extraordinaryItems": {}, "effectOfAccountingCharges": {}, "otherItems": {}, "netIncome": 311566000, "netIncomeApplicableToCommonShares": 311566000}, {"maxAge": 1, "endDate": "2019-12-31", "totalRevenue": 1991978000, "costOfRevenue": 1821128000, "grossProfit": 170850000, "researchDevelopment": {}, "sellingGeneralAdministrative": 57953000, "nonRecurring": {}, "otherOperatingExpenses": 66661000, "totalOperatingExpenses": 1925514000, "operatingIncome": 66464000, "totalOtherIncomeExpenseNet": 217544000, "ebit": 66464000, "interestExpense": {}, "incomeBeforeTax": 284008000, "incomeTaxExpense": 69604000, "minorityInterest": {}, "netIncomeFromContinuingOps": 214404000, "discontinuedOperations": {}, "extraordinaryItems": {}, "effectOfAccountingCharges": {}, "otherItems": {}, "netIncome": 214404000, "netIncomeApplicableToCommonShares": 214404000}, {"maxAge": 1, "endDate": "2019-09-30", "totalRevenue": 1518530000, "costOfRevenue": 1422045000, "grossProfit": 96485000, "researchDevelopment": {}, "sellingGeneralAdministrative": 57953000, "nonRecurring": {}, "otherOperatingExpenses": 99240000, "totalOperatingExpenses": 1557336000, "operatingIncome": -38806000, "totalOtherIncomeExpenseNet": 207353000, "ebit": -38806000, "interestExpense": {}, "incomeBeforeTax": 168547000, "incomeTaxExpense": 59856000, "minorityInterest": {}, "netIncomeFromContinuingOps": 108691000, "discontinuedOperations": {}, "extraordinaryItems": {}, "effectOfAccountingCharges": {}, "otherItems": {}, "netIncome": 108691000, "netIncomeApplicableToCommonShares": 108691000}], "maxAge": 86400}, "cashflowStatementHistoryQuarterly": {"cashflowStatements": [{"maxAge": 1, "endDate": "2020-06-30", "netIncome": 118935000, "changeToLiabilities": 0}, {"maxAge": 1, "endDate": "2020-03-31", "netIncome": 311566000, "changeToLiabilities": 0}, {"maxAge": 1, "endDate": "2019-12-31", "netIncome": 214404000, "changeToLiabilities": 0}, {"maxAge": 1, "endDate": "2019-09-30", "netIncome": 108691000, "changeToLiabilities": 0}], "maxAge": 86400}, "insiderHolders": {"holders": [{"maxAge": 1, "name": "Hayatnagarkar (Nishikant)", "relation": "Wholetime Director", "url": "", "transactionDescription": "Other", "latestTransDate": "2019-05-03", "positionDirect": 149288, "positionDirectDate": "2019-05-03"}, {"maxAge": 1, "name": "Khanna (Anil)", "relation": "Director (Executive)", "url": "", "transactionDescription": "Sale", "latestTransDate": "2020-02-27", "positionDirect": 1794979, "positionDirectDate": "2020-02-27"}, {"maxAge": 1, "name": "Nandwana (Dinesh Birdhilal)", "relation": "Executive Chairman", "url": "", "transactionDescription": "Acquisition", "latestTransDate": "2020-03-05", "positionDirect": 69107095, "positionDirectDate": "2020-03-05"}], "maxAge": 1}, "earnings": {"maxAge": 86400, "earningsChart": {"quarterly": [], "earningsDate": []}, "financialsChart": {"yearly": [{"date": 2017, "revenue": 40004638000, "earnings": 5307952000}, {"date": 2018, "revenue": 65019956000, "earnings": 6804564000}, {"date": 2019, "revenue": 15082269000, "earnings": 252263000}, {"date": 2020, "revenue": 6852216000, "earnings": 712801000}], "quarterly": [{"date": "3Q2019", "revenue": 1518530000, "earnings": 108691000}, {"date": "4Q2019", "revenue": 1991978000, "earnings": 214404000}, {"date": "1Q2020", "revenue": 2073900000, "earnings": 311566000}, {"date": "2Q2020", "revenue": 678508000, "earnings": 118935000}]}, "financialCurrency": "INR"}, "calendarEvents": {"maxAge": 1, "earnings": {"earningsDate": []}}, "price": {"maxAge": 1, "regularMarketChangePercent": -0.018322024, "regularMarketChange": -0.94999695, "regularMarketTime": "2021-04-30 15:47:39", "priceHint": 2, "regularMarketPrice": 50.9, "regularMarketDayHigh": 52.0, "regularMarketDayLow": 50.5, "regularMarketVolume": 116694, "averageDailyVolume10Day": 302045, "averageDailyVolume3Month": 856142, "regularMarketPreviousClose": 51.85, "regularMarketSource": "FREE_REALTIME", "regularMarketOpen": 52.0, "exchange": "BSE", "exchangeName": "BSE", "exchangeDataDelayedBy": 0, "marketState": "CLOSED", "quoteType": "EQUITY", "symbol": "VAKRANGEE.BO", "underlyingSymbol": null, "shortName": "VAKRANGEE LIMITED", "longName": "Vakrangee Limited", "currency": "INR", "quoteSourceName": "Delayed Quote", "currencySymbol": "\u20b9", "fromCurrency": null, "toCurrency": null, "lastMarket": null, "marketCap": 53923971072}, "balanceSheetHistory": {"balanceSheetStatements": [{"maxAge": 1, "endDate": "2020-03-31", "cash": 150550000, "shortTermInvestments": 1546224000, "netReceivables": 14669914000, "inventory": 78138000, "otherCurrentAssets": 3853815000, "totalCurrentAssets": 20309013000, "longTermInvestments": 33439000, "propertyPlantEquipment": 1539689000, "intangibleAssets": 183000, "otherAssets": 6307036000, "deferredLongTermAssetCharges": 9264000, "totalAssets": 28189360000, "accountsPayable": 690798000, "otherCurrentLiab": 807230000, "otherLiab": 66835000, "totalCurrentLiabilities": 1749475000, "totalLiab": 1816310000, "commonStock": 1059406000, "retainedEarnings": 21007904000, "treasuryStock": 31056000, "capitalSurplus": 4274684000, "otherStockholderEquity": 31056000, "totalStockholderEquity": 26373050000, "netTangibleAssets": 26372867000}, {"maxAge": 1, "endDate": "2019-03-31", "cash": 277015000, "shortTermInvestments": 11003582000, "netReceivables": 13383553000, "inventory": 41067000, "otherCurrentAssets": 623264000, "totalCurrentAssets": 25357860000, "longTermInvestments": 36762000, "propertyPlantEquipment": 1561778000, "intangibleAssets": 367000, "otherAssets": 220486000, "deferredLongTermAssetCharges": 53847000, "totalAssets": 27177253000, "accountsPayable": 338756000, "otherCurrentLiab": 646984000, "otherLiab": 56987000, "totalCurrentLiabilities": 1098226000, "totalLiab": 1155213000, "commonStock": 1058803000, "retainedEarnings": 20614395000, "treasuryStock": 116990000, "capitalSurplus": 4231852000, "otherStockholderEquity": 116990000, "totalStockholderEquity": 26022040000, "netTangibleAssets": 26021673000}, {"maxAge": 1, "endDate": "2018-03-31", "cash": 7328937000, "shortTermInvestments": 7247049000, "netReceivables": 13399158000, "inventory": 171463000, "otherCurrentAssets": 255771000, "totalCurrentAssets": 28420303000, "longTermInvestments": 320138000, "propertyPlantEquipment": 928993000, "otherAssets": 256987000, "deferredLongTermAssetCharges": 113200000, "totalAssets": 29926421000, "accountsPayable": 3401882000, "otherCurrentLiab": 403853000, "otherLiab": 74988000, "totalCurrentLiabilities": 3927308000, "totalLiab": 4002296000, "commonStock": 1058803000, "retainedEarnings": 20681242000, "treasuryStock": -47772000, "capitalSurplus": 4231852000, "otherStockholderEquity": -47772000, "totalStockholderEquity": 25924125000, "netTangibleAssets": 25924125000}, {"maxAge": 1, "endDate": "2017-03-31", "cash": 5824373000, "shortTermInvestments": 15782000, "netReceivables": 8401781000, "inventory": 4991888000, "otherCurrentAssets": 3014864000, "totalCurrentAssets": 22277976000, "longTermInvestments": 12852000, "propertyPlantEquipment": 286600000, "otherAssets": 106996000, "deferredLongTermAssetCharges": 18591000, "totalAssets": 22684424000, "accountsPayable": 296868000, "otherCurrentLiab": 301244000, "otherLiab": 37038000, "totalCurrentLiabilities": 2109860000, "totalLiab": 2146898000, "commonStock": 529232000, "retainedEarnings": 15680434000, "treasuryStock": 126877000, "capitalSurplus": 4200983000, "otherStockholderEquity": 126877000, "totalStockholderEquity": 20537526000, "netTangibleAssets": 20537526000}], "maxAge": 86400}, "earningsTrend": {"trend": [{"maxAge": 1, "period": "0q", "endDate": null, "growth": {}, "earningsEstimate": {"avg": 0.0, "low": 0.0, "high": 0.0, "yearAgoEps": {}, "numberOfAnalysts": 0, "growth": {}}, "revenueEstimate": {"avg": 0, "low": 0, "high": 0, "numberOfAnalysts": 0, "yearAgoRevenue": {}, "growth": {}}, "epsTrend": {"current": 0.0, "7daysAgo": 0.0, "30daysAgo": 0.0, "60daysAgo": 0.0, "90daysAgo": 0.0}, "epsRevisions": {"upLast7days": 0, "upLast30days": 0, "downLast30days": 0, "downLast90days": {}}}, {"maxAge": 1, "period": "+1q", "endDate": null, "growth": {}, "earningsEstimate": {"avg": 0.0, "low": 0.0, "high": 0.0, "yearAgoEps": {}, "numberOfAnalysts": 0, "growth": {}}, "revenueEstimate": {"avg": 0, "low": 0, "high": 0, "numberOfAnalysts": 0, "yearAgoRevenue": {}, "growth": {}}, "epsTrend": {"current": 0.0, "7daysAgo": 0.0, "30daysAgo": 0.0, "60daysAgo": 0.0, "90daysAgo": 0.0}, "epsRevisions": {"upLast7days": 0, "upLast30days": 0, "downLast30days": 0, "downLast90days": {}}}, {"maxAge": 1, "period": "0y", "endDate": null, "growth": {}, "earningsEstimate": {"avg": 0.0, "low": 0.0, "high": 0.0, "yearAgoEps": {}, "numberOfAnalysts": 0, "growth": {}}, "revenueEstimate": {"avg": 0, "low": 0, "high": 0, "numberOfAnalysts": 0, "yearAgoRevenue": {}, "growth": {}}, "epsTrend": {"current": 0.0, "7daysAgo": 0.0, "30daysAgo": 0.0, "60daysAgo": 0.0, "90daysAgo": 0.0}, "epsRevisions": {"upLast7days": 0, "upLast30days": 0, "downLast30days": 0, "downLast90days": {}}}, {"maxAge": 1, "period": "+1y", "endDate": null, "growth": {}, "earningsEstimate": {"avg": 0.0, "low": 0.0, "high": 0.0, "yearAgoEps": {}, "numberOfAnalysts": 0, "growth": {}}, "revenueEstimate": {"avg": 0, "low": 0, "high": 0, "numberOfAnalysts": 0, "yearAgoRevenue": {}, "growth": {}}, "epsTrend": {"current": 0.0, "7daysAgo": 0.0, "30daysAgo": 0.0, "60daysAgo": 0.0, "90daysAgo": 0.0}, "epsRevisions": {"upLast7days": 0, "upLast30days": 0, "downLast30days": 0, "downLast90days": {}}}, {"maxAge": 1, "period": "+5y", "endDate": null, "growth": {}, "earningsEstimate": {"avg": {}, "low": {}, "high": {}, "yearAgoEps": {}, "numberOfAnalysts": {}, "growth": {}}, "revenueEstimate": {"avg": {}, "low": {}, "high": {}, "numberOfAnalysts": {}, "yearAgoRevenue": {}, "growth": {}}, "epsTrend": {"current": {}, "7daysAgo": {}, "30daysAgo": {}, "60daysAgo": {}, "90daysAgo": {}}, "epsRevisions": {"upLast7days": {}, "upLast30days": {}, "downLast30days": {}, "downLast90days": {}}}, {"maxAge": 1, "period": "-5y", "endDate": null, "growth": {}, "earningsEstimate": {"avg": {}, "low": {}, "high": {}, "yearAgoEps": {}, "numberOfAnalysts": {}, "growth": {}}, "revenueEstimate": {"avg": {}, "low": {}, "high": {}, "numberOfAnalysts": {}, "yearAgoRevenue": {}, "growth": {}}, "epsTrend": {"current": {}, "7daysAgo": {}, "30daysAgo": {}, "60daysAgo": {}, "90daysAgo": {}}, "epsRevisions": {"upLast7days": {}, "upLast30days": {}, "downLast30days": {}, "downLast90days": {}}}], "maxAge": 1}, "financialData": {"maxAge": 86400, "currentPrice": 50.9, "targetHighPrice": 380.0, "targetLowPrice": 380.0, "targetMeanPrice": 380.0, "targetMedianPrice": 380.0, "recommendationKey": "none", "numberOfAnalystOpinions": 1, "grossProfits": 527747000, "financialCurrency": "INR"}}}