{"VALSONQ.BO": {"cashflowStatementHistory": {"cashflowStatements": [{"maxAge": 1, "endDate": "2020-03-31", "netIncome": 7057000, "depreciation": 30723000, "changeToNetincome": 5663000, "changeToLiabilities": 0, "changeToInventory": -7342000, "changeToOperatingActivities": 14788000, "totalCashFromOperatingActivities": 51004000, "capitalExpenditures": -39777000, "otherCashflowsFromInvestingActivities": 3747000, "totalCashflowsFromInvestingActivities": -36847000, "dividendsPaid": -7661000, "netBorrowings": 6471000, "otherCashflowsFromFinancingActivities": -12354000, "totalCashFromFinancingActivities": -13544000, "changeInCash": 614000}, {"maxAge": 1, "endDate": "2019-03-31", "netIncome": 21924000, "depreciation": 30676000, "changeToNetincome": -266000, "changeToLiabilities": 0, "changeToInventory": -30000000, "changeToOperatingActivities": -2925000, "totalCashFromOperatingActivities": 19409000, "capitalExpenditures": -29009000, "otherCashflowsFromInvestingActivities": 4003000, "totalCashflowsFromInvestingActivities": -24461000, "dividendsPaid": -7661000, "netBorrowings": 22259000, "otherCashflowsFromFinancingActivities": -9709000, "totalCashFromFinancingActivities": 4889000, "changeInCash": -164000}, {"maxAge": 1, "endDate": "2018-03-31", "netIncome": 23711000, "depreciation": 28788000, "changeToNetincome": 4869000, "changeToLiabilities": 0, "changeToInventory": -3005000, "changeToOperatingActivities": -1214000, "totalCashFromOperatingActivities": 53149000, "capitalExpenditures": -71792000, "investments": 1490000, "otherCashflowsFromInvestingActivities": 2243000, "totalCashflowsFromInvestingActivities": -64258000, "dividendsPaid": -7661000, "netBorrowings": 25054000, "otherCashflowsFromFinancingActivities": -7033000, "totalCashFromFinancingActivities": 10360000, "changeInCash": -748000}, {"maxAge": 1, "endDate": "2017-03-31", "netIncome": 24386000, "depreciation": 25959000, "changeToNetincome": -2719000, "changeToLiabilities": 0, "changeToInventory": 2441000, "changeToOperatingActivities": -22539000, "totalCashFromOperatingActivities": 27832000, "capitalExpenditures": -63910000, "investments": -300000, "otherCashflowsFromInvestingActivities": 4299000, "totalCashflowsFromInvestingActivities": -34279000, "dividendsPaid": -7661000, "netBorrowings": 20166000, "otherCashflowsFromFinancingActivities": -5905000, "totalCashFromFinancingActivities": 6600000, "changeInCash": 153000}], "maxAge": 86400}, "institutionOwnership": {"maxAge": 1, "ownershipList": []}, "balanceSheetHistoryQuarterly": {"balanceSheetStatements": [{"maxAge": 1, "endDate": "2020-06-30", "totalStockholderEquity": 317636000, "netTangibleAssets": 317113000}, {"maxAge": 1, "endDate": "2020-03-31", "cash": 1126000, "netReceivables": 85063000, "inventory": 84255000, "otherCurrentAssets": 23024000, "totalCurrentAssets": 194643000, "propertyPlantEquipment": 341961000, "intangibleAssets": 523000, "otherAssets": 5868000, "totalAssets": 542995000, "accountsPayable": 42356000, "shortLongTermDebt": 14335000, "otherCurrentLiab": 23027000, "longTermDebt": 59549000, "otherLiab": 31690000, "totalCurrentLiabilities": 134120000, "totalLiab": 225359000, "commonStock": 76608000, "retainedEarnings": 224394000, "treasuryStock": 580000, "capitalSurplus": 16054000, "otherStockholderEquity": 580000, "totalStockholderEquity": 317636000, "netTangibleAssets": 317113000}, {"maxAge": 1, "endDate": "2019-12-31", "totalStockholderEquity": 323028000, "netTangibleAssets": 322448000}, {"maxAge": 1, "endDate": "2019-09-30", "cash": 4312000, "netReceivables": 98878000, "inventory": 66866000, "otherCurrentAssets": 28421000, "totalCurrentAssets": 198477000, "propertyPlantEquipment": 345290000, "intangibleAssets": 580000, "otherAssets": 5398000, "totalAssets": 549745000, "accountsPayable": 56649000, "otherCurrentLiab": 36518000, "longTermDebt": 49707000, "otherLiab": 34316000, "totalCurrentLiabilities": 142694000, "totalLiab": 226717000, "commonStock": 76608000, "treasuryStock": 246420000, "otherStockholderEquity": 246420000, "totalStockholderEquity": 323028000, "netTangibleAssets": 322448000}], "maxAge": 86400}, "indexTrend": {"maxAge": 1, "symbol": "SP5", "peRatio": 19.7411, "pegRatio": 1.34172, "estimates": [{"period": "0q", "growth": 0.549}, {"period": "+1q", "growth": 0.431}, {"period": "0y", "growth": 0.305}, {"period": "+1y", "growth": 0.109}, {"period": "+5y", "growth": 0.120859005}, {"period": "-5y"}]}, "insiderTransactions": {"transactions": [{"maxAge": 1, "shares": 28000, "filerUrl": "", "transactionText": "", "filerName": "Mutreja (Saachi Ankit)", "filerRelation": "Promoter", "moneyText": "", "startDate": "2018-10-26", "ownership": "D"}, {"maxAge": 1, "shares": 46000, "filerUrl": "", "transactionText": "", "filerName": "Mutreja (Shweta Varun)", "filerRelation": "Promoter", "moneyText": "", "startDate": "2018-10-26", "ownership": "D"}, {"maxAge": 1, "shares": 18315, "filerUrl": "", "transactionText": "", "filerName": "Mutreja (Ankit S)", "filerRelation": "Promoter", "moneyText": "", "startDate": "2018-10-26", "ownership": "D"}, {"maxAge": 1, "shares": 50000, "filerUrl": "", "transactionText": "", "filerName": "Mutreja (Asha S)", "filerRelation": "Promoter", "moneyText": "", "startDate": "2018-10-26", "ownership": "D"}], "maxAge": 1}, "quoteType": {"exchange": "BSE", "quoteType": "EQUITY", "symbol": "VALSONQ.BO", "underlyingSymbol": "VALSONQ.BO", "shortName": "VALSON INDUSTRIES LTD.", "longName": "Valson Industries Limited", "firstTradeDateEpochUtc": "2000-01-03 09:15:00", "timeZoneFullName": "Asia/Kolkata", "timeZoneShortName": "IST", "uuid": "cba5b797-c46e-3163-a115-4f5ab082ee86", "messageBoardId": null, "gmtOffSetMilliseconds": 19800000, "maxAge": 1}, "incomeStatementHistory": {"incomeStatementHistory": [{"maxAge": 1, "endDate": "2020-03-31", "totalRevenue": 915472000, "costOfRevenue": 543737000, "grossProfit": 371735000, "researchDevelopment": {}, "sellingGeneralAdministrative": 131635000, "nonRecurring": {}, "otherOperatingExpenses": 197757000, "totalOperatingExpenses": 903770000, "operatingIncome": 11702000, "totalOtherIncomeExpenseNet": -5934000, "ebit": 11702000, "interestExpense": -10780000, "incomeBeforeTax": 5768000, "incomeTaxExpense": -1289000, "minorityInterest": {}, "netIncomeFromContinuingOps": 7057000, "discontinuedOperations": {}, "extraordinaryItems": {}, "effectOfAccountingCharges": {}, "otherItems": {}, "netIncome": 7057000, "netIncomeApplicableToCommonShares": 7057000}, {"maxAge": 1, "endDate": "2019-03-31", "totalRevenue": 1048231000, "costOfRevenue": 643912000, "grossProfit": 404319000, "researchDevelopment": {}, "sellingGeneralAdministrative": 134820000, "nonRecurring": {}, "otherOperatingExpenses": 210973000, "totalOperatingExpenses": 1020380000, "operatingIncome": 27851000, "totalOtherIncomeExpenseNet": -3358000, "ebit": 27851000, "interestExpense": -8134000, "incomeBeforeTax": 24493000, "incomeTaxExpense": 2569000, "minorityInterest": {}, "netIncomeFromContinuingOps": 21924000, "discontinuedOperations": {}, "extraordinaryItems": {}, "effectOfAccountingCharges": {}, "otherItems": {}, "netIncome": 21924000, "netIncomeApplicableToCommonShares": 21924000}, {"maxAge": 1, "endDate": "2018-03-31", "totalRevenue": 982783000, "costOfRevenue": 576218000, "grossProfit": 406565000, "researchDevelopment": {}, "sellingGeneralAdministrative": 138851000, "nonRecurring": {}, "otherOperatingExpenses": 203405000, "totalOperatingExpenses": 947262000, "operatingIncome": 35521000, "totalOtherIncomeExpenseNet": 236000, "ebit": 35521000, "interestExpense": -5473000, "incomeBeforeTax": 35757000, "incomeTaxExpense": 12046000, "minorityInterest": {}, "netIncomeFromContinuingOps": 23711000, "discontinuedOperations": {}, "extraordinaryItems": {}, "effectOfAccountingCharges": {}, "otherItems": {}, "netIncome": 23711000, "netIncomeApplicableToCommonShares": 23711000}, {"maxAge": 1, "endDate": "2017-03-31", "totalRevenue": 983887000, "costOfRevenue": 597176000, "grossProfit": 386711000, "researchDevelopment": {}, "sellingGeneralAdministrative": 115502000, "nonRecurring": {}, "otherOperatingExpenses": 211153000, "totalOperatingExpenses": 950094000, "operatingIncome": 33793000, "totalOtherIncomeExpenseNet": 1350000, "ebit": 33793000, "interestExpense": -4337000, "incomeBeforeTax": 35143000, "incomeTaxExpense": 10757000, "minorityInterest": {}, "netIncomeFromContinuingOps": 24386000, "discontinuedOperations": {}, "extraordinaryItems": {}, "effectOfAccountingCharges": {}, "otherItems": {}, "netIncome": 24386000, "netIncomeApplicableToCommonShares": 24386000}], "maxAge": 86400}, "fundOwnership": {"maxAge": 1, "ownershipList": []}, "summaryDetail": {"maxAge": 1, "priceHint": 2, "previousClose": 17.77, "open": 17.77, "dayLow": 17.23, "dayHigh": 18.65, "regularMarketPreviousClose": 17.77, "regularMarketOpen": 17.77, "regularMarketDayLow": 17.23, "regularMarketDayHigh": 18.65, "volume": 14741, "regularMarketVolume": 14741, "averageVolume": 5651, "averageVolume10days": 2556, "averageDailyVolume10Day": 2556, "bid": 18.17, "ask": 18.56, "bidSize": 0, "askSize": 0, "marketCap": 139886208, "fiftyTwoWeekLow": 10.05, "fiftyTwoWeekHigh": 18.99, "fiftyDayAverage": 15.795714, "twoHundredDayAverage": 15.034015, "trailingAnnualDividendRate": 1.0, "trailingAnnualDividendYield": 0.05627462, "currency": "INR", "fromCurrency": null, "toCurrency": null, "lastMarket": null, "algorithm": null, "tradeable": false}, "incomeStatementHistoryQuarterly": {"incomeStatementHistory": [{"maxAge": 1, "endDate": "2020-06-30", "totalRevenue": 51243000, "costOfRevenue": 47814000, "grossProfit": 3429000, "researchDevelopment": {}, "sellingGeneralAdministrative": 13358000, "nonRecurring": {}, "otherOperatingExpenses": 12013000, "totalOperatingExpenses": 80809000, "operatingIncome": -29566000, "totalOtherIncomeExpenseNet": -2576000, "ebit": -29566000, "interestExpense": -2739000, "incomeBeforeTax": -32142000, "incomeTaxExpense": -979000, "minorityInterest": {}, "netIncomeFromContinuingOps": -31163000, "discontinuedOperations": {}, "extraordinaryItems": {}, "effectOfAccountingCharges": {}, "otherItems": {}, "netIncome": -31163000, "netIncomeApplicableToCommonShares": -31163000}, {"maxAge": 1, "endDate": "2020-03-31", "totalRevenue": 211165000, "costOfRevenue": 56292000, "grossProfit": 154873000, "researchDevelopment": {}, "sellingGeneralAdministrative": 31834000, "nonRecurring": {}, "otherOperatingExpenses": 115124000, "totalOperatingExpenses": 210809000, "operatingIncome": 356000, "totalOtherIncomeExpenseNet": -1187000, "ebit": 356000, "interestExpense": -2741000, "incomeBeforeTax": -831000, "incomeTaxExpense": -2568000, "minorityInterest": {}, "netIncomeFromContinuingOps": 1737000, "discontinuedOperations": {}, "extraordinaryItems": {}, "effectOfAccountingCharges": {}, "otherItems": {}, "netIncome": 1737000, "netIncomeApplicableToCommonShares": 1737000}, {"maxAge": 1, "endDate": "2019-12-31", "totalRevenue": 223820000, "costOfRevenue": 151134000, "grossProfit": 72686000, "researchDevelopment": {}, "sellingGeneralAdministrative": 34829000, "nonRecurring": {}, "otherOperatingExpenses": 26644000, "totalOperatingExpenses": 220345000, "operatingIncome": 3475000, "totalOtherIncomeExpenseNet": -1440000, "ebit": 3475000, "interestExpense": -2722000, "incomeBeforeTax": 2035000, "incomeTaxExpense": 550000, "minorityInterest": {}, "netIncomeFromContinuingOps": 1485000, "discontinuedOperations": {}, "extraordinaryItems": {}, "effectOfAccountingCharges": {}, "otherItems": {}, "netIncome": 1485000, "netIncomeApplicableToCommonShares": 1485000}, {"maxAge": 1, "endDate": "2019-09-30", "totalRevenue": 247697000, "costOfRevenue": 172038000, "grossProfit": 75659000, "researchDevelopment": {}, "sellingGeneralAdministrative": 33640000, "nonRecurring": {}, "otherOperatingExpenses": 29754000, "totalOperatingExpenses": 243122000, "operatingIncome": 4575000, "totalOtherIncomeExpenseNet": -1568000, "ebit": 4575000, "interestExpense": -2690000, "incomeBeforeTax": 3007000, "incomeTaxExpense": 449000, "minorityInterest": {}, "netIncomeFromContinuingOps": 2558000, "discontinuedOperations": {}, "extraordinaryItems": {}, "effectOfAccountingCharges": {}, "otherItems": {}, "netIncome": 2558000, "netIncomeApplicableToCommonShares": 2558000}], "maxAge": 86400}, "cashflowStatementHistoryQuarterly": {"cashflowStatements": [{"maxAge": 1, "endDate": "2020-06-30", "netIncome": -31163000, "changeToLiabilities": 0}, {"maxAge": 1, "endDate": "2020-03-31", "netIncome": 1737000, "changeToLiabilities": 0}, {"maxAge": 1, "endDate": "2019-12-31", "netIncome": 1485000, "changeToLiabilities": 0}, {"maxAge": 1, "endDate": "2019-09-30", "netIncome": 2558000, "changeToLiabilities": 0}], "maxAge": 86400}, "insiderHolders": {"holders": [{"maxAge": 1, "name": "Mutreja (Ankit S)", "relation": "Promoter", "url": "", "transactionDescription": "Acquisition", "latestTransDate": "2018-10-26", "positionDirect": 339276, "positionDirectDate": "2018-10-26"}, {"maxAge": 1, "name": "Mutreja (Asha S)", "relation": "Promoter", "url": "", "transactionDescription": "Acquisition", "latestTransDate": "2018-10-26", "positionDirect": 834050, "positionDirectDate": "2018-10-26"}, {"maxAge": 1, "name": "Mutreja (Saachi Ankit)", "relation": "Promoter", "url": "", "transactionDescription": "Acquisition", "latestTransDate": "2018-10-26", "positionDirect": 121000, "positionDirectDate": "2018-10-26"}, {"maxAge": 1, "name": "Mutreja (Shweta Varun)", "relation": "Promoter", "url": "", "transactionDescription": "Acquisition", "latestTransDate": "2018-10-26", "positionDirect": 166609, "positionDirectDate": "2018-10-26"}], "maxAge": 1}, "calendarEvents": {"maxAge": 1, "earnings": {"earningsDate": ["2020-08-31 05:30:S"]}}, "price": {"maxAge": 1, "regularMarketChangePercent": 0.02757455, "regularMarketChange": 0.48999977, "regularMarketTime": "2021-04-30 15:28:22", "priceHint": 2, "regularMarketPrice": 18.26, "regularMarketDayHigh": 18.65, "regularMarketDayLow": 17.23, "regularMarketVolume": 14741, "averageDailyVolume10Day": 2556, "averageDailyVolume3Month": 5651, "regularMarketPreviousClose": 17.77, "regularMarketSource": "FREE_REALTIME", "regularMarketOpen": 17.77, "exchange": "BSE", "exchangeName": "BSE", "exchangeDataDelayedBy": 0, "marketState": "CLOSED", "quoteType": "EQUITY", "symbol": "VALSONQ.BO", "underlyingSymbol": null, "shortName": "VALSON INDUSTRIES LTD.", "longName": "Valson Industries Limited", "currency": "INR", "quoteSourceName": "Delayed Quote", "currencySymbol": "\u20b9", "fromCurrency": null, "toCurrency": null, "lastMarket": null, "marketCap": 139886208}, "balanceSheetHistory": {"balanceSheetStatements": [{"maxAge": 1, "endDate": "2020-03-31", "cash": 1126000, "netReceivables": 85063000, "inventory": 84255000, "otherCurrentAssets": 23024000, "totalCurrentAssets": 194643000, "propertyPlantEquipment": 341961000, "intangibleAssets": 523000, "otherAssets": 5868000, "totalAssets": 542995000, "accountsPayable": 42356000, "shortLongTermDebt": 14335000, "otherCurrentLiab": 23027000, "longTermDebt": 59549000, "otherLiab": 31690000, "totalCurrentLiabilities": 134120000, "totalLiab": 225359000, "commonStock": 76608000, "retainedEarnings": 224394000, "treasuryStock": 580000, "capitalSurplus": 16054000, "otherStockholderEquity": 580000, "totalStockholderEquity": 317636000, "netTangibleAssets": 317113000}, {"maxAge": 1, "endDate": "2019-03-31", "cash": 512000, "netReceivables": 97489000, "inventory": 76913000, "otherCurrentAssets": 29824000, "totalCurrentAssets": 205318000, "propertyPlantEquipment": 332934000, "intangibleAssets": 637000, "otherAssets": 5451000, "totalAssets": 544340000, "accountsPayable": 57351000, "shortLongTermDebt": 8504000, "otherCurrentLiab": 15897000, "longTermDebt": 37100000, "otherLiab": 35120000, "totalCurrentLiabilities": 153023000, "totalLiab": 225243000, "commonStock": 76608000, "retainedEarnings": 226573000, "treasuryStock": -138000, "capitalSurplus": 16054000, "otherStockholderEquity": -138000, "totalStockholderEquity": 319097000, "netTangibleAssets": 318460000}, {"maxAge": 1, "endDate": "2018-03-31", "cash": 676000, "netReceivables": 91624000, "inventory": 46913000, "otherCurrentAssets": 29993000, "totalCurrentAssets": 170613000, "propertyPlantEquipment": 334656000, "intangibleAssets": 582000, "otherAssets": 5863000, "totalAssets": 511714000, "accountsPayable": 59043000, "shortLongTermDebt": 5340000, "otherCurrentLiab": 13206000, "longTermDebt": 34446000, "otherLiab": 40982000, "totalCurrentLiabilities": 130069000, "totalLiab": 205497000, "commonStock": 76608000, "retainedEarnings": 213885000, "treasuryStock": -330000, "capitalSurplus": 16054000, "otherStockholderEquity": -330000, "totalStockholderEquity": 306217000, "netTangibleAssets": 305635000}, {"maxAge": 1, "endDate": "2017-03-31", "cash": 1424000, "netReceivables": 75381000, "inventory": 43908000, "otherCurrentAssets": 30492000, "totalCurrentAssets": 152801000, "propertyPlantEquipment": 292284000, "intangibleAssets": 284000, "otherAssets": 9480000, "totalAssets": 454849000, "accountsPayable": 53266000, "shortLongTermDebt": 588000, "otherCurrentLiab": 15617000, "longTermDebt": 8541000, "otherLiab": 36014000, "totalCurrentLiabilities": 118622000, "totalLiab": 163177000, "commonStock": 76608000, "retainedEarnings": 199395000, "treasuryStock": -385000, "capitalSurplus": 16054000, "otherStockholderEquity": -385000, "totalStockholderEquity": 291672000, "netTangibleAssets": 291388000}], "maxAge": 86400}, "financialData": {"maxAge": 86400, "currentPrice": 18.26, "recommendationKey": "none", "grossProfits": 371735000, "financialCurrency": "INR"}}}