{"VAMA.BO": {"cashflowStatementHistory": {"cashflowStatements": [{"maxAge": 1, "endDate": "2020-03-31", "netIncome": 4756000, "depreciation": 3246000, "changeToNetincome": 23884000, "changeToAccountReceivables": 63102000, "changeToLiabilities": -73406000, "changeToInventory": 2056000, "changeToOperatingActivities": -15972000, "totalCashFromOperatingActivities": 7666000, "capitalExpenditures": -8920000, "investments": -18516000, "otherCashflowsFromInvestingActivities": -276000, "totalCashflowsFromInvestingActivities": -26557000, "dividendsPaid": -1051000, "netBorrowings": 23004000, "otherCashflowsFromFinancingActivities": -24080000, "totalCashFromFinancingActivities": -2127000, "changeInCash": -21018000}, {"maxAge": 1, "endDate": "2019-03-31", "netIncome": -15982000, "depreciation": 730000, "changeToNetincome": 14685000, "changeToAccountReceivables": 92166000, "changeToLiabilities": -27284000, "changeToInventory": -53387000, "changeToOperatingActivities": -8261000, "totalCashFromOperatingActivities": 5386000, "capitalExpenditures": -332000, "investments": 17612000, "otherCashflowsFromInvestingActivities": 8450000, "totalCashflowsFromInvestingActivities": 28295000, "dividendsPaid": -5254000, "netBorrowings": 26705000, "otherCashflowsFromFinancingActivities": -34669000, "totalCashFromFinancingActivities": -13218000, "changeInCash": 20463000}, {"maxAge": 1, "endDate": "2018-03-31", "netIncome": 40412000, "depreciation": 872000, "changeToNetincome": 24318000, "changeToAccountReceivables": 59680000, "changeToLiabilities": -295397000, "changeToInventory": 251647000, "changeToOperatingActivities": -1295000, "totalCashFromOperatingActivities": 82559000, "capitalExpenditures": -1584000, "investments": -11481000, "otherCashflowsFromInvestingActivities": 2973000, "totalCashflowsFromInvestingActivities": -8462000, "dividendsPaid": -5254000, "netBorrowings": -54003000, "otherCashflowsFromFinancingActivities": -19582000, "totalCashFromFinancingActivities": -78839000, "changeInCash": -4742000}, {"maxAge": 1, "endDate": "2017-03-31", "netIncome": 27723000, "depreciation": 1017000, "changeToNetincome": 26980000, "changeToAccountReceivables": -161683000, "changeToLiabilities": 362157000, "changeToInventory": -230457000, "changeToOperatingActivities": 6189000, "totalCashFromOperatingActivities": 33166000, "capitalExpenditures": -16511000, "investments": -9091000, "otherCashflowsFromInvestingActivities": 1113000, "totalCashflowsFromInvestingActivities": -14479000, "dividendsPaid": -1265000, "netBorrowings": -1880000, "otherCashflowsFromFinancingActivities": -19016000, "totalCashFromFinancingActivities": -19461000, "changeInCash": -775000, "issuanceOfStock": 2700000}], "maxAge": 86400}, "institutionOwnership": {"maxAge": 1, "ownershipList": []}, "balanceSheetHistoryQuarterly": {"balanceSheetStatements": [{"maxAge": 1, "endDate": "2020-06-30", "totalStockholderEquity": 193196000, "netTangibleAssets": 173611000}, {"maxAge": 1, "endDate": "2020-03-31", "cash": 71936000, "shortTermInvestments": 10219000, "netReceivables": 111743000, "inventory": 131295000, "otherCurrentAssets": 35964000, "totalCurrentAssets": 361157000, "propertyPlantEquipment": 24552000, "intangibleAssets": 19585000, "otherAssets": 43067000, "totalAssets": 448361000, "accountsPayable": 104642000, "otherCurrentLiab": 41873000, "longTermDebt": 350000, "otherLiab": 2776000, "totalCurrentLiabilities": 252039000, "totalLiab": 255165000, "commonStock": 105080000, "treasuryStock": 88116000, "otherStockholderEquity": 88116000, "totalStockholderEquity": 193196000, "netTangibleAssets": 173611000}, {"maxAge": 1, "endDate": "2019-12-31", "totalStockholderEquity": 202234000, "netTangibleAssets": 190466000}, {"maxAge": 1, "endDate": "2019-09-30", "cash": 73882000, "shortTermInvestments": 7427000, "netReceivables": 171497000, "inventory": 129174000, "otherCurrentAssets": 39384000, "totalCurrentAssets": 421364000, "propertyPlantEquipment": 28071000, "intangibleAssets": 11768000, "otherAssets": 29125000, "totalAssets": 490328000, "accountsPayable": 156166000, "otherCurrentLiab": 47928000, "longTermDebt": 1615000, "otherLiab": 2067000, "totalCurrentLiabilities": 284412000, "totalLiab": 288094000, "commonStock": 105080000, "treasuryStock": 97154000, "otherStockholderEquity": 97154000, "totalStockholderEquity": 202234000, "netTangibleAssets": 190466000}], "maxAge": 86400}, "indexTrend": {"maxAge": 1, "symbol": "SP5", "peRatio": 19.7411, "pegRatio": 1.34172, "estimates": [{"period": "0q", "growth": 0.549}, {"period": "+1q", "growth": 0.431}, {"period": "0y", "growth": 0.305}, {"period": "+1y", "growth": 0.109}, {"period": "+5y", "growth": 0.120859005}, {"period": "-5y"}]}, "insiderTransactions": {"transactions": [{"maxAge": 1, "shares": 300000, "filerUrl": "", "transactionText": "", "filerName": "Raju (Atchyuta Rama V)", "filerRelation": "Chairman of the Board", "moneyText": "", "startDate": "2016-04-05", "ownership": "D"}, {"maxAge": 1, "shares": 150000, "filerUrl": "", "transactionText": "", "filerName": "Raju (Atchyuta Rama V)", "filerRelation": "Chairman of the Board", "moneyText": "", "startDate": "2015-11-17", "ownership": "D"}, {"maxAge": 1, "shares": 150000, "filerUrl": "", "transactionText": "", "filerName": "Vagesna (Parvathi)", "filerRelation": "Promoter", "moneyText": "", "startDate": "2015-11-17", "ownership": "D"}, {"maxAge": 1, "shares": 0, "filerUrl": "", "transactionText": "", "filerName": "Gottumukkala (Achyuta Rama Raju)", "filerRelation": "Promoter", "moneyText": "", "startDate": "2014-10-18", "ownership": "I"}, {"maxAge": 1, "shares": 500000, "filerUrl": "", "transactionText": "", "filerName": "Nirant Technologies Pvt Ltd", "filerRelation": "Institution- Corporation", "moneyText": "", "startDate": "2014-10-17", "ownership": "D"}, {"maxAge": 1, "shares": 32500, "filerUrl": "", "transactionText": "", "filerName": "Raju (Atchyuta Rama V)", "filerRelation": "Chairman of the Board", "moneyText": "", "startDate": "2014-09-29", "ownership": "D"}, {"maxAge": 1, "shares": 31500, "filerUrl": "", "transactionText": "", "filerName": "Tarigoppula (Vidyullatha Devi)", "filerRelation": "Promoter", "moneyText": "", "startDate": "2014-08-28", "ownership": "D"}, {"maxAge": 1, "shares": 33000, "filerUrl": "", "transactionText": "", "filerName": "Tarigoppulla (Venkata Narasing Rao)", "filerRelation": "Promoter", "moneyText": "", "startDate": "2014-08-28", "ownership": "D"}, {"maxAge": 1, "shares": 498943, "filerUrl": "", "transactionText": "", "filerName": "Gottumukkala (Achyuta Rama Raju)", "filerRelation": "Promoter", "moneyText": "", "startDate": "2012-03-27", "ownership": "D"}, {"maxAge": 1, "shares": 498943, "filerUrl": "", "transactionText": "", "filerName": "Rao (Pamduranga C H)", "filerRelation": "UNREPORTED", "moneyText": "", "startDate": "2012-03-27", "ownership": "D"}, {"maxAge": 1, "shares": 85500, "filerUrl": "", "transactionText": "", "filerName": "Rao (Chirala Venkatapanduranga)", "filerRelation": "UNREPORTED", "moneyText": "", "startDate": "2011-03-24", "ownership": "D"}, {"maxAge": 1, "shares": 22950, "filerUrl": "", "transactionText": "", "filerName": "Rao (Chirala Venkatapanduranga)", "filerRelation": "UNREPORTED", "moneyText": "", "startDate": "2010-06-28", "ownership": "D"}], "maxAge": 1}, "quoteType": {"exchange": "BSE", "quoteType": "EQUITY", "symbol": "VAMA.BO", "underlyingSymbol": "VAMA.BO", "shortName": "VAMA INDUSTRIES LTD.", "longName": "Vama Industries Limited", "firstTradeDateEpochUtc": "2002-01-08 09:15:00", "timeZoneFullName": "Asia/Kolkata", "timeZoneShortName": "IST", "uuid": "2ae3cfa3-8daf-34e1-afdc-f002c897f2a7", "messageBoardId": null, "gmtOffSetMilliseconds": 19800000, "maxAge": 1}, "incomeStatementHistory": {"incomeStatementHistory": [{"maxAge": 1, "endDate": "2020-03-31", "totalRevenue": 309616000, "costOfRevenue": 256101000, "grossProfit": 53515000, "researchDevelopment": {}, "sellingGeneralAdministrative": {}, "nonRecurring": {}, "otherOperatingExpenses": 19862000, "totalOperatingExpenses": 279209000, "operatingIncome": 30407000, "totalOtherIncomeExpenseNet": -23864000, "ebit": 30407000, "interestExpense": -23864000, "incomeBeforeTax": 6543000, "incomeTaxExpense": 1787000, "minorityInterest": {}, "netIncomeFromContinuingOps": 4756000, "discontinuedOperations": {}, "extraordinaryItems": {}, "effectOfAccountingCharges": {}, "otherItems": {}, "netIncome": 4756000, "netIncomeApplicableToCommonShares": 4756000}, {"maxAge": 1, "endDate": "2019-03-31", "totalRevenue": 543920000, "costOfRevenue": 465832000, "grossProfit": 78088000, "researchDevelopment": {}, "sellingGeneralAdministrative": 4894000, "nonRecurring": {}, "otherOperatingExpenses": 52073000, "totalOperatingExpenses": 526248000, "operatingIncome": 17672000, "totalOtherIncomeExpenseNet": -32862000, "ebit": 17672000, "interestExpense": -26517000, "incomeBeforeTax": -15190000, "incomeTaxExpense": 792000, "minorityInterest": {}, "netIncomeFromContinuingOps": -15982000, "discontinuedOperations": {}, "extraordinaryItems": {}, "effectOfAccountingCharges": {}, "otherItems": {}, "netIncome": -15982000, "netIncomeApplicableToCommonShares": -15982000}, {"maxAge": 1, "endDate": "2018-03-31", "totalRevenue": 1039465000, "costOfRevenue": 938377000, "grossProfit": 101088000, "researchDevelopment": {}, "sellingGeneralAdministrative": 3681000, "nonRecurring": {}, "otherOperatingExpenses": 18274000, "totalOperatingExpenses": 963526000, "operatingIncome": 75939000, "totalOtherIncomeExpenseNet": -18781000, "ebit": 75939000, "interestExpense": -15913000, "incomeBeforeTax": 57158000, "incomeTaxExpense": 16746000, "minorityInterest": {}, "netIncomeFromContinuingOps": 40412000, "discontinuedOperations": {}, "extraordinaryItems": {}, "effectOfAccountingCharges": {}, "otherItems": {}, "netIncome": 40412000, "netIncomeApplicableToCommonShares": 40412000}, {"maxAge": 1, "endDate": "2017-03-31", "totalRevenue": 612876000, "costOfRevenue": 518025000, "grossProfit": 94851000, "researchDevelopment": {}, "sellingGeneralAdministrative": 3958000, "nonRecurring": {}, "otherOperatingExpenses": 29669000, "totalOperatingExpenses": 553909000, "operatingIncome": 58967000, "totalOtherIncomeExpenseNet": -20483000, "ebit": 58967000, "interestExpense": -15077000, "incomeBeforeTax": 38484000, "incomeTaxExpense": 10761000, "minorityInterest": {}, "netIncomeFromContinuingOps": 27723000, "discontinuedOperations": {}, "extraordinaryItems": {}, "effectOfAccountingCharges": {}, "otherItems": {}, "netIncome": 27723000, "netIncomeApplicableToCommonShares": 27723000}], "maxAge": 86400}, "fundOwnership": {"maxAge": 1, "ownershipList": []}, "summaryDetail": {"maxAge": 1, "priceHint": 2, "previousClose": 7.79, "open": 7.9, "dayLow": 7.06, "dayHigh": 8.25, "regularMarketPreviousClose": 7.79, "regularMarketOpen": 7.9, "regularMarketDayLow": 7.06, "regularMarketDayHigh": 8.25, "volume": 16010, "regularMarketVolume": 16010, "averageVolume": 10791, "averageVolume10days": 11970, "averageDailyVolume10Day": 11970, "bid": 7.3, "ask": 7.33, "bidSize": 0, "askSize": 0, "marketCap": 385118208, "fiftyTwoWeekLow": 4.12, "fiftyTwoWeekHigh": 9.94, "fiftyDayAverage": 6.8634286, "twoHundredDayAverage": 7.6321898, "trailingAnnualDividendRate": 0.02, "trailingAnnualDividendYield": 0.002567394, "currency": "INR", "fromCurrency": null, "toCurrency": null, "lastMarket": null, "algorithm": null, "tradeable": false}, "incomeStatementHistoryQuarterly": {"incomeStatementHistory": [{"maxAge": 1, "endDate": "2020-06-30", "totalRevenue": 45604000, "costOfRevenue": 40316000, "grossProfit": 5288000, "researchDevelopment": {}, "sellingGeneralAdministrative": {}, "nonRecurring": {}, "otherOperatingExpenses": 1811000, "totalOperatingExpenses": 43137000, "operatingIncome": 2467000, "totalOtherIncomeExpenseNet": -3760000, "ebit": 2467000, "interestExpense": -3760000, "incomeBeforeTax": -1293000, "incomeTaxExpense": 63000, "minorityInterest": {}, "netIncomeFromContinuingOps": -1356000, "discontinuedOperations": {}, "extraordinaryItems": {}, "effectOfAccountingCharges": {}, "otherItems": {}, "netIncome": -1356000, "netIncomeApplicableToCommonShares": -1356000}, {"maxAge": 1, "endDate": "2020-03-31", "totalRevenue": 74015000, "costOfRevenue": 58649000, "grossProfit": 15366000, "researchDevelopment": {}, "sellingGeneralAdministrative": {}, "nonRecurring": {}, "otherOperatingExpenses": 9521000, "totalOperatingExpenses": 68973000, "operatingIncome": 5042000, "totalOtherIncomeExpenseNet": -4561000, "ebit": 5042000, "interestExpense": -4561000, "incomeBeforeTax": 481000, "incomeTaxExpense": 632000, "minorityInterest": {}, "netIncomeFromContinuingOps": -151000, "discontinuedOperations": {}, "extraordinaryItems": {}, "effectOfAccountingCharges": {}, "otherItems": {}, "netIncome": -151000, "netIncomeApplicableToCommonShares": -151000}, {"maxAge": 1, "endDate": "2019-12-31", "totalRevenue": 30080000, "costOfRevenue": 29298000, "grossProfit": 782000, "researchDevelopment": {}, "sellingGeneralAdministrative": {}, "nonRecurring": {}, "otherOperatingExpenses": 3685000, "totalOperatingExpenses": 33796000, "operatingIncome": -3716000, "totalOtherIncomeExpenseNet": -4499000, "ebit": -3716000, "interestExpense": -4499000, "incomeBeforeTax": -8215000, "incomeTaxExpense": -595000, "minorityInterest": {}, "netIncomeFromContinuingOps": -7620000, "discontinuedOperations": {}, "extraordinaryItems": {}, "effectOfAccountingCharges": {}, "otherItems": {}, "netIncome": -7620000, "netIncomeApplicableToCommonShares": -7620000}, {"maxAge": 1, "endDate": "2019-09-30", "totalRevenue": 96733000, "costOfRevenue": 78265000, "grossProfit": 18468000, "researchDevelopment": {}, "sellingGeneralAdministrative": {}, "nonRecurring": {}, "otherOperatingExpenses": 3606000, "totalOperatingExpenses": 82690000, "operatingIncome": 14043000, "totalOtherIncomeExpenseNet": -6741000, "ebit": 14043000, "interestExpense": -6741000, "incomeBeforeTax": 7302000, "incomeTaxExpense": 792000, "minorityInterest": {}, "netIncomeFromContinuingOps": 6510000, "discontinuedOperations": {}, "extraordinaryItems": {}, "effectOfAccountingCharges": {}, "otherItems": {}, "netIncome": 6510000, "netIncomeApplicableToCommonShares": 6510000}], "maxAge": 86400}, "cashflowStatementHistoryQuarterly": {"cashflowStatements": [{"maxAge": 1, "endDate": "2020-06-30", "netIncome": -1356000, "changeToLiabilities": 0}, {"maxAge": 1, "endDate": "2020-03-31", "netIncome": -151000, "changeToLiabilities": 0}, {"maxAge": 1, "endDate": "2019-12-31", "netIncome": -7620000, "changeToLiabilities": 0}, {"maxAge": 1, "endDate": "2019-09-30", "netIncome": 6510000, "changeToLiabilities": 0}], "maxAge": 86400}, "insiderHolders": {"holders": [{"maxAge": 1, "name": "Gottumukkala (Achyuta Rama Raju)", "relation": "Promoter", "url": "", "transactionDescription": "Other", "latestTransDate": "2014-10-18", "positionIndirect": 599442, "positionIndirectDate": 1413590400}, {"maxAge": 1, "name": "Nirant Technologies Pvt Ltd", "relation": "Institution- Corporation", "url": "", "transactionDescription": "Other", "latestTransDate": "2014-10-17", "positionDirect": 500000, "positionDirectDate": "2014-10-17"}, {"maxAge": 1, "name": "Raju (Atchyuta Rama V)", "relation": "Chairman of the Board", "url": "", "transactionDescription": "Sale", "latestTransDate": "2016-04-05", "positionDirect": 1911024, "positionDirectDate": "2016-04-05"}, {"maxAge": 1, "name": "Rao (Chirala Venkatapanduranga)", "relation": "UNREPORTED", "url": "", "transactionDescription": "Acquisition", "latestTransDate": "2011-03-24", "positionDirect": 498943, "positionDirectDate": "2011-03-24"}, {"maxAge": 1, "name": "Rao (Pamduranga C H)", "relation": "UNREPORTED", "url": "", "transactionDescription": "Sale", "latestTransDate": "2012-03-27", "positionDirect": 0, "positionDirectDate": "2012-03-27"}, {"maxAge": 1, "name": "Tarigoppula (Vidyullatha Devi)", "relation": "Promoter", "url": "", "transactionDescription": "Sale", "latestTransDate": "2014-08-28", "positionDirect": 0, "positionDirectDate": "2014-08-28"}, {"maxAge": 1, "name": "Tarigoppulla (Venkata Narasing Rao)", "relation": "Promoter", "url": "", "transactionDescription": "Sale", "latestTransDate": "2014-08-28", "positionDirect": 0, "positionDirectDate": "2014-08-28"}, {"maxAge": 1, "name": "Vagesna (Parvathi)", "relation": "Promoter", "url": "", "transactionDescription": "Purchase", "latestTransDate": "2015-11-17", "positionDirect": 154900, "positionDirectDate": "2015-11-17"}], "maxAge": 1}, "calendarEvents": {"maxAge": 1, "earnings": {"earningsDate": ["2020-09-15 05:30:S"]}}, "price": {"maxAge": 1, "regularMarketChangePercent": -0.05905007, "regularMarketChange": -0.46000004, "regularMarketTime": "2021-04-30 15:54:31", "priceHint": 2, "regularMarketPrice": 7.33, "regularMarketDayHigh": 8.25, "regularMarketDayLow": 7.06, "regularMarketVolume": 16010, "averageDailyVolume10Day": 11970, "averageDailyVolume3Month": 10791, "regularMarketPreviousClose": 7.79, "regularMarketSource": "FREE_REALTIME", "regularMarketOpen": 7.9, "exchange": "BSE", "exchangeName": "BSE", "exchangeDataDelayedBy": 0, "marketState": "CLOSED", "quoteType": "EQUITY", "symbol": "VAMA.BO", "underlyingSymbol": null, "shortName": "VAMA INDUSTRIES LTD.", "longName": "Vama Industries Limited", "currency": "INR", "quoteSourceName": "Delayed Quote", "currencySymbol": "\u20b9", "fromCurrency": null, "toCurrency": null, "lastMarket": null, "marketCap": 385118208}, "balanceSheetHistory": {"balanceSheetStatements": [{"maxAge": 1, "endDate": "2020-03-31", "cash": 71936000, "shortTermInvestments": 10219000, "netReceivables": 111743000, "inventory": 131295000, "otherCurrentAssets": 35964000, "totalCurrentAssets": 361157000, "propertyPlantEquipment": 24552000, "intangibleAssets": 19585000, "otherAssets": 43067000, "totalAssets": 448361000, "accountsPayable": 104642000, "otherCurrentLiab": 41873000, "longTermDebt": 350000, "otherLiab": 2776000, "totalCurrentLiabilities": 252039000, "totalLiab": 255165000, "commonStock": 105080000, "treasuryStock": 88116000, "otherStockholderEquity": 88116000, "totalStockholderEquity": 193196000, "netTangibleAssets": 173611000}, {"maxAge": 1, "endDate": "2019-03-31", "cash": 88540000, "netReceivables": 176728000, "inventory": 133351000, "otherCurrentAssets": 41243000, "totalCurrentAssets": 456537000, "longTermInvestments": 13495000, "propertyPlantEquipment": 23799000, "intangibleAssets": 14664000, "otherAssets": 17192000, "totalAssets": 512192000, "accountsPayable": 178048000, "shortLongTermDebt": 27424000, "otherCurrentLiab": 4731000, "longTermDebt": 3792000, "otherLiab": 989000, "totalCurrentLiabilities": 317704000, "totalLiab": 322485000, "commonStock": 105080000, "retainedEarnings": 47627000, "capitalSurplus": 37000000, "totalStockholderEquity": 189707000, "netTangibleAssets": 175043000}, {"maxAge": 1, "endDate": "2018-03-31", "cash": 50821000, "netReceivables": 275760000, "inventory": 79964000, "otherCurrentAssets": 22595000, "totalCurrentAssets": 439096000, "longTermInvestments": 12311000, "propertyPlantEquipment": 24355000, "intangibleAssets": 17225000, "otherAssets": 24938000, "totalAssets": 517925000, "accountsPayable": 205332000, "shortLongTermDebt": 18821000, "otherCurrentLiab": 18041000, "longTermDebt": 17451000, "otherLiab": 3225000, "totalCurrentLiabilities": 289356000, "totalLiab": 310032000, "commonStock": 105080000, "retainedEarnings": 65813000, "capitalSurplus": 37000000, "totalStockholderEquity": 207893000, "netTangibleAssets": 190668000}, {"maxAge": 1, "endDate": "2017-03-31", "cash": 67428000, "netReceivables": 330760000, "inventory": 331611000, "otherCurrentAssets": 12564000, "totalCurrentAssets": 751123000, "propertyPlantEquipment": 25201000, "intangibleAssets": 17989000, "otherAssets": 26887000, "totalAssets": 821200000, "accountsPayable": 500729000, "shortLongTermDebt": 7462000, "otherCurrentLiab": 8558000, "longTermDebt": 7197000, "otherLiab": 4290000, "totalCurrentLiabilities": 635907000, "totalLiab": 647394000, "commonStock": 105080000, "retainedEarnings": 31726000, "capitalSurplus": 37000000, "totalStockholderEquity": 173806000, "netTangibleAssets": 155817000}], "maxAge": 86400}, "financialData": {"maxAge": 86400, "currentPrice": 7.33, "recommendationKey": "none", "grossProfits": 53515000, "financialCurrency": "INR"}}}