{"VAMSHIRU.BO": {"cashflowStatementHistory": {"cashflowStatements": [{"maxAge": 1, "endDate": "2020-03-31", "netIncome": 4203723, "depreciation": 11038169, "changeToNetincome": -448448, "changeToAccountReceivables": 2130678, "changeToLiabilities": -2872324, "changeToInventory": -19654859, "changeToOperatingActivities": 10514548, "totalCashFromOperatingActivities": 5458328, "capitalExpenditures": -19102673, "investments": 14611896, "otherCashflowsFromInvestingActivities": -2113310, "totalCashflowsFromInvestingActivities": -6897650, "changeInCash": -1439322}, {"maxAge": 1, "endDate": "2019-03-31", "netIncome": 4224828, "depreciation": 11236656, "changeToNetincome": -904214, "changeToAccountReceivables": -6026423, "changeToLiabilities": -10918114, "changeToInventory": 25696347, "changeToOperatingActivities": -9215102, "totalCashFromOperatingActivities": 14924214, "capitalExpenditures": -10579035, "investments": -633041, "otherCashflowsFromInvestingActivities": -3857466, "totalCashflowsFromInvestingActivities": -15191228, "changeInCash": -267014}, {"maxAge": 1, "endDate": "2018-03-31", "netIncome": -9255395, "depreciation": 10934941, "changeToNetincome": -7747979, "changeToAccountReceivables": -18478000, "changeToLiabilities": -232000, "changeToInventory": -1609000, "changeToOperatingActivities": 34780000, "totalCashFromOperatingActivities": 9180694, "capitalExpenditures": -11466000, "investments": -445000, "otherCashflowsFromInvestingActivities": 2545379, "totalCashflowsFromInvestingActivities": -9582621, "changeInCash": -401927}, {"maxAge": 1, "endDate": "2017-03-31", "netIncome": 7518000, "depreciation": 10433000, "changeToNetincome": -5513000, "changeToAccountReceivables": -10367000, "changeToLiabilities": 30882000, "changeToInventory": -49885000, "changeToOperatingActivities": 22693000, "totalCashFromOperatingActivities": 6535000, "capitalExpenditures": -13674000, "investments": -332000, "otherCashflowsFromInvestingActivities": -3665000, "totalCashflowsFromInvestingActivities": -17594000, "changeInCash": -11059000}], "maxAge": 86400}, "institutionOwnership": {"maxAge": 1, "ownershipList": []}, "balanceSheetHistoryQuarterly": {"balanceSheetStatements": [{"maxAge": 1, "endDate": "2020-06-30", "totalStockholderEquity": 156829323, "netTangibleAssets": 156238191}, {"maxAge": 1, "endDate": "2020-03-31", "cash": 83039, "netReceivables": 161163297, "inventory": 157827715, "otherCurrentAssets": 22991639, "totalCurrentAssets": 344242875, "longTermInvestments": 4000000, "propertyPlantEquipment": 160209443, "intangibleAssets": 591132, "totalAssets": 509043450, "accountsPayable": 43073637, "shortLongTermDebt": 21858493, "otherCurrentLiab": 9737956, "longTermDebt": 30266074, "otherLiab": 35500451, "totalCurrentLiabilities": 287362117, "totalLiab": 353128642, "commonStock": 42068000, "retainedEarnings": 113846808, "totalStockholderEquity": 155914808, "netTangibleAssets": 155323676}, {"maxAge": 1, "endDate": "2019-12-31", "totalStockholderEquity": 153418667, "netTangibleAssets": 152640647}, {"maxAge": 1, "endDate": "2019-09-30", "cash": 16081038, "shortTermInvestments": 1288468, "netReceivables": 171403578, "inventory": 154804467, "otherCurrentAssets": 21818642, "totalCurrentAssets": 365396193, "longTermInvestments": 18611896, "propertyPlantEquipment": 151584192, "intangibleAssets": 778020, "otherAssets": -1, "totalAssets": 536370300, "accountsPayable": 79924917, "otherCurrentLiab": 36557644, "longTermDebt": 26306137, "otherLiab": 46784726, "totalCurrentLiabilities": 309860770, "totalLiab": 382951633, "commonStock": 42068000, "retainedEarnings": 111350667, "totalStockholderEquity": 153418667, "netTangibleAssets": 152640647}], "maxAge": 86400}, "indexTrend": {"maxAge": 1, "symbol": "SP5", "peRatio": 19.7411, "pegRatio": 1.34172, "estimates": [{"period": "0q", "growth": 0.549}, {"period": "+1q", "growth": 0.431}, {"period": "0y", "growth": 0.305}, {"period": "+1y", "growth": 0.109}, {"period": "+5y", "growth": 0.120859005}, {"period": "-5y"}]}, "insiderTransactions": {"transactions": [{"maxAge": 1, "shares": 8348, "filerUrl": "", "transactionText": "", "filerName": "Kuchibotla (Sarma Venkateshwar)", "filerRelation": "Director (Executive)", "moneyText": "", "startDate": "2014-02-20", "ownership": "D"}, {"maxAge": 1, "shares": 27652, "filerUrl": "", "transactionText": "", "filerName": "Kuchibotla (Sarma Venkateshwar)", "filerRelation": "Director (Executive)", "moneyText": "", "startDate": "2014-02-04", "ownership": "D"}, {"maxAge": 1, "shares": 32424, "filerUrl": "", "transactionText": "", "filerName": "Pasham (Varun Kumar)", "filerRelation": "Director (Executive)", "moneyText": "", "startDate": "2014-02-03", "ownership": "D"}, {"maxAge": 1, "shares": 30094, "filerUrl": "", "transactionText": "", "filerName": "Reddy (Surendra R)", "filerRelation": "Managing Director", "moneyText": "", "startDate": "2013-07-25", "ownership": "D"}, {"maxAge": 1, "shares": 46533, "filerUrl": "", "transactionText": "", "filerName": "Kuchibotla (Sarma Venkateshwar)", "filerRelation": "Director (Executive)", "moneyText": "", "startDate": "2010-03-27", "ownership": "D"}, {"maxAge": 1, "shares": 46533, "filerUrl": "", "transactionText": "", "filerName": "Pasham (Varun Kumar)", "filerRelation": "Director (Executive)", "moneyText": "", "startDate": "2010-03-27", "ownership": "D"}, {"maxAge": 1, "shares": 10000, "filerUrl": "", "transactionText": "", "filerName": "Reddy (Sujatha R)", "filerRelation": "UNREPORTED", "moneyText": "", "startDate": "2010-03-27", "ownership": "D"}, {"maxAge": 1, "shares": 36533, "filerUrl": "", "transactionText": "", "filerName": "Reddy (Surendra R)", "filerRelation": "Managing Director", "moneyText": "", "startDate": "2010-03-27", "ownership": "D"}], "maxAge": 1}, "quoteType": {"exchange": "BSE", "quoteType": "EQUITY", "symbol": "VAMSHIRU.BO", "underlyingSymbol": "VAMSHIRU.BO", "shortName": "VAMSHI RUBBER LTD.", "longName": "Vamshi Rubber Limited", "firstTradeDateEpochUtc": "2002-06-19 09:15:00", "timeZoneFullName": "Asia/Kolkata", "timeZoneShortName": "IST", "uuid": "40686e41-39f6-3b73-823f-3eea953b1083", "messageBoardId": null, "gmtOffSetMilliseconds": 19800000, "maxAge": 1}, "incomeStatementHistory": {"incomeStatementHistory": [{"maxAge": 1, "endDate": "2020-03-31", "totalRevenue": 557192609, "costOfRevenue": 338644679, "grossProfit": 218547930, "researchDevelopment": {}, "sellingGeneralAdministrative": 95984587, "nonRecurring": {}, "otherOperatingExpenses": 88596085, "totalOperatingExpenses": 534810361, "operatingIncome": 22382248, "totalOtherIncomeExpenseNet": -17912669, "ebit": 22382248, "interestExpense": -26069322, "incomeBeforeTax": 4469579, "incomeTaxExpense": 265856, "minorityInterest": {}, "netIncomeFromContinuingOps": 4203723, "discontinuedOperations": {}, "extraordinaryItems": {}, "effectOfAccountingCharges": {}, "otherItems": {}, "netIncome": 4203723, "netIncomeApplicableToCommonShares": 4203723}, {"maxAge": 1, "endDate": "2019-03-31", "totalRevenue": 835365134, "costOfRevenue": 596238453, "grossProfit": 239126681, "researchDevelopment": {}, "sellingGeneralAdministrative": 102380434, "nonRecurring": {}, "otherOperatingExpenses": 100337239, "totalOperatingExpenses": 811023018, "operatingIncome": 24342116, "totalOtherIncomeExpenseNet": -20079178, "ebit": 24342116, "interestExpense": -23837315, "incomeBeforeTax": 4262938, "incomeTaxExpense": 38110, "minorityInterest": {}, "netIncomeFromContinuingOps": 4224828, "discontinuedOperations": {}, "extraordinaryItems": {}, "effectOfAccountingCharges": {}, "otherItems": {}, "netIncome": 4224828, "netIncomeApplicableToCommonShares": 4224828}, {"maxAge": 1, "endDate": "2018-03-31", "totalRevenue": 752021793, "costOfRevenue": 554370855, "grossProfit": 197650938, "researchDevelopment": {}, "sellingGeneralAdministrative": 92021523, "nonRecurring": {}, "otherOperatingExpenses": 92389669, "totalOperatingExpenses": 751503052, "operatingIncome": 518741, "totalOtherIncomeExpenseNet": -14856648, "ebit": 518741, "interestExpense": -19608548, "incomeBeforeTax": -14337907, "incomeTaxExpense": -5082512, "minorityInterest": {}, "netIncomeFromContinuingOps": -9255395, "discontinuedOperations": {}, "extraordinaryItems": {}, "effectOfAccountingCharges": {}, "otherItems": {}, "netIncome": -9255395, "netIncomeApplicableToCommonShares": -9255395}, {"maxAge": 1, "endDate": "2017-03-31", "totalRevenue": 543780000, "costOfRevenue": 346644000, "grossProfit": 197136000, "researchDevelopment": {}, "sellingGeneralAdministrative": 85502000, "nonRecurring": {}, "otherOperatingExpenses": 73508000, "totalOperatingExpenses": 516861000, "operatingIncome": 26919000, "totalOtherIncomeExpenseNet": -15709000, "ebit": 26919000, "interestExpense": -18767000, "incomeBeforeTax": 11210000, "incomeTaxExpense": 3692000, "minorityInterest": {}, "netIncomeFromContinuingOps": 7518000, "discontinuedOperations": {}, "extraordinaryItems": {}, "effectOfAccountingCharges": {}, "otherItems": {}, "netIncome": 7518000, "netIncomeApplicableToCommonShares": 7518000}], "maxAge": 86400}, "fundOwnership": {"maxAge": 1, "ownershipList": []}, "summaryDetail": {"maxAge": 1, "priceHint": 2, "previousClose": 18.05, "open": 18.0, "dayLow": 18.0, "dayHigh": 18.0, "regularMarketPreviousClose": 18.05, "regularMarketOpen": 18.0, "regularMarketDayLow": 18.0, "regularMarketDayHigh": 18.0, "volume": 51, "regularMarketVolume": 51, "averageVolume": 465, "averageVolume10days": 1915, "averageDailyVolume10Day": 1915, "bid": 18.0, "ask": 18.05, "bidSize": 0, "askSize": 0, "marketCap": 75722400, "fiftyTwoWeekLow": 11.27, "fiftyTwoWeekHigh": 22.45, "fiftyDayAverage": 17.887142, "twoHundredDayAverage": 18.307299, "currency": "INR", "fromCurrency": null, "toCurrency": null, "lastMarket": null, "algorithm": null, "tradeable": false}, "incomeStatementHistoryQuarterly": {"incomeStatementHistory": [{"maxAge": 1, "endDate": "2020-06-30", "totalRevenue": 75339000, "costOfRevenue": 73289000, "grossProfit": 2050000, "researchDevelopment": {}, "sellingGeneralAdministrative": 18953000, "nonRecurring": {}, "otherOperatingExpenses": 10453000, "totalOperatingExpenses": 106130000, "operatingIncome": -30791000, "totalOtherIncomeExpenseNet": -5748000, "ebit": -30791000, "interestExpense": -6048000, "incomeBeforeTax": -36539000, "incomeTaxExpense": -10636000, "minorityInterest": {}, "netIncomeFromContinuingOps": -25903000, "discontinuedOperations": {}, "extraordinaryItems": {}, "effectOfAccountingCharges": {}, "otherItems": {}, "netIncome": -25903000, "netIncomeApplicableToCommonShares": -25903000}, {"maxAge": 1, "endDate": "2020-03-31", "totalRevenue": 141862609, "costOfRevenue": 83691679, "grossProfit": 58170930, "researchDevelopment": {}, "sellingGeneralAdministrative": 20580587, "nonRecurring": {}, "otherOperatingExpenses": 30215085, "totalOperatingExpenses": 137459361, "operatingIncome": 4403248, "totalOtherIncomeExpenseNet": -2661669, "ebit": 4403248, "interestExpense": -6691322, "incomeBeforeTax": 1741579, "incomeTaxExpense": -810144, "minorityInterest": {}, "netIncomeFromContinuingOps": 2551723, "discontinuedOperations": {}, "extraordinaryItems": {}, "effectOfAccountingCharges": {}, "otherItems": {}, "netIncome": 2551723, "netIncomeApplicableToCommonShares": 2551723}, {"maxAge": 1, "endDate": "2019-12-31", "totalRevenue": 132861000, "costOfRevenue": 77152000, "grossProfit": 55709000, "researchDevelopment": {}, "sellingGeneralAdministrative": 25189000, "nonRecurring": {}, "otherOperatingExpenses": 21599000, "totalOperatingExpenses": 126877000, "operatingIncome": 5984000, "totalOtherIncomeExpenseNet": -5379000, "ebit": 5984000, "interestExpense": -6389000, "incomeBeforeTax": 605000, "incomeTaxExpense": 29000, "minorityInterest": {}, "netIncomeFromContinuingOps": 576000, "discontinuedOperations": {}, "extraordinaryItems": {}, "effectOfAccountingCharges": {}, "otherItems": {}, "netIncome": 576000, "netIncomeApplicableToCommonShares": 576000}, {"maxAge": 1, "endDate": "2019-09-30", "totalRevenue": 150565000, "costOfRevenue": 98559000, "grossProfit": 52006000, "researchDevelopment": {}, "sellingGeneralAdministrative": 25100000, "nonRecurring": {}, "otherOperatingExpenses": 18989000, "totalOperatingExpenses": 145508000, "operatingIncome": 5057000, "totalOtherIncomeExpenseNet": -3483000, "ebit": 5057000, "interestExpense": -6339000, "incomeBeforeTax": 1574000, "incomeTaxExpense": 881000, "minorityInterest": {}, "netIncomeFromContinuingOps": 693000, "discontinuedOperations": {}, "extraordinaryItems": {}, "effectOfAccountingCharges": {}, "otherItems": {}, "netIncome": 693000, "netIncomeApplicableToCommonShares": 693000}], "maxAge": 86400}, "cashflowStatementHistoryQuarterly": {"cashflowStatements": [{"maxAge": 1, "endDate": "2020-06-30", "netIncome": -25903000, "changeToLiabilities": 0}, {"maxAge": 1, "endDate": "2020-03-31", "netIncome": 2551723, "changeToLiabilities": 0}, {"maxAge": 1, "endDate": "2019-12-31", "netIncome": 576000, "changeToLiabilities": 0}, {"maxAge": 1, "endDate": "2019-09-30", "netIncome": 693000, "changeToLiabilities": 0}], "maxAge": 86400}, "insiderHolders": {"holders": [{"maxAge": 1, "name": "Kuchibotla (Sarma Venkateshwar)", "relation": "Director (Executive)", "url": "", "transactionDescription": "Acquisition", "latestTransDate": "2014-02-20", "positionDirect": 434043, "positionDirectDate": "2014-02-20"}, {"maxAge": 1, "name": "Pasham (Varun Kumar)", "relation": "Director (Executive)", "url": "", "transactionDescription": "Acquisition", "latestTransDate": "2014-02-03", "positionDirect": 344592, "positionDirectDate": "2014-02-03"}, {"maxAge": 1, "name": "Reddy (Sujatha R)", "relation": "UNREPORTED", "url": "", "transactionDescription": "Acquisition", "latestTransDate": "2010-03-27", "positionDirect": 115000, "positionDirectDate": "2010-03-27"}, {"maxAge": 1, "name": "Reddy (Surendra R)", "relation": "Managing Director", "url": "", "transactionDescription": "Acquisition", "latestTransDate": "2013-07-25", "positionDirect": 352543, "positionDirectDate": "2013-07-25"}], "maxAge": 1}, "calendarEvents": {"maxAge": 1, "earnings": {"earningsDate": []}}, "price": {"maxAge": 1, "regularMarketChangePercent": -0.0027700409, "regularMarketChange": -0.049999237, "regularMarketTime": "2021-04-30 15:15:00", "priceHint": 2, "regularMarketPrice": 18.0, "regularMarketDayHigh": 18.0, "regularMarketDayLow": 18.0, "regularMarketVolume": 51, "averageDailyVolume10Day": 1915, "averageDailyVolume3Month": 465, "regularMarketPreviousClose": 18.05, "regularMarketSource": "FREE_REALTIME", "regularMarketOpen": 18.0, "exchange": "BSE", "exchangeName": "BSE", "exchangeDataDelayedBy": 0, "marketState": "CLOSED", "quoteType": "EQUITY", "symbol": "VAMSHIRU.BO", "underlyingSymbol": null, "shortName": "VAMSHI RUBBER LTD.", "longName": "Vamshi Rubber Limited", "currency": "INR", "quoteSourceName": "Delayed Quote", "currencySymbol": "\u20b9", "fromCurrency": null, "toCurrency": null, "lastMarket": null, "marketCap": 75722400}, "balanceSheetHistory": {"balanceSheetStatements": [{"maxAge": 1, "endDate": "2020-03-31", "cash": 83039, "netReceivables": 161163297, "inventory": 157827715, "otherCurrentAssets": 22991639, "totalCurrentAssets": 344242875, "longTermInvestments": 4000000, "propertyPlantEquipment": 160209443, "intangibleAssets": 591132, "totalAssets": 509043450, "accountsPayable": 43073637, "shortLongTermDebt": 21858493, "otherCurrentLiab": 9737956, "longTermDebt": 30266074, "otherLiab": 35500451, "totalCurrentLiabilities": 287362117, "totalLiab": 353128642, "commonStock": 42068000, "retainedEarnings": 113846808, "totalStockholderEquity": 155914808, "netTangibleAssets": 155323676}, {"maxAge": 1, "endDate": "2019-03-31", "cash": 1522362, "netReceivables": 161275278, "inventory": 138172856, "otherCurrentAssets": 22376753, "totalCurrentAssets": 325060005, "longTermInvestments": 18611896, "propertyPlantEquipment": 152563730, "intangibleAssets": 844409, "otherAssets": -1, "totalAssets": 497080039, "accountsPayable": 45945961, "shortLongTermDebt": 7779104, "otherCurrentLiab": 10237803, "longTermDebt": 29073568, "otherLiab": 43523718, "totalCurrentLiabilities": 272139938, "totalLiab": 344737224, "commonStock": 42068000, "retainedEarnings": 110274815, "totalStockholderEquity": 152342815, "netTangibleAssets": 151498406}, {"maxAge": 1, "endDate": "2018-03-31", "cash": 1789375, "netReceivables": 158738791, "inventory": 163869203, "otherCurrentAssets": 18083250, "totalCurrentAssets": 344209025, "longTermInvestments": 17978855, "propertyPlantEquipment": 154714535, "intangibleAssets": 1552959, "totalAssets": 518455374, "accountsPayable": 56864073, "shortLongTermDebt": 21776416, "otherCurrentLiab": 9630330, "longTermDebt": 24184263, "otherLiab": 42252252, "totalCurrentLiabilities": 303277445, "totalLiab": 369713960, "commonStock": 42068000, "retainedEarnings": 106673414, "totalStockholderEquity": 148741414, "netTangibleAssets": 147188455}, {"maxAge": 1, "endDate": "2017-03-31", "cash": 2190000, "netReceivables": 136151000, "inventory": 162261000, "otherCurrentAssets": 18130000, "totalCurrentAssets": 321109000, "longTermInvestments": 17534000, "propertyPlantEquipment": 155510000, "intangibleAssets": 2071000, "totalAssets": 496224000, "accountsPayable": 57096000, "shortLongTermDebt": 8270000, "otherCurrentLiab": 13818000, "longTermDebt": 18520000, "otherLiab": 52163000, "totalCurrentLiabilities": 267679000, "totalLiab": 338362000, "commonStock": 42068000, "retainedEarnings": 115794000, "totalStockholderEquity": 157862000, "netTangibleAssets": 155791000}], "maxAge": 86400}, "financialData": {"maxAge": 86400, "currentPrice": 18.0, "recommendationKey": "none", "grossProfits": 218547930, "financialCurrency": "INR"}}}