{"VAPIPPR.BO": {"cashflowStatementHistory": {"cashflowStatements": [{"maxAge": 1, "endDate": "2020-03-31", "netIncome": 5138498, "depreciation": 1337299, "changeToNetincome": -204997, "changeToAccountReceivables": -136216, "changeToLiabilities": -2109555, "changeToOperatingActivities": 19567, "totalCashFromOperatingActivities": 4044596, "capitalExpenditures": -1344450, "otherCashflowsFromInvestingActivities": 990117, "totalCashflowsFromInvestingActivities": -354333, "netBorrowings": -750001, "otherCashflowsFromFinancingActivities": -123778, "totalCashFromFinancingActivities": -873779, "changeInCash": 2816484}, {"maxAge": 1, "endDate": "2019-03-31", "netIncome": -266364, "depreciation": 2095303, "changeToNetincome": 170988, "changeToAccountReceivables": 3740152, "changeToLiabilities": -5389112, "changeToOperatingActivities": 77085, "totalCashFromOperatingActivities": 428052, "capitalExpenditures": -855438, "otherCashflowsFromInvestingActivities": 221397, "totalCashflowsFromInvestingActivities": -634041, "netBorrowings": -1145497, "otherCashflowsFromFinancingActivities": -392271, "totalCashFromFinancingActivities": -1537768, "changeInCash": -1743756}, {"maxAge": 1, "endDate": "2018-03-31", "netIncome": 2219810, "depreciation": 2325541, "changeToNetincome": 450912, "changeToAccountReceivables": -3323778, "changeToLiabilities": 1113018, "changeToOperatingActivities": 91343, "totalCashFromOperatingActivities": 2876846, "capitalExpenditures": -531697, "otherCashflowsFromInvestingActivities": 136577, "totalCashflowsFromInvestingActivities": -395120, "netBorrowings": -950000, "otherCashflowsFromFinancingActivities": -390530, "totalCashFromFinancingActivities": -1340530, "changeInCash": 1141195}, {"maxAge": 1, "endDate": "2017-03-31", "netIncome": 1333001, "depreciation": 2531709, "changeToNetincome": 118263, "changeToAccountReceivables": -319481, "changeToLiabilities": 1581151, "changeToOperatingActivities": 1711118, "totalCashFromOperatingActivities": 6955761, "capitalExpenditures": -772204, "otherCashflowsFromInvestingActivities": 422777, "totalCashflowsFromInvestingActivities": -349427, "netBorrowings": -627175, "otherCashflowsFromFinancingActivities": -4726569, "totalCashFromFinancingActivities": -5353744, "changeInCash": 1252589}], "maxAge": 86400}, "institutionOwnership": {"maxAge": 1, "ownershipList": []}, "balanceSheetHistoryQuarterly": {"balanceSheetStatements": [{"maxAge": 1, "endDate": "2020-06-30", "totalStockholderEquity": -55965000, "netTangibleAssets": -55965000}, {"maxAge": 1, "endDate": "2020-03-31", "cash": 3894591, "netReceivables": 3055825, "otherCurrentAssets": 1286457, "totalCurrentAssets": 8244767, "longTermInvestments": 200000, "propertyPlantEquipment": 19782194, "otherAssets": 6712082, "totalAssets": 34939043, "accountsPayable": 967478, "otherCurrentLiab": 3857568, "longTermDebt": 77292720, "otherLiab": 7311886, "totalCurrentLiabilities": 6298829, "totalLiab": 90903435, "commonStock": 22814500, "retainedEarnings": -122185372, "capitalSurplus": 43406480, "totalStockholderEquity": -55964392, "netTangibleAssets": -55964392}, {"maxAge": 1, "endDate": "2019-12-31", "totalStockholderEquity": -58270000, "netTangibleAssets": -58270000}, {"maxAge": 1, "endDate": "2019-09-30", "cash": 3354000, "netReceivables": 4384000, "otherCurrentAssets": 568000, "totalCurrentAssets": 8306000, "longTermInvestments": 200000, "propertyPlantEquipment": 19911000, "otherAssets": 6660000, "totalAssets": 35077000, "accountsPayable": 344000, "otherCurrentLiab": 4497000, "longTermDebt": 77753000, "otherLiab": 10753000, "totalCurrentLiabilities": 4841000, "totalLiab": 93347000, "commonStock": 22815000, "treasuryStock": -81085000, "otherStockholderEquity": -81085000, "totalStockholderEquity": -58270000, "netTangibleAssets": -58270000}], "maxAge": 86400}, "indexTrend": {"maxAge": 1, "symbol": "SP5", "peRatio": 19.7411, "pegRatio": 1.34172, "estimates": [{"period": "0q", "growth": 0.549}, {"period": "+1q", "growth": 0.431}, {"period": "0y", "growth": 0.305}, {"period": "+1y", "growth": 0.109}, {"period": "+5y", "growth": 0.120859005}, {"period": "-5y"}]}, "quoteType": {"exchange": "BSE", "quoteType": "EQUITY", "symbol": "VAPIPPR.BO", "underlyingSymbol": "VAPIPPR.BO", "shortName": "VAPI PAPER MILLS LTD.", "longName": "Vapi Enterprise Limited", "firstTradeDateEpochUtc": "2002-02-04 09:15:00", "timeZoneFullName": "Asia/Kolkata", "timeZoneShortName": "IST", "uuid": "fc114203-15ea-3ba2-b273-53e89409a448", "messageBoardId": null, "gmtOffSetMilliseconds": 19800000, "maxAge": 1}, "incomeStatementHistory": {"incomeStatementHistory": [{"maxAge": 1, "endDate": "2020-03-31", "totalRevenue": 32340289, "costOfRevenue": 400311, "grossProfit": 31939978, "researchDevelopment": {}, "sellingGeneralAdministrative": 10551699, "nonRecurring": {}, "otherOperatingExpenses": 13875880, "totalOperatingExpenses": 26165189, "operatingIncome": 6175100, "totalOtherIncomeExpenseNet": -1036602, "ebit": 6175100, "interestExpense": -123779, "incomeBeforeTax": 5138498, "incomeTaxExpense": 0, "minorityInterest": {}, "netIncomeFromContinuingOps": 5138498, "discontinuedOperations": {}, "extraordinaryItems": {}, "effectOfAccountingCharges": {}, "otherItems": {}, "netIncome": 5138498, "netIncomeApplicableToCommonShares": 5138498}, {"maxAge": 1, "endDate": "2019-03-31", "totalRevenue": 28688372, "costOfRevenue": 2315207, "grossProfit": 26373165, "researchDevelopment": {}, "sellingGeneralAdministrative": 13045432, "nonRecurring": {}, "otherOperatingExpenses": 10677591, "totalOperatingExpenses": 28133533, "operatingIncome": 554839, "totalOtherIncomeExpenseNet": -821203, "ebit": 554839, "interestExpense": -392271, "incomeBeforeTax": -266364, "incomeTaxExpense": 0, "minorityInterest": {}, "netIncomeFromContinuingOps": -266364, "discontinuedOperations": {}, "extraordinaryItems": {}, "effectOfAccountingCharges": {}, "otherItems": {}, "netIncome": -266364, "netIncomeApplicableToCommonShares": -266364}, {"maxAge": 1, "endDate": "2018-03-31", "totalRevenue": 31956941, "costOfRevenue": 140672, "grossProfit": 31816269, "researchDevelopment": {}, "sellingGeneralAdministrative": 14461799, "nonRecurring": {}, "otherOperatingExpenses": 11498683, "totalOperatingExpenses": 28426695, "operatingIncome": 3530246, "totalOtherIncomeExpenseNet": -1310436, "ebit": 3530246, "interestExpense": -390530, "incomeBeforeTax": 2219810, "incomeTaxExpense": 0, "minorityInterest": {}, "netIncomeFromContinuingOps": 2219810, "discontinuedOperations": {}, "extraordinaryItems": {}, "effectOfAccountingCharges": {}, "otherItems": {}, "netIncome": 2219810, "netIncomeApplicableToCommonShares": 2219810}, {"maxAge": 1, "endDate": "2017-03-31", "totalRevenue": 30160463, "costOfRevenue": 1233281, "grossProfit": 28927182, "researchDevelopment": {}, "sellingGeneralAdministrative": 12393103, "nonRecurring": {}, "otherOperatingExpenses": 11272983, "totalOperatingExpenses": 27431076, "operatingIncome": 2729387, "totalOtherIncomeExpenseNet": -1396386, "ebit": 2729387, "interestExpense": -723584, "incomeBeforeTax": 1333001, "incomeTaxExpense": 0, "minorityInterest": {}, "netIncomeFromContinuingOps": 1333001, "discontinuedOperations": {}, "extraordinaryItems": {}, "effectOfAccountingCharges": {}, "otherItems": {}, "netIncome": 1333001, "netIncomeApplicableToCommonShares": 1333001}], "maxAge": 86400}, "fundOwnership": {"maxAge": 1, "ownershipList": []}, "summaryDetail": {"maxAge": 1, "priceHint": 2, "previousClose": 14.95, "open": 14.95, "dayLow": 14.95, "dayHigh": 15.2, "regularMarketPreviousClose": 14.95, "regularMarketOpen": 14.95, "regularMarketDayLow": 14.95, "regularMarketDayHigh": 15.2, "trailingPE": 7.0272765, "volume": 3, "regularMarketVolume": 3, "averageVolume": 1, "averageVolume10days": 0, "averageDailyVolume10Day": 0, "bid": 15.2, "ask": 0.0, "bidSize": 0, "askSize": 0, "marketCap": 34678040, "fiftyTwoWeekLow": 14.95, "fiftyTwoWeekHigh": 45.7, "fiftyDayAverage": 31.88, "twoHundredDayAverage": 34.019424, "currency": "INR", "fromCurrency": null, "toCurrency": null, "lastMarket": null, "algorithm": null, "tradeable": false}, "incomeStatementHistoryQuarterly": {"incomeStatementHistory": [{"maxAge": 1, "endDate": "2020-06-30", "totalRevenue": 4964000, "costOfRevenue": 0, "grossProfit": 4964000, "researchDevelopment": {}, "sellingGeneralAdministrative": 1614000, "nonRecurring": {}, "otherOperatingExpenses": 2371000, "totalOperatingExpenses": 4444000, "operatingIncome": 520000, "totalOtherIncomeExpenseNet": 53000, "ebit": 520000, "interestExpense": -1000, "incomeBeforeTax": 573000, "incomeTaxExpense": 100000, "minorityInterest": {}, "netIncomeFromContinuingOps": 473000, "discontinuedOperations": {}, "extraordinaryItems": {}, "effectOfAccountingCharges": {}, "otherItems": {}, "netIncome": 473000, "netIncomeApplicableToCommonShares": 473000}, {"maxAge": 1, "endDate": "2020-03-31", "totalRevenue": 6948289, "costOfRevenue": 400311, "grossProfit": 6547978, "researchDevelopment": {}, "sellingGeneralAdministrative": 2602699, "nonRecurring": {}, "otherOperatingExpenses": 2602880, "totalOperatingExpenses": 5954189, "operatingIncome": 994100, "totalOtherIncomeExpenseNet": -508602, "ebit": 994100, "interestExpense": -5779, "incomeBeforeTax": 485498, "incomeTaxExpense": 0, "minorityInterest": {}, "netIncomeFromContinuingOps": 485498, "discontinuedOperations": {}, "extraordinaryItems": {}, "effectOfAccountingCharges": {}, "otherItems": {}, "netIncome": 485498, "netIncomeApplicableToCommonShares": 485498}, {"maxAge": 1, "endDate": "2019-12-31", "totalRevenue": 8743000, "costOfRevenue": 0, "grossProfit": 8743000, "researchDevelopment": {}, "sellingGeneralAdministrative": 2542000, "nonRecurring": {}, "otherOperatingExpenses": 4048000, "totalOperatingExpenses": 6922000, "operatingIncome": 1821000, "totalOtherIncomeExpenseNet": -2000, "ebit": 1821000, "interestExpense": -5779, "incomeBeforeTax": 1819000, "incomeTaxExpense": 0, "minorityInterest": {}, "netIncomeFromContinuingOps": 1819000, "discontinuedOperations": {}, "extraordinaryItems": {}, "effectOfAccountingCharges": {}, "otherItems": {}, "netIncome": 1819000, "netIncomeApplicableToCommonShares": 1819000}, {"maxAge": 1, "endDate": "2019-09-30", "totalRevenue": 9150000, "costOfRevenue": 0, "grossProfit": 9150000, "researchDevelopment": {}, "sellingGeneralAdministrative": 2622000, "nonRecurring": {}, "otherOperatingExpenses": 3775000, "totalOperatingExpenses": 6564000, "operatingIncome": 2586000, "totalOtherIncomeExpenseNet": -432000, "ebit": 2586000, "interestExpense": -23000, "incomeBeforeTax": 2154000, "incomeTaxExpense": 0, "minorityInterest": {}, "netIncomeFromContinuingOps": 2154000, "discontinuedOperations": {}, "extraordinaryItems": {}, "effectOfAccountingCharges": {}, "otherItems": {}, "netIncome": 2154000, "netIncomeApplicableToCommonShares": 2154000}], "maxAge": 86400}, "cashflowStatementHistoryQuarterly": {"cashflowStatements": [{"maxAge": 1, "endDate": "2020-06-30", "netIncome": 473000, "changeToLiabilities": 0}, {"maxAge": 1, "endDate": "2020-03-31", "netIncome": 485498, "changeToLiabilities": 0}, {"maxAge": 1, "endDate": "2019-12-31", "netIncome": 1819000, "changeToLiabilities": 0}, {"maxAge": 1, "endDate": "2019-09-30", "netIncome": 2154000, "changeToLiabilities": 0}], "maxAge": 86400}, "insiderHolders": {"holders": [], "maxAge": 1}, "calendarEvents": {"maxAge": 1, "earnings": {"earningsDate": []}}, "price": {"maxAge": 1, "regularMarketChangePercent": 0.016722409, "regularMarketChange": 0.25, "regularMarketTime": "2021-04-30 13:01:23", "priceHint": 2, "regularMarketPrice": 15.2, "regularMarketDayHigh": 15.2, "regularMarketDayLow": 14.95, "regularMarketVolume": 3, "averageDailyVolume10Day": 0, "averageDailyVolume3Month": 1, "regularMarketPreviousClose": 14.95, "regularMarketSource": "FREE_REALTIME", "regularMarketOpen": 14.95, "exchange": "BSE", "exchangeName": "BSE", "exchangeDataDelayedBy": 0, "marketState": "CLOSED", "quoteType": "EQUITY", "symbol": "VAPIPPR.BO", "underlyingSymbol": null, "shortName": "VAPI PAPER MILLS LTD.", "longName": "Vapi Enterprise Limited", "currency": "INR", "quoteSourceName": "Delayed Quote", "currencySymbol": "\u20b9", "fromCurrency": null, "toCurrency": null, "lastMarket": null, "marketCap": 34678040}, "balanceSheetHistory": {"balanceSheetStatements": [{"maxAge": 1, "endDate": "2020-03-31", "cash": 3894591, "netReceivables": 3055825, "otherCurrentAssets": 1286457, "totalCurrentAssets": 8244767, "longTermInvestments": 200000, "propertyPlantEquipment": 19782194, "otherAssets": 6712082, "totalAssets": 34939043, "accountsPayable": 967478, "otherCurrentLiab": 3857568, "longTermDebt": 77292720, "otherLiab": 7311886, "totalCurrentLiabilities": 6298829, "totalLiab": 90903435, "commonStock": 22814500, "retainedEarnings": -122185372, "capitalSurplus": 43406480, "totalStockholderEquity": -55964392, "netTangibleAssets": -55964392}, {"maxAge": 1, "endDate": "2019-03-31", "cash": 1078107, "netReceivables": 2976265, "otherCurrentAssets": 1135806, "totalCurrentAssets": 5190712, "longTermInvestments": 200000, "propertyPlantEquipment": 20544681, "otherAssets": 6724707, "totalAssets": 32660100, "accountsPayable": 529488, "otherCurrentLiab": 1195000, "longTermDebt": 78042721, "otherLiab": 12396682, "totalCurrentLiabilities": 3323587, "totalLiab": 93762990, "commonStock": 22814500, "retainedEarnings": -127323870, "capitalSurplus": 43406480, "totalStockholderEquity": -61102890, "netTangibleAssets": -61102890}, {"maxAge": 1, "endDate": "2018-03-31", "cash": 2821863, "netReceivables": 6644998, "otherCurrentAssets": 1111411, "totalCurrentAssets": 10595170, "longTermInvestments": 200000, "propertyPlantEquipment": 21784547, "otherAssets": 6881357, "totalAssets": 39461074, "accountsPayable": 1863860, "otherCurrentLiab": 75000, "longTermDebt": 79188218, "otherLiab": 17571135, "totalCurrentLiabilities": 3538246, "totalLiab": 100297599, "commonStock": 22814500, "retainedEarnings": -127057505, "capitalSurplus": 43406480, "totalStockholderEquity": -60836525, "netTangibleAssets": -60836525}, {"maxAge": 1, "endDate": "2017-03-31", "cash": 1680667, "netReceivables": 909744, "otherCurrentAssets": 249975, "totalCurrentAssets": 2840676, "longTermInvestments": 200000, "propertyPlantEquipment": 23578391, "otherAssets": 10153378, "totalAssets": 36772445, "accountsPayable": 1972850, "otherCurrentLiab": 64127, "longTermDebt": 80138218, "otherLiab": 16349127, "totalCurrentLiabilities": 3341435, "totalLiab": 99828780, "commonStock": 22814500, "retainedEarnings": -129277315, "capitalSurplus": 43406480, "totalStockholderEquity": -63056335, "netTangibleAssets": -63056335}], "maxAge": 86400}, "financialData": {"maxAge": 86400, "currentPrice": 15.2, "recommendationKey": "none", "grossProfits": 31939978, "financialCurrency": "INR"}}}