{"VARDHACRLC.NS": {"assetProfile": {"address1": "Vardhman Premises", "address2": "Chandigarh Road", "city": "Ludhiana", "zip": "141010", "country": "India", "phone": "91 16 1222 8943", "fax": "91 16 1260 1048", "website": "http://www.vardhmanacrylics.com", "industry": "Textile Manufacturing", "sector": "Consumer Cyclical", "longBusinessSummary": "Vardhman Acrylics Limited manufactures and supplies acrylic fiber and tow in India. The company markets its products under the VARLAN brand name. Vardhman Acrylics Limited was incorporated in 1990 and is based in Ludhiana, India. Vardhman Acrylics Limited is a subsidiary of Vardhman Textiles Limited.", "fullTimeEmployees": 303, "companyOfficers": [{"maxAge": 1, "name": "Mr. Bal Krishan Choudhary", "age": 69, "title": "MD & Non-Independent Exec. Director", "yearBorn": 1951, "fiscalYear": 2020, "totalPay": 13524000, "exercisedValue": 0, "unexercisedValue": 0}, {"maxAge": 1, "name": "Mr. Vivek  Gupta", "age": 53, "title": "CFO & Sr. VP", "yearBorn": 1967, "exercisedValue": 0, "unexercisedValue": 0}, {"maxAge": 1, "name": "Mr. Satin  Katyal", "age": 30, "title": "Company Sec. & Compliance Officer", "yearBorn": 1990, "exercisedValue": 0, "unexercisedValue": 0}, {"maxAge": 1, "name": "Keshar V. Patel", "age": 44, "title": "Chief Gen. Mang.", "yearBorn": 1976, "exercisedValue": 0, "unexercisedValue": 0}, {"maxAge": 1, "name": "Basudev Brijkishor Sharma", "age": 49, "title": "VP", "yearBorn": 1971, "fiscalYear": 2019, "exercisedValue": 0, "unexercisedValue": 0}], "compensationAsOfEpochDate": "2020-12-31 05:30:00", "maxAge": 86400}, "cashflowStatementHistory": {"cashflowStatements": [{"maxAge": 1, "endDate": "2020-03-31", "netIncome": 462650000, "depreciation": 52309000, "changeToNetincome": -327275000, "changeToAccountReceivables": 60989000, "changeToLiabilities": -145892000, "changeToInventory": 159015000, "changeToOperatingActivities": -220122000, "totalCashFromOperatingActivities": 41674000, "capitalExpenditures": -58552000, "investments": 827985000, "otherCashflowsFromInvestingActivities": 34634000, "totalCashflowsFromInvestingActivities": 804729000, "dividendsPaid": -200909000, "netBorrowings": 6650000, "otherCashflowsFromFinancingActivities": -41850000, "totalCashFromFinancingActivities": -236109000, "changeInCash": 610294000}, {"maxAge": 1, "endDate": "2019-03-31", "netIncome": 344876000, "depreciation": 53979000, "changeToNetincome": -206991000, "changeToAccountReceivables": 46160000, "changeToLiabilities": 291775000, "changeToInventory": -239065000, "changeToOperatingActivities": -35674000, "totalCashFromOperatingActivities": 255060000, "capitalExpenditures": -23156000, "investments": -80363000, "otherCashflowsFromInvestingActivities": 24698000, "totalCashflowsFromInvestingActivities": -77877000, "dividendsPaid": -160727000, "netBorrowings": -5742000, "otherCashflowsFromFinancingActivities": -33973000, "totalCashFromFinancingActivities": -200442000, "changeInCash": -23259000}, {"maxAge": 1, "endDate": "2018-03-31", "netIncome": 385724000, "depreciation": 47264000, "changeToNetincome": -281788000, "changeToAccountReceivables": -148304000, "changeToLiabilities": -237867000, "changeToInventory": 269726000, "changeToOperatingActivities": -3860000, "totalCashFromOperatingActivities": 30895000, "capitalExpenditures": -16936000, "investments": 48815000, "otherCashflowsFromInvestingActivities": 31861000, "totalCashflowsFromInvestingActivities": 65219000, "dividendsPaid": -120546000, "netBorrowings": 4451000, "otherCashflowsFromFinancingActivities": -29685000, "totalCashFromFinancingActivities": -145780000, "changeInCash": -49666000}, {"maxAge": 1, "endDate": "2017-03-31", "netIncome": 411052000, "depreciation": 46062000, "changeToNetincome": -90887000, "changeToAccountReceivables": -35012000, "changeToLiabilities": 334235000, "changeToInventory": -269517000, "changeToOperatingActivities": 25703000, "totalCashFromOperatingActivities": 421636000, "capitalExpenditures": -12848000, "investments": 280803000, "otherCashflowsFromInvestingActivities": 28317000, "totalCashflowsFromInvestingActivities": 296272000, "dividendsPaid": -3208000, "netBorrowings": 6084000, "otherCashflowsFromFinancingActivities": -1896000, "totalCashFromFinancingActivities": -632997000, "changeInCash": 84911000, "repurchaseOfStock": -633977000}], "maxAge": 86400}, "institutionOwnership": {"ownershipList": [], "maxAge": 1}, "majorHoldersBreakdown": {"maxAge": 1, "insidersPercentHeld": 0.0, "institutionsPercentHeld": 0.00075, "institutionsFloatPercentHeld": 0.00075, "institutionsCount": 1}, "balanceSheetHistoryQuarterly": {"balanceSheetStatements": [{"maxAge": 1, "endDate": "2020-12-31", "totalStockholderEquity": 3606000000, "netTangibleAssets": 3606000000}, {"maxAge": 1, "endDate": "2020-09-30", "cash": 1201600000, "shortTermInvestments": 1659700000, "netReceivables": 134500000, "inventory": 562600000, "otherCurrentAssets": 90700000, "totalCurrentAssets": 3649100000, "longTermInvestments": 67200000, "propertyPlantEquipment": 613600000, "otherAssets": 4900000, "totalAssets": 4334800000, "accountsPayable": 297700000, "otherCurrentLiab": 315800000, "otherLiab": 113800000, "totalCurrentLiabilities": 615000000, "totalLiab": 728800000, "commonStock": 803600000, "treasuryStock": 2802400000, "otherStockholderEquity": 2802400000, "totalStockholderEquity": 3606000000, "netTangibleAssets": 3606000000}, {"maxAge": 1, "endDate": "2020-06-30", "totalStockholderEquity": 3554300000, "netTangibleAssets": 3554300000}, {"maxAge": 1, "endDate": "2020-03-31", "cash": 627964000, "shortTermInvestments": 609735000, "netReceivables": 97350000, "inventory": 633709000, "otherCurrentAssets": 117459000, "totalCurrentAssets": 3058985000, "longTermInvestments": 830594000, "propertyPlantEquipment": 638530000, "otherAssets": 4955000, "totalAssets": 4533064000, "accountsPayable": 543461000, "otherCurrentLiab": 296941000, "otherLiab": 112228000, "totalCurrentLiabilities": 866553000, "totalLiab": 978789000, "commonStock": 803637000, "retainedEarnings": 2462831000, "treasuryStock": 287807000, "otherStockholderEquity": 287807000, "totalStockholderEquity": 3554275000, "netTangibleAssets": 3554275000}], "maxAge": 86400}, "indexTrend": {"maxAge": 1, "symbol": "SP5", "peRatio": 19.7411, "pegRatio": 1.34172, "estimates": [{"period": "0q", "growth": 0.549}, {"period": "+1q", "growth": 0.431}, {"period": "0y", "growth": 0.305}, {"period": "+1y", "growth": 0.109}, {"period": "+5y", "growth": 0.120865}, {"period": "-5y"}]}, "defaultKeyStatistics": {"maxAge": 1, "priceHint": 2, "enterpriseValue": 121419560, "profitMargins": 0.11998, "floatShares": 20172830, "sharesOutstanding": 80363696, "heldPercentInsiders": 0.0, "heldPercentInstitutions": 0.00075, "beta": 0.38465, "category": null, "bookValue": 44.785, "priceToBook": 0.8261695, "fundFamily": null, "legalType": null, "lastFiscalYearEnd": "2020-03-31 05:30:00", "nextFiscalYearEnd": "2022-03-31 05:30:00", "mostRecentQuarter": "2020-12-31 05:30:00", "earningsQuarterlyGrowth": 0.914, "netIncomeToCommon": 310550016, "trailingEps": 3.867, "lastSplitFactor": null, "enterpriseToRevenue": 0.047, "enterpriseToEbitda": 0.534}, "summaryProfile": {"address1": "Vardhman Premises", "address2": "Chandigarh Road", "city": "Ludhiana", "zip": "141010", "country": "India", "phone": "91 16 1222 8943", "fax": "91 16 1260 1048", "website": "http://www.vardhmanacrylics.com", "industry": "Textile Manufacturing", "sector": "Consumer Cyclical", "longBusinessSummary": "Vardhman Acrylics Limited manufactures and supplies acrylic fiber and tow in India. The company markets its products under the VARLAN brand name. Vardhman Acrylics Limited was incorporated in 1990 and is based in Ludhiana, India. Vardhman Acrylics Limited is a subsidiary of Vardhman Textiles Limited.", "fullTimeEmployees": 303, "companyOfficers": [], "maxAge": 86400}, "netSharePurchaseActivity": {"maxAge": 1, "period": "6m", "buyInfoCount": 0, "buyInfoShares": 0, "sellInfoCount": 0, "netInfoCount": 0, "netInfoShares": 0, "totalInsiderShares": 0}, "quoteType": {"exchange": "NSI", "quoteType": "EQUITY", "symbol": "VARDHACRLC.NS", "underlyingSymbol": "VARDHACRLC.NS", "shortName": "VARDHMAN ACRYLICS", "longName": "Vardhman Acrylics Limited", "firstTradeDateEpochUtc": "2003-09-30 09:15:00", "timeZoneFullName": "Asia/Kolkata", "timeZoneShortName": "IST", "uuid": "4407be0a-9c29-39ab-b78a-ab39a3d5d20d", "gmtOffSetMilliseconds": 19800000, "maxAge": 1}, "incomeStatementHistory": {"incomeStatementHistory": [{"maxAge": 1, "endDate": "2020-03-31", "totalRevenue": 3343687000, "costOfRevenue": 2446302000, "grossProfit": 897385000, "researchDevelopment": {}, "sellingGeneralAdministrative": 157500000, "nonRecurring": {}, "otherOperatingExpenses": 468765000, "totalOperatingExpenses": 3124876000, "operatingIncome": 218811000, "totalOtherIncomeExpenseNet": 259749000, "ebit": 218811000, "interestExpense": -552000, "incomeBeforeTax": 478560000, "incomeTaxExpense": 15910000, "minorityInterest": {}, "netIncomeFromContinuingOps": 462650000, "discontinuedOperations": {}, "extraordinaryItems": {}, "effectOfAccountingCharges": {}, "otherItems": {}, "netIncome": 462650000, "netIncomeApplicableToCommonShares": 462650000}, {"maxAge": 1, "endDate": "2019-03-31", "totalRevenue": 3919635000, "costOfRevenue": 3030659000, "grossProfit": 888976000, "researchDevelopment": {}, "sellingGeneralAdministrative": 147277000, "nonRecurring": {}, "otherOperatingExpenses": 446795000, "totalOperatingExpenses": 3678710000, "operatingIncome": 240925000, "totalOtherIncomeExpenseNet": 226385000, "ebit": 240925000, "interestExpense": -935000, "incomeBeforeTax": 467310000, "incomeTaxExpense": 122434000, "minorityInterest": {}, "netIncomeFromContinuingOps": 344876000, "discontinuedOperations": {}, "extraordinaryItems": {}, "effectOfAccountingCharges": {}, "otherItems": {}, "netIncome": 344876000, "netIncomeApplicableToCommonShares": 344876000}, {"maxAge": 1, "endDate": "2018-03-31", "totalRevenue": 3196156000, "costOfRevenue": 2235835000, "grossProfit": 960321000, "researchDevelopment": {}, "sellingGeneralAdministrative": 145871000, "nonRecurring": {}, "otherOperatingExpenses": 495173000, "totalOperatingExpenses": 2924143000, "operatingIncome": 272013000, "totalOtherIncomeExpenseNet": 193901000, "ebit": 272013000, "interestExpense": -5145000, "incomeBeforeTax": 465914000, "incomeTaxExpense": 80190000, "minorityInterest": {}, "netIncomeFromContinuingOps": 385724000, "discontinuedOperations": {}, "extraordinaryItems": {}, "effectOfAccountingCharges": {}, "otherItems": {}, "netIncome": 385724000, "netIncomeApplicableToCommonShares": 385725000}, {"maxAge": 1, "endDate": "2017-03-31", "totalRevenue": 3371523000, "costOfRevenue": 2107535000, "grossProfit": 1263988000, "researchDevelopment": {}, "sellingGeneralAdministrative": 137713000, "nonRecurring": {}, "otherOperatingExpenses": 727920000, "totalOperatingExpenses": 3019230000, "operatingIncome": 352293000, "totalOtherIncomeExpenseNet": 219140000, "ebit": 352293000, "interestExpense": -1896000, "incomeBeforeTax": 571433000, "incomeTaxExpense": 160381000, "minorityInterest": {}, "netIncomeFromContinuingOps": 411052000, "discontinuedOperations": {}, "extraordinaryItems": {}, "effectOfAccountingCharges": {}, "otherItems": {}, "netIncome": 411052000, "netIncomeApplicableToCommonShares": 411052000}], "maxAge": 86400}, "fundOwnership": {"ownershipList": [], "maxAge": 1}, "summaryDetail": {"maxAge": 1, "priceHint": 2, "previousClose": 35.7, "open": 36.0, "dayLow": 35.75, "dayHigh": 37.9, "regularMarketPreviousClose": 35.7, "regularMarketOpen": 36.0, "regularMarketDayLow": 35.75, "regularMarketDayHigh": 37.9, "exDividendDate": "2019-09-18 05:30:00", "payoutRatio": 0.0, "beta": 0.38465, "trailingPE": 9.56814, "volume": 86678, "regularMarketVolume": 86678, "averageVolume": 53238, "averageVolume10days": 16019, "averageDailyVolume10Day": 16019, "bid": 0.0, "ask": 0.0, "bidSize": 0, "askSize": 0, "marketCap": 2973456640, "fiftyTwoWeekLow": 25.8, "fiftyTwoWeekHigh": 42.75, "priceToSalesTrailing12Months": 1.1487682, "fiftyDayAverage": 37.825756, "twoHundredDayAverage": 34.175358, "trailingAnnualDividendRate": 2.5, "trailingAnnualDividendYield": 0.07002801, "currency": "INR", "fromCurrency": null, "lastMarket": null, "algorithm": null, "tradeable": false}, "incomeStatementHistoryQuarterly": {"incomeStatementHistory": [{"maxAge": 1, "endDate": "2020-12-31", "totalRevenue": 808800000, "costOfRevenue": 530600000, "grossProfit": 278200000, "researchDevelopment": {}, "sellingGeneralAdministrative": 40900000, "nonRecurring": {}, "otherOperatingExpenses": 66400000, "totalOperatingExpenses": 651500000, "operatingIncome": 157300000, "totalOtherIncomeExpenseNet": 36700000, "ebit": 157300000, "interestExpense": -400000, "incomeBeforeTax": 194000000, "incomeTaxExpense": 45700000, "minorityInterest": {}, "netIncomeFromContinuingOps": 148300000, "discontinuedOperations": {}, "extraordinaryItems": {}, "effectOfAccountingCharges": {}, "otherItems": {}, "netIncome": 148300000, "netIncomeApplicableToCommonShares": 148300000}, {"maxAge": 1, "endDate": "2020-09-30", "totalRevenue": 648900000, "costOfRevenue": 515100000, "grossProfit": 133800000, "researchDevelopment": {}, "sellingGeneralAdministrative": 39500000, "nonRecurring": {}, "otherOperatingExpenses": 53000000, "totalOperatingExpenses": 621700000, "operatingIncome": 27200000, "totalOtherIncomeExpenseNet": 32900000, "ebit": 27200000, "interestExpense": -500000, "incomeBeforeTax": 60100000, "incomeTaxExpense": 13400000, "minorityInterest": {}, "netIncomeFromContinuingOps": 46700000, "discontinuedOperations": {}, "extraordinaryItems": {}, "effectOfAccountingCharges": {}, "otherItems": {}, "netIncome": 46700000, "netIncomeApplicableToCommonShares": 46700000}, {"maxAge": 1, "endDate": "2020-06-30", "totalRevenue": 296900000, "costOfRevenue": 238200000, "grossProfit": 58700000, "researchDevelopment": {}, "sellingGeneralAdministrative": 36900000, "nonRecurring": {}, "otherOperatingExpenses": 44700000, "totalOperatingExpenses": 332900000, "operatingIncome": -36000000, "totalOtherIncomeExpenseNet": 42400000, "ebit": -36000000, "interestExpense": -600000, "incomeBeforeTax": 6400000, "incomeTaxExpense": 1300000, "minorityInterest": {}, "netIncomeFromContinuingOps": 5100000, "discontinuedOperations": {}, "extraordinaryItems": {}, "effectOfAccountingCharges": {}, "otherItems": {}, "netIncome": 5100000, "netIncomeApplicableToCommonShares": 5100000}, {"maxAge": 1, "endDate": "2020-03-31", "totalRevenue": 833787000, "costOfRevenue": 474602000, "grossProfit": 359185000, "researchDevelopment": {}, "sellingGeneralAdministrative": 41800000, "nonRecurring": {}, "otherOperatingExpenses": 273865000, "totalOperatingExpenses": 803376000, "operatingIncome": 30411000, "totalOtherIncomeExpenseNet": 80849000, "ebit": 30411000, "interestExpense": -600000, "incomeBeforeTax": 111260000, "incomeTaxExpense": 710000, "minorityInterest": {}, "netIncomeFromContinuingOps": 110550000, "discontinuedOperations": {}, "extraordinaryItems": {}, "effectOfAccountingCharges": {}, "otherItems": {}, "netIncome": 110550000, "netIncomeApplicableToCommonShares": 110550000}], "maxAge": 86400}, "cashflowStatementHistoryQuarterly": {"cashflowStatements": [{"maxAge": 1, "endDate": "2020-12-31", "netIncome": 148300000, "changeToLiabilities": 0}, {"maxAge": 1, "endDate": "2020-09-30", "netIncome": 46700000, "changeToLiabilities": 0}, {"maxAge": 1, "endDate": "2020-06-30", "netIncome": 5100000, "changeToLiabilities": 0}, {"maxAge": 1, "endDate": "2020-03-31", "netIncome": 110550000, "changeToLiabilities": 0}], "maxAge": 86400}, "insiderHolders": {"holders": [], "maxAge": 1}, "calendarEvents": {"maxAge": 1, "earnings": {"earningsDate": []}, "exDividendDate": "2019-09-18 05:30:00"}, "upgradeDowngradeHistory": {"history": [], "maxAge": 86400}, "price": {"maxAge": 1, "regularMarketChangePercent": 0.036414545, "regularMarketChange": 1.2999992, "regularMarketTime": "2021-04-30 15:28:13", "priceHint": 2, "regularMarketPrice": 37.0, "regularMarketDayHigh": 37.9, "regularMarketDayLow": 35.75, "regularMarketVolume": 86678, "averageDailyVolume10Day": 16019, "averageDailyVolume3Month": 53238, "regularMarketPreviousClose": 35.7, "regularMarketSource": "FREE_REALTIME", "regularMarketOpen": 36.0, "exchange": "NSI", "exchangeName": "NSE", "exchangeDataDelayedBy": 15, "marketState": "CLOSED", "quoteType": "EQUITY", "symbol": "VARDHACRLC.NS", "underlyingSymbol": null, "shortName": "VARDHMAN ACRYLICS", "longName": "Vardhman Acrylics Limited", "currency": "INR", "quoteSourceName": "Delayed Quote", "currencySymbol": "\u20b9", "fromCurrency": null, "lastMarket": null, "marketCap": 2973456640}, "balanceSheetHistory": {"balanceSheetStatements": [{"maxAge": 1, "endDate": "2020-03-31", "cash": 627964000, "shortTermInvestments": 609735000, "netReceivables": 97350000, "inventory": 633709000, "otherCurrentAssets": 117459000, "totalCurrentAssets": 3058985000, "longTermInvestments": 830594000, "propertyPlantEquipment": 638530000, "otherAssets": 4955000, "totalAssets": 4533064000, "accountsPayable": 543461000, "otherCurrentLiab": 296941000, "otherLiab": 112228000, "totalCurrentLiabilities": 866553000, "totalLiab": 978789000, "commonStock": 803637000, "retainedEarnings": 2462831000, "treasuryStock": 287807000, "otherStockholderEquity": 287807000, "totalStockholderEquity": 3554275000, "netTangibleAssets": 3554275000}, {"maxAge": 1, "endDate": "2019-03-31", "cash": 17670000, "shortTermInvestments": 408000, "netReceivables": 158125000, "inventory": 827464000, "otherCurrentAssets": 48471000, "totalCurrentAssets": 3313803000, "longTermInvestments": 583446000, "propertyPlantEquipment": 516157000, "otherAssets": 119795000, "totalAssets": 4533201000, "accountsPayable": 685706000, "otherCurrentLiab": 283540000, "otherLiab": 201810000, "totalCurrentLiabilities": 994811000, "totalLiab": 1196621000, "commonStock": 803637000, "retainedEarnings": 2242389000, "treasuryStock": 290554000, "otherStockholderEquity": 290554000, "totalStockholderEquity": 3336580000, "netTangibleAssets": 3336580000}, {"maxAge": 1, "endDate": "2018-03-31", "cash": 46951000, "shortTermInvestments": 622000, "netReceivables": 202443000, "inventory": 524652000, "otherCurrentAssets": 83487000, "totalCurrentAssets": 2274972000, "longTermInvestments": 1181682000, "propertyPlantEquipment": 548097000, "otherAssets": 125245000, "totalAssets": 4129996000, "accountsPayable": 407670000, "otherCurrentLiab": 285980000, "otherLiab": 206029000, "totalCurrentLiabilities": 730148000, "totalLiab": 936177000, "commonStock": 803637000, "retainedEarnings": 2091278000, "treasuryStock": 298904000, "otherStockholderEquity": 298904000, "totalStockholderEquity": 3193819000, "netTangibleAssets": 3193819000}, {"maxAge": 1, "endDate": "2017-03-31", "cash": 90595000, "netReceivables": 55411000, "inventory": 794379000, "otherCurrentAssets": 99364000, "totalCurrentAssets": 3417339000, "longTermInvestments": 107229000, "propertyPlantEquipment": 579889000, "otherAssets": 126836000, "totalAssets": 4231293000, "accountsPayable": 645536000, "otherCurrentLiab": 331839000, "otherLiab": 272193000, "totalCurrentLiabilities": 1004951000, "totalLiab": 1277144000, "commonStock": 803637000, "retainedEarnings": 1850640000, "treasuryStock": 299872000, "otherStockholderEquity": 299872000, "totalStockholderEquity": 2954149000, "netTangibleAssets": 2954149000}], "maxAge": 86400}, "financialData": {"maxAge": 86400, "currentPrice": 37.0, "recommendationKey": "none", "totalCash": 2861299968, "totalCashPerShare": 35.501, "ebitda": 227167248, "totalDebt": 600000, "totalRevenue": 2588387072, "debtToEquity": 0.017, "revenuePerShare": 32.228, "grossProfits": 897385000, "earningsGrowth": 0.917, "revenueGrowth": -0.014, "grossMargins": 0.32057998, "ebitdaMargins": 0.08776, "operatingMargins": 0.06908, "profitMargins": 0.11998, "financialCurrency": "INR"}}}