{"VARDMNPOLY.BO": {"cashflowStatementHistory": {"cashflowStatements": [{"maxAge": 1, "endDate": "2020-03-31", "netIncome": 1018290000, "depreciation": 157056000, "changeToNetincome": -1158200000, "changeToAccountReceivables": -21092000, "changeToLiabilities": 139935000, "changeToInventory": -1530000, "totalCashFromOperatingActivities": 134459000, "capitalExpenditures": -17340000, "otherCashflowsFromInvestingActivities": 4239000, "totalCashflowsFromInvestingActivities": 3659000, "netBorrowings": 439666000, "otherCashflowsFromFinancingActivities": -579102000, "totalCashFromFinancingActivities": -139436000, "changeInCash": -1318000}, {"maxAge": 1, "endDate": "2019-03-31", "netIncome": -739953000, "depreciation": 183763000, "changeToNetincome": -200013000, "changeToAccountReceivables": 285456000, "changeToLiabilities": 1571216000, "changeToInventory": 238429000, "totalCashFromOperatingActivities": 1338898000, "capitalExpenditures": -17340000, "otherCashflowsFromInvestingActivities": 4627000, "totalCashflowsFromInvestingActivities": 1135791000, "netBorrowings": -1223253000, "otherCashflowsFromFinancingActivities": -1165546000, "totalCashFromFinancingActivities": -2510874000, "changeInCash": -36185000}, {"maxAge": 1, "endDate": "2018-03-31", "netIncome": -1716684000, "depreciation": 299072000, "changeToNetincome": 876777000, "changeToAccountReceivables": 632985000, "changeToLiabilities": -22361000, "changeToInventory": 438834000, "totalCashFromOperatingActivities": 508623000, "capitalExpenditures": -72066000, "otherCashflowsFromInvestingActivities": 12839000, "totalCashflowsFromInvestingActivities": -51965000, "netBorrowings": 254197000, "otherCashflowsFromFinancingActivities": -762787000, "totalCashFromFinancingActivities": -508590000, "changeInCash": -51931000}, {"maxAge": 1, "endDate": "2017-03-31", "netIncome": -334521000, "depreciation": 301332000, "changeToNetincome": 713124000, "changeToAccountReceivables": 173829000, "changeToLiabilities": 84112000, "changeToInventory": -23718000, "totalCashFromOperatingActivities": 917610000, "capitalExpenditures": -260511000, "investments": 1256000, "otherCashflowsFromInvestingActivities": 15789000, "totalCashflowsFromInvestingActivities": -236570000, "netBorrowings": -117017000, "otherCashflowsFromFinancingActivities": -566079000, "totalCashFromFinancingActivities": -683096000, "changeInCash": -2056000}], "maxAge": 86400}, "institutionOwnership": {"maxAge": 1, "ownershipList": []}, "balanceSheetHistoryQuarterly": {"balanceSheetStatements": [{"maxAge": 1, "endDate": "2020-06-30", "totalStockholderEquity": -2909216000, "netTangibleAssets": -2909738000}, {"maxAge": 1, "endDate": "2020-03-31", "cash": 799000, "shortTermInvestments": 672000, "netReceivables": 89777000, "inventory": 207667000, "otherCurrentAssets": 173482000, "totalCurrentAssets": 476895000, "longTermInvestments": 217000, "propertyPlantEquipment": 1908421000, "intangibleAssets": 522000, "otherAssets": 704872000, "deferredLongTermAssetCharges": 501618000, "totalAssets": 3090927000, "accountsPayable": 622709000, "shortLongTermDebt": 10886000, "otherCurrentLiab": 159295000, "longTermDebt": 54713000, "otherLiab": 2353000, "totalCurrentLiabilities": 5943077000, "totalLiab": 6000143000, "commonStock": 222910000, "retainedEarnings": -3899552000, "treasuryStock": -5680000, "capitalSurplus": 773106000, "otherStockholderEquity": -5680000, "totalStockholderEquity": -2909216000, "netTangibleAssets": -2909738000}, {"maxAge": 1, "endDate": "2019-12-31", "totalStockholderEquity": -4320378000, "netTangibleAssets": -4320936000}, {"maxAge": 1, "endDate": "2019-09-30", "cash": 2565000, "shortTermInvestments": 2530000, "netReceivables": 88695000, "inventory": 218629000, "otherCurrentAssets": 208042000, "totalCurrentAssets": 520461000, "longTermInvestments": 62000, "propertyPlantEquipment": 1984068000, "intangibleAssets": 558000, "otherAssets": 655244000, "deferredLongTermAssetCharges": 501618000, "totalAssets": 3160393000, "accountsPayable": 400745000, "otherCurrentLiab": 2233340000, "longTermDebt": 61198000, "otherLiab": 7001000, "totalCurrentLiabilities": 7412572000, "totalLiab": 7480771000, "commonStock": 222910000, "treasuryStock": -4543288000, "otherStockholderEquity": -4543288000, "totalStockholderEquity": -4320378000, "netTangibleAssets": -4320936000}], "maxAge": 86400}, "indexTrend": {"maxAge": 1, "symbol": "SP5", "peRatio": 19.7411, "pegRatio": 1.34172, "estimates": [{"period": "0q", "growth": 0.549}, {"period": "+1q", "growth": 0.431}, {"period": "0y", "growth": 0.305}, {"period": "+1y", "growth": 0.109}, {"period": "+5y", "growth": 0.120865}, {"period": "-5y"}]}, "insiderTransactions": {"transactions": [{"maxAge": 1, "shares": 2182000, "filerUrl": "", "transactionText": "", "filerName": "Altfort Merchants Pvt. Ltd.", "filerRelation": "Institution- Corporation", "moneyText": "", "startDate": "2014-12-16", "ownership": "D"}, {"maxAge": 1, "shares": 291000, "filerUrl": "", "transactionText": "", "filerName": "Oswal (Adish)", "filerRelation": "Director (Executive)", "moneyText": "", "startDate": "2014-12-15", "ownership": "D"}, {"maxAge": 1, "shares": 17820, "filerUrl": "", "transactionText": "", "filerName": "Oswal (Rakhi)", "filerRelation": "Additonal Director", "moneyText": "", "startDate": "2014-08-14", "ownership": "D"}, {"maxAge": 1, "shares": 24000, "filerUrl": "", "transactionText": "", "filerName": "Panchsheel Textile Manufacturing & Trading Company Pvt. Ltd.", "filerRelation": "Promoter", "moneyText": "", "startDate": "2014-07-24", "ownership": "D"}, {"maxAge": 1, "shares": 1975000, "filerUrl": "", "transactionText": "", "filerName": "Alma Assets Consultancy Pvt Ltd", "filerRelation": "Promoter", "moneyText": "", "startDate": "2013-12-16", "ownership": "D"}, {"maxAge": 1, "shares": 1600000, "filerUrl": "", "transactionText": "", "filerName": "Alma Assets Consultancy Pvt Ltd", "filerRelation": "Promoter", "moneyText": "", "startDate": "2013-04-04", "ownership": "D"}, {"maxAge": 1, "shares": 10000, "filerUrl": "", "transactionText": "", "filerName": "Alma Assets Consultancy Pvt Ltd", "filerRelation": "Promoter", "moneyText": "", "startDate": "2011-11-04", "ownership": "D"}, {"maxAge": 1, "shares": 55000, "filerUrl": "", "transactionText": "", "filerName": "Alma Assets Consultancy Pvt Ltd", "filerRelation": "Promoter", "moneyText": "", "startDate": "2011-10-21", "ownership": "D"}, {"maxAge": 1, "shares": 10000, "filerUrl": "", "transactionText": "", "filerName": "Alma Assets Consultancy Pvt Ltd", "filerRelation": "Promoter", "moneyText": "", "startDate": "2011-10-21", "ownership": "D"}, {"maxAge": 1, "shares": 92325, "filerUrl": "", "transactionText": "", "filerName": "Alma Assets Consultancy Pvt Ltd", "filerRelation": "Promoter", "moneyText": "", "startDate": "2011-09-19", "ownership": "D"}], "maxAge": 1}, "quoteType": {"exchange": "BSE", "quoteType": "EQUITY", "symbol": "VARDMNPOLY.BO", "underlyingSymbol": "VARDMNPOLY.BO", "shortName": "VARDHMAN POLYTEX LTD.", "longName": "Vardhman Polytex Limited", "firstTradeDateEpochUtc": "2000-01-03 09:15:00", "timeZoneFullName": "Asia/Kolkata", "timeZoneShortName": "IST", "uuid": "053cf834-9eb5-3a92-be97-756705373561", "messageBoardId": null, "gmtOffSetMilliseconds": 19800000, "maxAge": 1}, "incomeStatementHistory": {"incomeStatementHistory": [{"maxAge": 1, "endDate": "2020-03-31", "totalRevenue": 5608650000, "costOfRevenue": 4396752000, "grossProfit": 1211898000, "researchDevelopment": {}, "sellingGeneralAdministrative": 459921000, "nonRecurring": {}, "otherOperatingExpenses": 721498000, "totalOperatingExpenses": 5735227000, "operatingIncome": -126577000, "totalOtherIncomeExpenseNet": 1145005000, "ebit": -126577000, "interestExpense": -596851000, "incomeBeforeTax": 1018428000, "incomeTaxExpense": 138000, "minorityInterest": {}, "netIncomeFromContinuingOps": 1018290000, "discontinuedOperations": {}, "extraordinaryItems": {}, "effectOfAccountingCharges": {}, "otherItems": {}, "netIncome": 1018290000, "netIncomeApplicableToCommonShares": 1018290000}, {"maxAge": 1, "endDate": "2019-03-31", "totalRevenue": 8107531000, "costOfRevenue": 6356157000, "grossProfit": 1751374000, "researchDevelopment": {}, "sellingGeneralAdministrative": 579900000, "nonRecurring": {}, "otherOperatingExpenses": 1131282000, "totalOperatingExpenses": 8251102000, "operatingIncome": -143571000, "totalOtherIncomeExpenseNet": -596240000, "ebit": -143571000, "interestExpense": -597474000, "incomeBeforeTax": -739811000, "incomeTaxExpense": 142000, "minorityInterest": {}, "netIncomeFromContinuingOps": -739953000, "discontinuedOperations": {}, "extraordinaryItems": {}, "effectOfAccountingCharges": {}, "otherItems": {}, "netIncome": -739953000, "netIncomeApplicableToCommonShares": -739953000}, {"maxAge": 1, "endDate": "2018-03-31", "totalRevenue": 6409637000, "costOfRevenue": 5119496000, "grossProfit": 1290141000, "researchDevelopment": {}, "sellingGeneralAdministrative": 652121000, "nonRecurring": {}, "otherOperatingExpenses": 1225215000, "totalOperatingExpenses": 7295670000, "operatingIncome": -886033000, "totalOtherIncomeExpenseNet": -830519000, "ebit": -886033000, "interestExpense": -803494000, "incomeBeforeTax": -1716552000, "incomeTaxExpense": 132000, "minorityInterest": {}, "netIncomeFromContinuingOps": -1716684000, "discontinuedOperations": {}, "extraordinaryItems": {}, "effectOfAccountingCharges": {}, "otherItems": {}, "netIncome": -1716684000, "netIncomeApplicableToCommonShares": -1716684000}, {"maxAge": 1, "endDate": "2017-03-31", "totalRevenue": 9254817000, "costOfRevenue": 6417958000, "grossProfit": 2836859000, "researchDevelopment": {}, "sellingGeneralAdministrative": 740763000, "nonRecurring": {}, "otherOperatingExpenses": 1488166000, "totalOperatingExpenses": 8951437000, "operatingIncome": 303380000, "totalOtherIncomeExpenseNet": -637774000, "ebit": 303380000, "interestExpense": -715468000, "incomeBeforeTax": -334394000, "incomeTaxExpense": 127000, "minorityInterest": {}, "netIncomeFromContinuingOps": -334521000, "discontinuedOperations": {}, "extraordinaryItems": {}, "effectOfAccountingCharges": {}, "otherItems": {}, "netIncome": -334521000, "netIncomeApplicableToCommonShares": -334521000}], "maxAge": 86400}, "fundOwnership": {"maxAge": 1, "ownershipList": []}, "summaryDetail": {"maxAge": 1, "priceHint": 2, "previousClose": 18.2, "open": 18.0, "dayLow": 17.9, "dayHigh": 18.6, "regularMarketPreviousClose": 18.2, "regularMarketOpen": 18.0, "regularMarketDayLow": 17.9, "regularMarketDayHigh": 18.6, "trailingPE": 0.41168508, "volume": 3015, "regularMarketVolume": 3015, "averageVolume": 20079, "averageVolume10days": 4743, "averageDailyVolume10Day": 4743, "bid": 18.15, "ask": 19.0, "bidSize": 0, "askSize": 0, "marketCap": 406810752, "fiftyTwoWeekLow": 2.08, "fiftyTwoWeekHigh": 18.6, "fiftyDayAverage": 14.695883, "twoHundredDayAverage": 10.225514, "currency": "INR", "fromCurrency": null, "toCurrency": null, "lastMarket": null, "algorithm": null, "tradeable": false}, "incomeStatementHistoryQuarterly": {"incomeStatementHistory": [{"maxAge": 1, "endDate": "2020-06-30", "totalRevenue": 427890000, "costOfRevenue": 378277000, "grossProfit": 49613000, "researchDevelopment": {}, "sellingGeneralAdministrative": 50759000, "nonRecurring": {}, "otherOperatingExpenses": 23666000, "totalOperatingExpenses": 489671000, "operatingIncome": -61781000, "totalOtherIncomeExpenseNet": -153547000, "ebit": -61781000, "interestExpense": -153547000, "incomeBeforeTax": -215328000, "incomeTaxExpense": 0, "minorityInterest": {}, "netIncomeFromContinuingOps": -215328000, "discontinuedOperations": {}, "extraordinaryItems": {}, "effectOfAccountingCharges": {}, "otherItems": {}, "netIncome": -215328000, "netIncomeApplicableToCommonShares": -215328000}, {"maxAge": 1, "endDate": "2020-03-31", "totalRevenue": 1355890000, "costOfRevenue": 669747000, "grossProfit": 686143000, "researchDevelopment": {}, "sellingGeneralAdministrative": 113077000, "nonRecurring": {}, "otherOperatingExpenses": 517544000, "totalOperatingExpenses": 1336244000, "operatingIncome": 19646000, "totalOtherIncomeExpenseNet": 1596255000, "ebit": 19646000, "interestExpense": -145601000, "incomeBeforeTax": 1615901000, "incomeTaxExpense": 35000, "minorityInterest": {}, "netIncomeFromContinuingOps": 1615866000, "discontinuedOperations": {}, "extraordinaryItems": {}, "effectOfAccountingCharges": {}, "otherItems": {}, "netIncome": 1615866000, "netIncomeApplicableToCommonShares": 1615866000}, {"maxAge": 1, "endDate": "2019-12-31", "totalRevenue": 1229415000, "costOfRevenue": 1079735000, "grossProfit": 149680000, "researchDevelopment": {}, "sellingGeneralAdministrative": 108216000, "nonRecurring": {}, "otherOperatingExpenses": 49625000, "totalOperatingExpenses": 1275054000, "operatingIncome": -45639000, "totalOtherIncomeExpenseNet": -155274000, "ebit": -45639000, "interestExpense": -155274000, "incomeBeforeTax": -200913000, "incomeTaxExpense": 35000, "minorityInterest": {}, "netIncomeFromContinuingOps": -200948000, "discontinuedOperations": {}, "extraordinaryItems": {}, "effectOfAccountingCharges": {}, "otherItems": {}, "netIncome": -200948000, "netIncomeApplicableToCommonShares": -200948000}, {"maxAge": 1, "endDate": "2019-09-30", "totalRevenue": 978338000, "costOfRevenue": 847706000, "grossProfit": 130632000, "researchDevelopment": {}, "sellingGeneralAdministrative": 87677000, "nonRecurring": {}, "otherOperatingExpenses": 62923000, "totalOperatingExpenses": 1036248000, "operatingIncome": -57910000, "totalOtherIncomeExpenseNet": -153448000, "ebit": -57910000, "interestExpense": -153448000, "incomeBeforeTax": -211358000, "incomeTaxExpense": 34000, "minorityInterest": {}, "netIncomeFromContinuingOps": -211392000, "discontinuedOperations": {}, "extraordinaryItems": {}, "effectOfAccountingCharges": {}, "otherItems": {}, "netIncome": -211392000, "netIncomeApplicableToCommonShares": -211392000}], "maxAge": 86400}, "cashflowStatementHistoryQuarterly": {"cashflowStatements": [{"maxAge": 1, "endDate": "2020-06-30", "netIncome": -215328000, "changeToLiabilities": 0}, {"maxAge": 1, "endDate": "2020-03-31", "netIncome": 1615866000, "changeToLiabilities": 0}, {"maxAge": 1, "endDate": "2019-12-31", "netIncome": -200948000, "changeToLiabilities": 0}, {"maxAge": 1, "endDate": "2019-09-30", "netIncome": -211392000, "changeToLiabilities": 0}], "maxAge": 86400}, "insiderHolders": {"holders": [{"maxAge": 1, "name": "Alma Assets Consultancy Pvt Ltd", "relation": "Promoter", "url": "", "transactionDescription": "Acquisition", "latestTransDate": "2013-12-16", "positionDirect": 4362325, "positionDirectDate": "2013-12-16"}, {"maxAge": 1, "name": "Altfort Merchants Pvt. Ltd.", "relation": "Institution- Corporation", "url": "", "transactionDescription": "Acquisition", "latestTransDate": "2014-12-16", "positionDirect": 2182000, "positionDirectDate": "2014-12-16"}, {"maxAge": 1, "name": "Oswal (Adish)", "relation": "Director (Executive)", "url": "", "transactionDescription": "Acquisition", "latestTransDate": "2014-12-15", "positionDirect": 420511, "positionDirectDate": "2014-12-15"}, {"maxAge": 1, "name": "Oswal (Rakhi)", "relation": "Additonal Director", "url": "", "transactionDescription": "Acquisition", "latestTransDate": "2014-08-14", "positionDirect": 17820, "positionDirectDate": "2014-08-14"}, {"maxAge": 1, "name": "Panchsheel Textile Manufacturing & Trading Company Pvt. Ltd.", "relation": "Promoter", "url": "", "transactionDescription": "Acquisition", "latestTransDate": "2014-07-24", "positionDirect": 4426917, "positionDirectDate": "2014-07-24"}], "maxAge": 1}, "calendarEvents": {"maxAge": 1, "earnings": {"earningsDate": []}}, "price": {"maxAge": 1, "regularMarketChangePercent": 0.0027472107, "regularMarketChange": 0.049999237, "regularMarketTime": "2021-04-30 15:19:10", "priceHint": 2, "regularMarketPrice": 18.25, "regularMarketDayHigh": 18.6, "regularMarketDayLow": 17.9, "regularMarketVolume": 3015, "averageDailyVolume10Day": 4743, "averageDailyVolume3Month": 20079, "regularMarketPreviousClose": 18.2, "regularMarketSource": "FREE_REALTIME", "regularMarketOpen": 18.0, "exchange": "BSE", "exchangeName": "BSE", "exchangeDataDelayedBy": 0, "marketState": "CLOSED", "quoteType": "EQUITY", "symbol": "VARDMNPOLY.BO", "underlyingSymbol": null, "shortName": "VARDHMAN POLYTEX LTD.", "longName": "Vardhman Polytex Limited", "currency": "INR", "quoteSourceName": "Delayed Quote", "currencySymbol": "\u20b9", "fromCurrency": null, "toCurrency": null, "lastMarket": null, "marketCap": 406810752}, "balanceSheetHistory": {"balanceSheetStatements": [{"maxAge": 1, "endDate": "2020-03-31", "cash": 799000, "shortTermInvestments": 672000, "netReceivables": 89777000, "inventory": 207667000, "otherCurrentAssets": 173482000, "totalCurrentAssets": 476895000, "longTermInvestments": 217000, "propertyPlantEquipment": 1908421000, "intangibleAssets": 522000, "otherAssets": 704872000, "deferredLongTermAssetCharges": 501618000, "totalAssets": 3090927000, "accountsPayable": 622709000, "shortLongTermDebt": 10886000, "otherCurrentLiab": 159295000, "longTermDebt": 54713000, "otherLiab": 2353000, "totalCurrentLiabilities": 5943077000, "totalLiab": 6000143000, "commonStock": 222910000, "retainedEarnings": -3899552000, "treasuryStock": -5680000, "capitalSurplus": 773106000, "otherStockholderEquity": -5680000, "totalStockholderEquity": -2909216000, "netTangibleAssets": -2909738000}, {"maxAge": 1, "endDate": "2019-03-31", "cash": 1969000, "shortTermInvestments": 807000, "netReceivables": 116405000, "inventory": 206137000, "otherCurrentAssets": 211753000, "totalCurrentAssets": 544252000, "longTermInvestments": 62000, "propertyPlantEquipment": 2064391000, "intangibleAssets": 595000, "otherAssets": 629913000, "deferredLongTermAssetCharges": 501618000, "totalAssets": 3239213000, "accountsPayable": 446307000, "shortLongTermDebt": 9567000, "otherCurrentLiab": 1924719000, "longTermDebt": 65600000, "otherLiab": 5800000, "totalCurrentLiabilities": 7088065000, "totalLiab": 7159465000, "commonStock": 222909000, "retainedEarnings": -4918427000, "treasuryStock": 2160000, "capitalSurplus": 773106000, "otherStockholderEquity": 2160000, "totalStockholderEquity": -3920252000, "netTangibleAssets": -3920847000}, {"maxAge": 1, "endDate": "2018-03-31", "cash": 10728000, "shortTermInvestments": 6262000, "netReceivables": 343859000, "inventory": 444566000, "otherCurrentAssets": 260702000, "totalCurrentAssets": 1075074000, "longTermInvestments": 62000, "propertyPlantEquipment": 3365071000, "intangibleAssets": 13614000, "otherAssets": 675355000, "deferredLongTermAssetCharges": 501618000, "totalAssets": 5129176000, "accountsPayable": 524741000, "shortLongTermDebt": 705402000, "otherCurrentLiab": 219851000, "longTermDebt": 2394347000, "otherLiab": 42530000, "totalCurrentLiabilities": 4926291000, "totalLiab": 7363168000, "commonStock": 222909000, "retainedEarnings": -3352422000, "treasuryStock": 340000, "capitalSurplus": 773106000, "otherStockholderEquity": 340000, "totalStockholderEquity": -2356067000, "netTangibleAssets": -2369681000}, {"maxAge": 1, "endDate": "2017-03-31", "cash": 34452000, "shortTermInvestments": 31359000, "netReceivables": 956183000, "inventory": 883400000, "otherCurrentAssets": 293701000, "totalCurrentAssets": 2232218000, "longTermInvestments": 62000, "propertyPlantEquipment": 3591587000, "intangibleAssets": 50793000, "otherAssets": 678536000, "deferredLongTermAssetCharges": 501618000, "totalAssets": 6553196000, "accountsPayable": 816353000, "shortLongTermDebt": 453250000, "otherCurrentLiab": 162039000, "longTermDebt": 2728402000, "otherLiab": 40795000, "totalCurrentLiabilities": 4296479000, "totalLiab": 7065676000, "commonStock": 222909000, "retainedEarnings": -1635695000, "treasuryStock": 5125000, "capitalSurplus": 773106000, "otherStockholderEquity": 5125000, "totalStockholderEquity": -634555000, "netTangibleAssets": -685348000}], "maxAge": 86400}, "financialData": {"maxAge": 86400, "currentPrice": 18.25, "recommendationKey": "none", "grossProfits": 1211898000, "financialCurrency": "INR"}}}