{"VARROC.NS": {"assetProfile": {"address1": "L-4, MIDC Industrial Area", "address2": "Waluj", "city": "Aurangabad", "zip": "431136", "country": "India", "phone": "91 24 0665 3600", "fax": "91 24 0256 4540", "website": "http://www.varroc.com", "industry": "Auto Parts", "sector": "Consumer Cyclical", "longBusinessSummary": "Varroc Engineering Limited designs, manufactures, and supplies exterior lighting systems, plastic and polymer components, electrical and electronics components, and precision metallic components worldwide. It operates through Automotive and Others segments. The company offers unpainted and painted body parts; exterior and interior systems; seating systems; mirror systems; air filters; automotive accessories; lighting systems; instrument clusters; catalytic converters; switches; motors and magnetos; electronics; traction motors and controllers; DC-DC converters; and engine valves. It also provides precision-forged and machined parts for engine and transmissions to two-wheelers; four-cylinder crankshafts for commercial vehicles and stationary engines; and crank pins, connecting rods, flanges, ring gears, crankshafts, camshafts, knuckles, front axle beams, and hydraulic components, as well as head and signal lamps. The company serves passenger car, commercial vehicle, two-wheeler, three-wheeler, and off-highway vehicle original equipment manufacturers. Varroc Engineering Limited was founded in 1988 and is headquartered in Aurangabad, India.", "fullTimeEmployees": 14300, "companyOfficers": [{"maxAge": 1, "name": "Mr. Tarang  Jain", "age": 59, "title": "MD & Chairman", "yearBorn": 1961, "exercisedValue": 0, "unexercisedValue": 0}, {"maxAge": 1, "name": "Mr. T. R. Srinivasan", "title": "Group Chief Financial Officer", "exercisedValue": 0, "unexercisedValue": 0}, {"maxAge": 1, "name": "Mr. Ajay Kumar Sharma", "age": 52, "title": "Group Gen. Counsel, Company Sec. & Compliance Officer", "yearBorn": 1968, "exercisedValue": 0, "unexercisedValue": 0}, {"maxAge": 1, "name": "Mr. Arjun  Jain", "age": 31, "title": "Pres & Bus. Head of Electrical-Electronics Division and Whole-time Director", "yearBorn": 1989, "exercisedValue": 0, "unexercisedValue": 0}, {"maxAge": 1, "name": "Mr. Vineet  Tyagi", "title": "Associate VP of Operations", "exercisedValue": 0, "unexercisedValue": 0}, {"maxAge": 1, "name": "Mr. Vikas  Marwah", "age": 52, "title": "Chief Sales & Marketing Officer and Sr. VP", "yearBorn": 1968, "exercisedValue": 0, "unexercisedValue": 0}, {"maxAge": 1, "name": "Ms. Kavita  Kulkarni", "title": "Chief Human Resource Officer", "exercisedValue": 0, "unexercisedValue": 0}, {"maxAge": 1, "name": "Mr. S. N. Patil", "title": "Sr. VP of Production Systems", "exercisedValue": 0, "unexercisedValue": 0}, {"maxAge": 1, "name": "Mr. Prakash Hari Khose", "age": 50, "title": "Bus. Head of Metallic Forging Division", "yearBorn": 1970, "exercisedValue": 0, "unexercisedValue": 0}, {"maxAge": 1, "name": "Mr. Laxmikant  Miniyar", "title": "Bus. Head of Metallic Engine Valve Division", "exercisedValue": 0, "unexercisedValue": 0}], "maxAge": 86400}, "recommendationTrend": {"trend": [{"period": "0m", "strongBuy": 0, "buy": 0, "hold": 0, "sell": 0, "strongSell": 0}, {"period": "-1m", "strongBuy": 0, "buy": 0, "hold": 0, "sell": 0, "strongSell": 0}, {"period": "-2m", "strongBuy": 0, "buy": 0, "hold": 0, "sell": 0, "strongSell": 0}, {"period": "-3m", "strongBuy": 0, "buy": 0, "hold": 0, "sell": 0, "strongSell": 0}], "maxAge": 86400}, "cashflowStatementHistory": {"cashflowStatements": [{"maxAge": 1, "endDate": "2020-03-31", "netIncome": 1910000, "depreciation": 5134990000, "changeToNetincome": 670070000, "changeToAccountReceivables": 2969570000, "changeToLiabilities": 2345400000, "changeToInventory": -1695050000, "changeToOperatingActivities": 2526340000, "totalCashFromOperatingActivities": 14136880000, "capitalExpenditures": -9777890000, "investments": 214260000, "otherCashflowsFromInvestingActivities": 1189030000, "totalCashflowsFromInvestingActivities": -12682080000, "dividendsPaid": -943170000, "netBorrowings": 9687760000, "otherCashflowsFromFinancingActivities": -1413360000, "totalCashFromFinancingActivities": 7331230000, "effectOfExchangeRate": 89670000, "changeInCash": 8875700000}, {"maxAge": 1, "endDate": "2019-03-31", "netIncome": 4252190000, "depreciation": 3948980000, "changeToNetincome": -262870000, "changeToAccountReceivables": 615850000, "changeToLiabilities": 1005530000, "changeToInventory": -228320000, "changeToOperatingActivities": -6299310000, "totalCashFromOperatingActivities": 4739490000, "capitalExpenditures": -11091560000, "investments": -311930000, "otherCashflowsFromInvestingActivities": 619580000, "totalCashflowsFromInvestingActivities": -17572060000, "dividendsPaid": -5840000, "netBorrowings": 12250660000, "otherCashflowsFromFinancingActivities": -955370000, "totalCashFromFinancingActivities": 11289450000, "effectOfExchangeRate": -118650000, "changeInCash": -1661770000}, {"maxAge": 1, "endDate": "2018-03-31", "netIncome": 4502580000, "depreciation": 3343580000, "changeToNetincome": -605870000, "changeToAccountReceivables": -1339100000, "changeToLiabilities": 2697260000, "changeToInventory": -292220000, "changeToOperatingActivities": 1921190000, "totalCashFromOperatingActivities": 10748490000, "capitalExpenditures": -4654880000, "investments": -32940000, "otherCashflowsFromInvestingActivities": 301850000, "totalCashflowsFromInvestingActivities": -6012920000, "dividendsPaid": -61560000, "netBorrowings": -4298500000, "otherCashflowsFromFinancingActivities": -871700000, "totalCashFromFinancingActivities": -5231760000, "effectOfExchangeRate": 560030000, "changeInCash": 63840000}, {"maxAge": 1, "endDate": "2017-03-31", "netIncome": 3131000000, "depreciation": 3023530000, "changeToNetincome": -431840000, "changeToAccountReceivables": -155070000, "changeToLiabilities": 3380500000, "changeToInventory": -1023000000, "changeToOperatingActivities": -1507420000, "totalCashFromOperatingActivities": 6765000000, "capitalExpenditures": -6288740000, "investments": 340000000, "otherCashflowsFromInvestingActivities": 249320000, "totalCashflowsFromInvestingActivities": -5654340000, "dividendsPaid": -37040000, "netBorrowings": 1838600000, "otherCashflowsFromFinancingActivities": -865050000, "totalCashFromFinancingActivities": 936510000, "effectOfExchangeRate": -112570000, "changeInCash": 1934600000}], "maxAge": 86400}, "indexTrend": {"maxAge": 1, "symbol": "SP5", "peRatio": 19.7411, "pegRatio": 1.34172, "estimates": [{"period": "0q", "growth": 0.549}, {"period": "+1q", "growth": 0.431}, {"period": "0y", "growth": 0.305}, {"period": "+1y", "growth": 0.109}, {"period": "+5y", "growth": 0.120865}, {"period": "-5y"}]}, "defaultKeyStatistics": {"maxAge": 1, "priceHint": 2, "enterpriseValue": 74428530688, "profitMargins": -0.05923, "floatShares": 33702490, "sharesOutstanding": 152786000, "heldPercentInsiders": 0.75, "heldPercentInstitutions": 0.17301, "beta": 2.041561, "category": null, "bookValue": 194.943, "priceToBook": 1.902351, "fundFamily": null, "legalType": null, "lastFiscalYearEnd": "2020-03-31 05:30:00", "nextFiscalYearEnd": "2022-03-31 05:30:00", "mostRecentQuarter": "2020-12-31 05:30:00", "netIncomeToCommon": -6240470016, "trailingEps": -46.285, "forwardEps": 45.62, "lastSplitFactor": null, "enterpriseToRevenue": 0.706, "enterpriseToEbitda": 101.483}, "industryTrend": {"maxAge": 1, "symbol": null, "estimates": []}, "quoteType": {"exchange": "NSI", "quoteType": "EQUITY", "symbol": "VARROC.NS", "underlyingSymbol": "VARROC.NS", "shortName": "VARROC ENGINEERING", "longName": "Varroc Engineering Limited", "firstTradeDateEpochUtc": "2018-07-09 09:15:00", "timeZoneFullName": "Asia/Kolkata", "timeZoneShortName": "IST", "uuid": "64ecae01-7275-3f29-a119-2cfdf0a7cd78", "gmtOffSetMilliseconds": 19800000, "maxAge": 1}, "incomeStatementHistory": {"incomeStatementHistory": [{"maxAge": 1, "endDate": "2020-03-31", "totalRevenue": 112207540000, "costOfRevenue": 69861510000, "grossProfit": 42346030000, "researchDevelopment": {}, "sellingGeneralAdministrative": 15929190000, "nonRecurring": {}, "otherOperatingExpenses": 17175650000, "totalOperatingExpenses": 110284990000, "operatingIncome": 1922550000, "totalOtherIncomeExpenseNet": -1527690000, "ebit": 1922550000, "interestExpense": -1173560000, "incomeBeforeTax": 394860000, "incomeTaxExpense": 369800000, "minorityInterest": 249240000, "netIncomeFromContinuingOps": 25060000, "discontinuedOperations": {}, "extraordinaryItems": {}, "effectOfAccountingCharges": {}, "otherItems": {}, "netIncome": 1910000, "netIncomeApplicableToCommonShares": 1910000}, {"maxAge": 1, "endDate": "2019-03-31", "totalRevenue": 120364650000, "costOfRevenue": 77048160000, "grossProfit": 43316490000, "researchDevelopment": {}, "sellingGeneralAdministrative": 15651810000, "nonRecurring": {}, "otherOperatingExpenses": 16339760000, "totalOperatingExpenses": 114696150000, "operatingIncome": 5668500000, "totalOtherIncomeExpenseNet": -483300000, "ebit": 5668500000, "interestExpense": -828460000, "incomeBeforeTax": 5185200000, "incomeTaxExpense": 898420000, "minorityInterest": 241310000, "netIncomeFromContinuingOps": 4286780000, "discontinuedOperations": {}, "extraordinaryItems": {}, "effectOfAccountingCharges": {}, "otherItems": {}, "netIncome": 4252190000, "netIncomeApplicableToCommonShares": 4252190000}, {"maxAge": 1, "endDate": "2018-03-31", "totalRevenue": 102788310000, "costOfRevenue": 65199450000, "grossProfit": 37588860000, "researchDevelopment": {}, "sellingGeneralAdministrative": 13573270000, "nonRecurring": {}, "otherOperatingExpenses": 14608670000, "totalOperatingExpenses": 97246040000, "operatingIncome": 5542270000, "totalOtherIncomeExpenseNet": -383940000, "ebit": 5542270000, "interestExpense": -746720000, "incomeBeforeTax": 5158330000, "incomeTaxExpense": 650560000, "minorityInterest": 207670000, "netIncomeFromContinuingOps": 4507770000, "discontinuedOperations": {}, "extraordinaryItems": {}, "effectOfAccountingCharges": {}, "otherItems": {}, "netIncome": 4502580000, "netIncomeApplicableToCommonShares": 4502580000}, {"maxAge": 1, "endDate": "2017-03-31", "totalRevenue": 92987880000, "costOfRevenue": 61809850000, "grossProfit": 31178030000, "researchDevelopment": {}, "sellingGeneralAdministrative": 12410990000, "nonRecurring": {}, "otherOperatingExpenses": 12632820000, "totalOperatingExpenses": 90224490000, "operatingIncome": 2763390000, "totalOtherIncomeExpenseNet": 508540000, "ebit": 2763390000, "interestExpense": -790470000, "incomeBeforeTax": 3271930000, "incomeTaxExpense": 137100000, "minorityInterest": 201590000, "netIncomeFromContinuingOps": 3134830000, "discontinuedOperations": {}, "extraordinaryItems": {}, "effectOfAccountingCharges": {}, "otherItems": {}, "netIncome": 3131000000, "netIncomeApplicableToCommonShares": 3131000000}], "maxAge": 86400}, "fundOwnership": {"ownershipList": [{"maxAge": 1, "reportDate": "2020-12-31", "organization": "Morgan Stanley India Investment Fund", "pctHeld": 0.0039, "position": 588947, "value": 234047537}, {"maxAge": 1, "reportDate": "2021-01-31", "organization": "Financial Investors Tr-ALPS/Kotak India Growth Fund", "pctHeld": 0.0016, "position": 247676, "value": 104036303}, {"maxAge": 1, "reportDate": "2020-12-31", "organization": "AMG TimesSquare Emerging Markets Small Cap Fd", "pctHeld": 0.0001, "position": 15000, "value": 5961000}, {"maxAge": 1, "reportDate": "2021-01-31", "organization": "DFA Emerging Markets Small Cap Series", "pctHeld": 0.0001, "position": 13628, "value": 5724441}, {"maxAge": 1, "reportDate": "2021-01-31", "organization": "DFA Investment Dimensions-World Ex U.S. Core Equity Port", "pctHeld": 0.0001, "position": 8908, "value": 3741805}], "maxAge": 1}, "summaryDetail": {"maxAge": 1, "priceHint": 2, "previousClose": 382.8, "open": 380.65, "dayLow": 368.3, "dayHigh": 385.0, "regularMarketPreviousClose": 382.8, "regularMarketOpen": 380.65, "regularMarketDayLow": 368.3, "regularMarketDayHigh": 385.0, "dividendRate": 7.0, "dividendYield": 0.0176, "exDividendDate": "2020-02-25 05:30:00", "beta": 2.041561, "forwardPE": 8.12911, "volume": 52809, "regularMarketVolume": 52809, "averageVolume": 181451, "averageVolume10days": 184868, "averageDailyVolume10Day": 184868, "bid": 0.0, "ask": 0.0, "bidSize": 0, "askSize": 0, "marketCap": 56771944448, "fiftyTwoWeekLow": 125.0, "fiftyTwoWeekHigh": 477.65, "priceToSalesTrailing12Months": 0.5388586, "fiftyDayAverage": 396.1853, "twoHundredDayAverage": 369.24786, "trailingAnnualDividendRate": 0.0, "trailingAnnualDividendYield": 0.0, "currency": "INR", "fromCurrency": null, "lastMarket": null, "algorithm": null, "tradeable": false}, "insiderHolders": {"holders": [], "maxAge": 1}, "calendarEvents": {"maxAge": 1, "earnings": {"earningsDate": ["2021-02-09 05:30:S"]}, "exDividendDate": "2020-02-25 05:30:00"}, "upgradeDowngradeHistory": {"history": [], "maxAge": 86400}, "price": {"maxAge": 1, "regularMarketChangePercent": -0.0312173, "regularMarketChange": -11.949982, "regularMarketTime": "2021-04-30 15:30:01", "priceHint": 2, "regularMarketPrice": 370.85, "regularMarketDayHigh": 385.0, "regularMarketDayLow": 368.3, "regularMarketVolume": 52809, "averageDailyVolume10Day": 184868, "averageDailyVolume3Month": 181451, "regularMarketPreviousClose": 382.8, "regularMarketSource": "FREE_REALTIME", "regularMarketOpen": 380.65, "exchange": "NSI", "exchangeName": "NSE", "exchangeDataDelayedBy": 15, "marketState": "CLOSED", "quoteType": "EQUITY", "symbol": "VARROC.NS", "underlyingSymbol": null, "shortName": "VARROC ENGINEERING", "longName": "Varroc Engineering Limited", "currency": "INR", "quoteSourceName": "Delayed Quote", "currencySymbol": "\u20b9", "fromCurrency": null, "lastMarket": null, "marketCap": 56771944448}, "balanceSheetHistory": {"balanceSheetStatements": [{"maxAge": 1, "endDate": "2020-03-31", "cash": 10659740000, "shortTermInvestments": 27940000, "netReceivables": 17166760000, "inventory": 10758160000, "otherCurrentAssets": 2236250000, "totalCurrentAssets": 41410640000, "longTermInvestments": 3285970000, "propertyPlantEquipment": 48955500000, "goodWill": 2008980000, "intangibleAssets": 5871150000, "otherAssets": 8490490000, "deferredLongTermAssetCharges": 2180760000, "totalAssets": 110022730000, "accountsPayable": 23646350000, "shortLongTermDebt": 9426920000, "otherCurrentLiab": 6917630000, "longTermDebt": 9002040000, "otherLiab": 4231820000, "deferredLongTermLiab": 3895000000, "minorityInterest": 249240000, "totalCurrentLiabilities": 59972220000, "totalLiab": 79728230000, "commonStock": 134810000, "retainedEarnings": 16669670000, "treasuryStock": 7050700000, "capitalSurplus": 6190080000, "otherStockholderEquity": 7050700000, "totalStockholderEquity": 30045260000, "netTangibleAssets": 22165130000}, {"maxAge": 1, "endDate": "2019-03-31", "cash": 1608420000, "shortTermInvestments": 25880000, "netReceivables": 18782730000, "inventory": 8903830000, "otherCurrentAssets": 3470960000, "totalCurrentAssets": 33376050000, "longTermInvestments": 3454000000, "propertyPlantEquipment": 35799950000, "goodWill": 1992530000, "intangibleAssets": 4976350000, "otherAssets": 7724690000, "deferredLongTermAssetCharges": 1843640000, "totalAssets": 87323570000, "accountsPayable": 20322020000, "shortLongTermDebt": 7742080000, "otherCurrentLiab": 5728500000, "longTermDebt": 4492560000, "otherLiab": 4136610000, "deferredLongTermLiab": 2689690000, "minorityInterest": 241310000, "totalCurrentLiabilities": 47709460000, "totalLiab": 56418030000, "commonStock": 134810000, "retainedEarnings": 17752550000, "treasuryStock": 6586790000, "capitalSurplus": 6190080000, "otherStockholderEquity": 6586790000, "totalStockholderEquity": 30664230000, "netTangibleAssets": 23695350000}, {"maxAge": 1, "endDate": "2018-03-31", "cash": 3265780000, "shortTermInvestments": 70270000, "netReceivables": 16749940000, "inventory": 8640970000, "otherCurrentAssets": 1459510000, "totalCurrentAssets": 30604380000, "longTermInvestments": 3565740000, "propertyPlantEquipment": 28303680000, "goodWill": 334720000, "intangibleAssets": 2151800000, "otherAssets": 3563600000, "deferredLongTermAssetCharges": 1030000000, "totalAssets": 68523920000, "accountsPayable": 19793790000, "shortLongTermDebt": 2179280000, "otherCurrentLiab": 3765480000, "longTermDebt": 6238530000, "otherLiab": 1944430000, "deferredLongTermLiab": 549500000, "minorityInterest": 207670000, "totalCurrentLiabilities": 31730310000, "totalLiab": 40036200000, "commonStock": 123130000, "retainedEarnings": 14245510000, "treasuryStock": 7709650000, "capitalSurplus": 6190080000, "otherStockholderEquity": 7709650000, "totalStockholderEquity": 28268370000, "netTangibleAssets": 25781850000}, {"maxAge": 1, "endDate": "2017-03-31", "cash": 3500270000, "shortTermInvestments": 46060000, "netReceivables": 14452820000, "inventory": 7534720000, "otherCurrentAssets": 1428020000, "totalCurrentAssets": 27184830000, "longTermInvestments": 2927710000, "propertyPlantEquipment": 24976630000, "goodWill": 150820000, "intangibleAssets": 1606800000, "otherAssets": 1757010000, "deferredLongTermAssetCharges": 130210000, "totalAssets": 58603800000, "accountsPayable": 15062020000, "shortLongTermDebt": 1537820000, "otherCurrentLiab": 3228230000, "longTermDebt": 7399520000, "otherLiab": 1044420000, "minorityInterest": 201590000, "totalCurrentLiabilities": 27951330000, "totalLiab": 36548460000, "commonStock": 114610000, "retainedEarnings": 9248060000, "treasuryStock": 6342220000, "capitalSurplus": 6128660000, "otherStockholderEquity": 6342220000, "totalStockholderEquity": 21833550000, "netTangibleAssets": 20075930000}], "maxAge": 86400}, "earningsTrend": {"trend": [{"maxAge": 1, "period": "0q", "endDate": "2018-12-31", "growth": {}, "earningsEstimate": {"avg": 0.0, "low": 0.0, "high": 0.0, "yearAgoEps": {}, "numberOfAnalysts": 0, "growth": {}}, "revenueEstimate": {"avg": 0, "low": 0, "high": 0, "numberOfAnalysts": 0, "yearAgoRevenue": {}, "growth": {}}, "epsTrend": {"current": 0.0, "7daysAgo": 0.0, "30daysAgo": 0.0, "60daysAgo": 0.0, "90daysAgo": 0.0}, "epsRevisions": {"upLast7days": 0, "upLast30days": 0, "downLast30days": 0, "downLast90days": {}}}, {"maxAge": 1, "period": "+1q", "endDate": "2019-03-31", "growth": {}, "earningsEstimate": {"avg": 0.0, "low": 0.0, "high": 0.0, "yearAgoEps": {}, "numberOfAnalysts": 0, "growth": {}}, "revenueEstimate": {"avg": 0, "low": 0, "high": 0, "numberOfAnalysts": 0, "yearAgoRevenue": {}, "growth": {}}, "epsTrend": {"current": 0.0, "7daysAgo": 0.0, "30daysAgo": 0.0, "60daysAgo": 0.0, "90daysAgo": 0.0}, "epsRevisions": {"upLast7days": 0, "upLast30days": 0, "downLast30days": 0, "downLast90days": {}}}, {"maxAge": 1, "period": "0y", "endDate": "2019-03-31", "growth": {}, "earningsEstimate": {"avg": 0.0, "low": 0.0, "high": 0.0, "yearAgoEps": {}, "numberOfAnalysts": 0, "growth": {}}, "revenueEstimate": {"avg": 125534000000, "low": 121281000000, "high": 130590000000, "numberOfAnalysts": 3, "yearAgoRevenue": {}, "growth": {}}, "epsTrend": {"current": 0.0, "7daysAgo": 35.47, "30daysAgo": 35.47, "60daysAgo": 35.47, "90daysAgo": 35.47}, "epsRevisions": {"upLast7days": 0, "upLast30days": 0, "downLast30days": 0, "downLast90days": {}}}, {"maxAge": 1, "period": "+1y", "endDate": "2020-03-31", "growth": {}, "earningsEstimate": {"avg": 0.0, "low": 0.0, "high": 0.0, "yearAgoEps": {}, "numberOfAnalysts": 0, "growth": {}}, "revenueEstimate": {"avg": 144946000000, "low": 140093000000, "high": 152408000000, "numberOfAnalysts": 3, "yearAgoRevenue": 125534000000, "growth": 0.155}, "epsTrend": {"current": 0.0, "7daysAgo": 45.62, "30daysAgo": 45.62, "60daysAgo": 45.62, "90daysAgo": 45.62}, "epsRevisions": {"upLast7days": 0, "upLast30days": 0, "downLast30days": 0, "downLast90days": {}}}, {"maxAge": 1, "period": "+5y", "endDate": null, "growth": 0.2638, "earningsEstimate": {"avg": {}, "low": {}, "high": {}, "yearAgoEps": {}, "numberOfAnalysts": {}, "growth": {}}, "revenueEstimate": {"avg": {}, "low": {}, "high": {}, "numberOfAnalysts": {}, "yearAgoRevenue": {}, "growth": {}}, "epsTrend": {"current": {}, "7daysAgo": {}, "30daysAgo": {}, "60daysAgo": {}, "90daysAgo": {}}, "epsRevisions": {"upLast7days": {}, "upLast30days": {}, "downLast30days": {}, "downLast90days": {}}}, {"maxAge": 1, "period": "-5y", "endDate": null, "growth": {}, "earningsEstimate": {"avg": {}, "low": {}, "high": {}, "yearAgoEps": {}, "numberOfAnalysts": {}, "growth": {}}, "revenueEstimate": {"avg": {}, "low": {}, "high": {}, "numberOfAnalysts": {}, "yearAgoRevenue": {}, "growth": {}}, "epsTrend": {"current": {}, "7daysAgo": {}, "30daysAgo": {}, "60daysAgo": {}, "90daysAgo": {}}, "epsRevisions": {"upLast7days": {}, "upLast30days": {}, "downLast30days": {}, "downLast90days": {}}}], "maxAge": 1}, "institutionOwnership": {"ownershipList": [], "maxAge": 1}, "majorHoldersBreakdown": {"maxAge": 1, "insidersPercentHeld": 0.75, "institutionsPercentHeld": 0.17301, "institutionsFloatPercentHeld": 0.69204, "institutionsCount": 16}, "balanceSheetHistoryQuarterly": {"balanceSheetStatements": [{"maxAge": 1, "endDate": "2020-12-31", "totalStockholderEquity": 26296270000, "netTangibleAssets": 15212760000}, {"maxAge": 1, "endDate": "2020-09-30", "cash": 2900410000, "shortTermInvestments": 62410000, "netReceivables": 13880120000, "inventory": 10628440000, "otherCurrentAssets": 7565520000, "totalCurrentAssets": 35036900000, "longTermInvestments": 3735310000, "propertyPlantEquipment": 49154280000, "goodWill": 1754870000, "intangibleAssets": 9328640000, "otherAssets": 5107530000, "deferredLongTermAssetCharges": 2718070000, "totalAssets": 104117530000, "accountsPayable": 22365800000, "otherCurrentLiab": 23849460000, "longTermDebt": 6962850000, "otherLiab": 4210920000, "minorityInterest": 253580000, "totalCurrentLiabilities": 60197710000, "totalLiab": 77567680000, "commonStock": 134810000, "treasuryStock": 26161460000, "otherStockholderEquity": 26161460000, "totalStockholderEquity": 26296270000, "netTangibleAssets": 15212760000}, {"maxAge": 1, "endDate": "2020-06-30", "totalStockholderEquity": 30045260000, "netTangibleAssets": 22165130000}, {"maxAge": 1, "endDate": "2020-03-31", "cash": 10659740000, "shortTermInvestments": 27940000, "netReceivables": 17166760000, "inventory": 10758160000, "otherCurrentAssets": 2236250000, "totalCurrentAssets": 41410640000, "longTermInvestments": 3285970000, "propertyPlantEquipment": 48955500000, "goodWill": 2008980000, "intangibleAssets": 5871150000, "otherAssets": 8490490000, "deferredLongTermAssetCharges": 2180760000, "totalAssets": 110022730000, "accountsPayable": 23646350000, "shortLongTermDebt": 9426920000, "otherCurrentLiab": 6917630000, "longTermDebt": 9002040000, "otherLiab": 4231820000, "deferredLongTermLiab": 3895000000, "minorityInterest": 249240000, "totalCurrentLiabilities": 59972220000, "totalLiab": 79728230000, "commonStock": 134810000, "retainedEarnings": 16669670000, "treasuryStock": 7050700000, "capitalSurplus": 6190080000, "otherStockholderEquity": 7050700000, "totalStockholderEquity": 30045260000, "netTangibleAssets": 22165130000}], "maxAge": 86400}, "earningsHistory": {"history": [{"maxAge": 1, "epsActual": {}, "epsEstimate": {}, "epsDifference": {}, "surprisePercent": {}, "quarter": {}, "period": "-4q"}, {"maxAge": 1, "epsActual": {}, "epsEstimate": {}, "epsDifference": {}, "surprisePercent": {}, "quarter": {}, "period": "-3q"}, {"maxAge": 1, "epsActual": {}, "epsEstimate": {}, "epsDifference": {}, "surprisePercent": {}, "quarter": {}, "period": "-2q"}, {"maxAge": 1, "epsActual": 7.42, "epsEstimate": 9.6, "epsDifference": -2.18, "surprisePercent": -0.22700001, "quarter": "2018-09-30", "period": "-1q"}], "maxAge": 86400}, "summaryProfile": {"address1": "L-4, MIDC Industrial Area", "address2": "Waluj", "city": "Aurangabad", "zip": "431136", "country": "India", "phone": "91 24 0665 3600", "fax": "91 24 0256 4540", "website": "http://www.varroc.com", "industry": "Auto Parts", "sector": "Consumer Cyclical", "longBusinessSummary": "Varroc Engineering Limited designs, manufactures, and supplies exterior lighting systems, plastic and polymer components, electrical and electronics components, and precision metallic components worldwide. It operates through Automotive and Others segments. The company offers unpainted and painted body parts; exterior and interior systems; seating systems; mirror systems; air filters; automotive accessories; lighting systems; instrument clusters; catalytic converters; switches; motors and magnetos; electronics; traction motors and controllers; DC-DC converters; and engine valves. It also provides precision-forged and machined parts for engine and transmissions to two-wheelers; four-cylinder crankshafts for commercial vehicles and stationary engines; and crank pins, connecting rods, flanges, ring gears, crankshafts, camshafts, knuckles, front axle beams, and hydraulic components, as well as head and signal lamps. The company serves passenger car, commercial vehicle, two-wheeler, three-wheeler, and off-highway vehicle original equipment manufacturers. Varroc Engineering Limited was founded in 1988 and is headquartered in Aurangabad, India.", "fullTimeEmployees": 14300, "companyOfficers": [], "maxAge": 86400}, "netSharePurchaseActivity": {"maxAge": 1, "period": "6m", "buyInfoCount": 0, "buyInfoShares": 0, "sellInfoCount": 0, "netInfoCount": 0, "netInfoShares": 0, "netPercentInsiderShares": 0.0, "totalInsiderShares": 101111520}, "sectorTrend": {"maxAge": 1, "symbol": null, "estimates": []}, "incomeStatementHistoryQuarterly": {"incomeStatementHistory": [{"maxAge": 1, "endDate": "2020-12-31", "totalRevenue": 35145870000, "costOfRevenue": 23077780000, "grossProfit": 12068090000, "researchDevelopment": {}, "sellingGeneralAdministrative": 4154460000, "nonRecurring": {}, "otherOperatingExpenses": 5430950000, "totalOperatingExpenses": 34910380000, "operatingIncome": 235490000, "totalOtherIncomeExpenseNet": -1364110000, "ebit": 235490000, "interestExpense": -378800000, "incomeBeforeTax": -1128620000, "incomeTaxExpense": 241020000, "minorityInterest": {}, "netIncomeFromContinuingOps": -1369640000, "discontinuedOperations": {}, "extraordinaryItems": {}, "effectOfAccountingCharges": {}, "otherItems": {}, "netIncome": -1387250000, "netIncomeApplicableToCommonShares": -1387250000}, {"maxAge": 1, "endDate": "2020-09-30", "totalRevenue": 29393030000, "costOfRevenue": 18770710000, "grossProfit": 10622320000, "researchDevelopment": {}, "sellingGeneralAdministrative": 3782850000, "nonRecurring": {}, "otherOperatingExpenses": 4175080000, "totalOperatingExpenses": 28998950000, "operatingIncome": 394080000, "totalOtherIncomeExpenseNet": -352590000, "ebit": 394080000, "interestExpense": -442750000, "incomeBeforeTax": 41490000, "incomeTaxExpense": 429190000, "minorityInterest": 253580000, "netIncomeFromContinuingOps": -387700000, "discontinuedOperations": {}, "extraordinaryItems": {}, "effectOfAccountingCharges": {}, "otherItems": {}, "netIncome": -400630000, "netIncomeApplicableToCommonShares": -400630000}, {"maxAge": 1, "endDate": "2020-06-30", "totalRevenue": 12882220000, "costOfRevenue": 8623670000, "grossProfit": 4258550000, "researchDevelopment": {}, "sellingGeneralAdministrative": 3387390000, "nonRecurring": {}, "otherOperatingExpenses": 2640190000, "totalOperatingExpenses": 16720200000, "operatingIncome": -3837980000, "totalOtherIncomeExpenseNet": 42890000, "ebit": -3837980000, "interestExpense": -431540000, "incomeBeforeTax": -3795090000, "incomeTaxExpense": -709210000, "minorityInterest": 253580000, "netIncomeFromContinuingOps": -3085880000, "discontinuedOperations": {}, "extraordinaryItems": {}, "effectOfAccountingCharges": {}, "otherItems": {}, "netIncome": -3077180000, "netIncomeApplicableToCommonShares": -3077180000}, {"maxAge": 1, "endDate": "2020-03-31", "totalRevenue": 27934810000, "costOfRevenue": 18628080000, "grossProfit": 9306730000, "researchDevelopment": {}, "sellingGeneralAdministrative": 4055340000, "nonRecurring": {}, "otherOperatingExpenses": 4040760000, "totalOperatingExpenses": 28798560000, "operatingIncome": -863750000, "totalOtherIncomeExpenseNet": -511690000, "ebit": -863750000, "interestExpense": -143760000, "incomeBeforeTax": -1375440000, "incomeTaxExpense": 1700000, "minorityInterest": 249240000, "netIncomeFromContinuingOps": -1377140000, "discontinuedOperations": {}, "extraordinaryItems": {}, "effectOfAccountingCharges": {}, "otherItems": {}, "netIncome": -1381560000, "netIncomeApplicableToCommonShares": -1381560000}], "maxAge": 86400}, "cashflowStatementHistoryQuarterly": {"cashflowStatements": [{"maxAge": 1, "endDate": "2020-12-31", "netIncome": -1387250000, "changeToLiabilities": 0}, {"maxAge": 1, "endDate": "2020-09-30", "netIncome": -400630000, "changeToLiabilities": 0}, {"maxAge": 1, "endDate": "2020-06-30", "netIncome": -3077180000, "changeToLiabilities": 0}, {"maxAge": 1, "endDate": "2020-03-31", "netIncome": -1381560000, "changeToLiabilities": 0}], "maxAge": 86400}, "earnings": {"maxAge": 86400, "earningsChart": {"quarterly": [{"date": "3Q2018", "actual": 7.42, "estimate": 9.6}], "currentQuarterEstimateDate": "4Q", "currentQuarterEstimateYear": 2018, "earningsDate": ["2021-02-09 05:30:S"]}, "financialsChart": {"yearly": [{"date": 2017, "revenue": 92987880000, "earnings": 3131000000}, {"date": 2018, "revenue": 102788310000, "earnings": 4502580000}, {"date": 2019, "revenue": 120364650000, "earnings": 4252190000}, {"date": 2020, "revenue": 112207540000, "earnings": 1910000}], "quarterly": [{"date": "1Q2020", "revenue": 27934810000, "earnings": -1381560000}, {"date": "2Q2020", "revenue": 12882220000, "earnings": -3077180000}, {"date": "3Q2020", "revenue": 29393030000, "earnings": -400630000}, {"date": "4Q2020", "revenue": 35145870000, "earnings": -1387250000}]}, "financialCurrency": "INR"}, "financialData": {"maxAge": 86400, "currentPrice": 370.85, "targetHighPrice": 1180.0, "targetLowPrice": 907.0, "targetMeanPrice": 1034.25, "targetMedianPrice": 1025.0, "recommendationKey": "none", "numberOfAnalystOpinions": 4, "totalCash": 2962820096, "totalCashPerShare": 21.977, "ebitda": 733407488, "totalDebt": 27141500928, "totalRevenue": 105355927552, "debtToEquity": 102.228, "revenuePerShare": 781.347, "grossProfits": 42346030000, "revenueGrowth": 0.249, "grossMargins": 0.34412998, "ebitdaMargins": 0.00696, "operatingMargins": -0.03857, "profitMargins": -0.05923, "financialCurrency": "INR"}}}