{"VASWANI.NS": {"assetProfile": {"address1": "Bahesar Road", "address2": "Near Cycle Park, VILL - Sondra Phase-II Industrial Area Siltara", "city": "Raipur", "zip": "493221", "country": "India", "phone": "91 77 1422 6067", "fax": "91 77 1422 6099", "website": "http://www.vaswaniindustries.com/Vaswani_Industries_Ltd", "industry": "Steel", "sector": "Basic Materials", "longBusinessSummary": "Vaswani Industries Limited manufactures and trades in iron ore pellets, sponge iron, steel billets, HB wires, and ingots in India. The company operates through Iron & Steel, and Power segments. It also generates power through waste heat recovery boilers with an installed capacity of 11.5 megawatts. Vaswani Industries Limited was incorporated in 2003 and is based in Raipur, India.", "fullTimeEmployees": 221, "companyOfficers": [{"maxAge": 1, "name": "Mr. Yashwant Ravi Vaswani", "age": 35, "title": "Exec. Chairman & Whole Time Director", "yearBorn": 1985, "fiscalYear": 2020, "totalPay": 1519000, "exercisedValue": 0, "unexercisedValue": 0}, {"maxAge": 1, "name": "Mr. Kushal  Vaswani", "title": "CFO & COO of Industry", "fiscalYear": 2020, "totalPay": 1200000, "exercisedValue": 0, "unexercisedValue": 0}, {"maxAge": 1, "name": "Ms. Sudha  Vaswani", "title": "Additional Exec. Director", "fiscalYear": 2020, "totalPay": 1200000, "exercisedValue": 0, "unexercisedValue": 0}, {"maxAge": 1, "name": "Mr. Babu Lal Baghwar", "title": "Additional Exec. Director", "fiscalYear": 2020, "totalPay": 183000, "exercisedValue": 0, "unexercisedValue": 0}, {"maxAge": 1, "name": "Mr. Santosh Kumar Mishra", "title": "Head of SID", "exercisedValue": 0, "unexercisedValue": 0}], "compensationAsOfEpochDate": "2020-12-31 05:30:00", "maxAge": 86400}, "cashflowStatementHistory": {"cashflowStatements": [{"maxAge": 1, "endDate": "2020-03-31", "netIncome": -25214293, "depreciation": 53680876, "changeToNetincome": 113366545, "changeToLiabilities": -125030627, "changeToOperatingActivities": 80455346, "totalCashFromOperatingActivities": 97257847, "capitalExpenditures": -11930302, "totalCashflowsFromInvestingActivities": -11630302, "netBorrowings": 22211057, "otherCashflowsFromFinancingActivities": -102660003, "totalCashFromFinancingActivities": -80448946, "changeInCash": 5178599}, {"maxAge": 1, "endDate": "2019-03-31", "netIncome": 11605272, "depreciation": 52054611, "changeToNetincome": 116650585, "changeToLiabilities": 167347547, "changeToOperatingActivities": -253296336, "totalCashFromOperatingActivities": 94361679, "capitalExpenditures": -21217672, "totalCashflowsFromInvestingActivities": -21217672, "netBorrowings": 28105849, "otherCashflowsFromFinancingActivities": -95207767, "totalCashFromFinancingActivities": -67101918, "changeInCash": 6042088}, {"maxAge": 1, "endDate": "2018-03-31", "netIncome": 45077584, "depreciation": 53932176, "changeToNetincome": 71794160, "changeToAccountReceivables": -211404712, "changeToLiabilities": 68116545, "changeToInventory": 9355256, "changeToOperatingActivities": -253296336, "totalCashFromOperatingActivities": 36871009, "capitalExpenditures": -8462295, "totalCashflowsFromInvestingActivities": -8462295, "netBorrowings": 57039998, "otherCashflowsFromFinancingActivities": -87255525, "totalCashFromFinancingActivities": -30215527, "changeInCash": -1806814}, {"maxAge": 1, "endDate": "2017-03-31", "netIncome": 17698321, "depreciation": 57447457, "changeToNetincome": 94205763, "changeToAccountReceivables": -133879155, "changeToLiabilities": -41053088, "changeToInventory": 45064460, "changeToOperatingActivities": -253296336, "totalCashFromOperatingActivities": 39483758, "capitalExpenditures": -5342644, "investments": 3358200, "totalCashflowsFromInvestingActivities": -1984444, "netBorrowings": 2668240, "otherCashflowsFromFinancingActivities": -92413955, "totalCashFromFinancingActivities": -89745715, "changeInCash": -52246401}], "maxAge": 86400}, "institutionOwnership": {"ownershipList": [], "maxAge": 1}, "majorHoldersBreakdown": {"maxAge": 1, "insidersPercentHeld": 0.58333, "institutionsPercentHeld": 0.0, "institutionsFloatPercentHeld": 0.0, "institutionsCount": 0}, "balanceSheetHistoryQuarterly": {"balanceSheetStatements": [{"maxAge": 1, "endDate": "2020-12-31", "totalStockholderEquity": 983254000, "netTangibleAssets": 983254000}, {"maxAge": 1, "endDate": "2020-09-30", "cash": 3029000, "netReceivables": 533902000, "inventory": 462001000, "otherCurrentAssets": 59017000, "totalCurrentAssets": 1057949000, "longTermInvestments": 72188000, "propertyPlantEquipment": 575859000, "otherAssets": 158432000, "totalAssets": 1864428000, "accountsPayable": 223030000, "shortLongTermDebt": 423577000, "otherCurrentLiab": 69835000, "longTermDebt": 99831000, "otherLiab": 64901000, "totalCurrentLiabilities": 716442000, "totalLiab": 881174000, "commonStock": 300000000, "treasuryStock": 683254000, "otherStockholderEquity": 683254000, "totalStockholderEquity": 983254000, "netTangibleAssets": 983254000}, {"maxAge": 1, "endDate": "2020-06-30", "totalStockholderEquity": 977996563, "netTangibleAssets": 977996563}, {"maxAge": 1, "endDate": "2020-03-31", "cash": 9054137, "netReceivables": 595308961, "inventory": 518838909, "otherCurrentAssets": 9745044, "totalCurrentAssets": 1135140684, "longTermInvestments": 72187573, "propertyPlantEquipment": 594698390, "otherAssets": 156351822, "totalAssets": 1958378469, "accountsPayable": 241828279, "shortLongTermDebt": 23334987, "otherCurrentLiab": 31573957, "longTermDebt": 88637936, "otherLiab": 61746398, "totalCurrentLiabilities": 829997572, "totalLiab": 980381906, "commonStock": 300000000, "retainedEarnings": 115163053, "treasuryStock": 76356281, "capitalSurplus": 486477229, "otherStockholderEquity": 76356281, "totalStockholderEquity": 977996563, "netTangibleAssets": 977996563}], "maxAge": 86400}, "indexTrend": {"maxAge": 1, "symbol": "SP5", "peRatio": 19.7411, "pegRatio": 1.34172, "estimates": [{"period": "0q", "growth": 0.549}, {"period": "+1q", "growth": 0.431}, {"period": "0y", "growth": 0.305}, {"period": "+1y", "growth": 0.109}, {"period": "+5y", "growth": 0.120865}, {"period": "-5y"}]}, "defaultKeyStatistics": {"maxAge": 1, "priceHint": 2, "enterpriseValue": 798193984, "profitMargins": 0.03271, "floatShares": 9442125, "sharesOutstanding": 30000000, "heldPercentInsiders": 0.58333, "heldPercentInstitutions": 0.0, "beta": 1.497944, "category": null, "bookValue": 32.53, "priceToBook": 0.28588995, "fundFamily": null, "legalType": null, "lastFiscalYearEnd": "2020-03-31 05:30:00", "nextFiscalYearEnd": "2022-03-31 05:30:00", "mostRecentQuarter": "2020-12-31 05:30:00", "earningsQuarterlyGrowth": 0.338, "netIncomeToCommon": 98693704, "trailingEps": 3.28, "lastSplitFactor": "5:4", "lastSplitDate": "2011-09-29 05:30:00", "enterpriseToRevenue": 0.265, "enterpriseToEbitda": 2.703}, "summaryProfile": {"address1": "Bahesar Road", "address2": "Near Cycle Park, VILL - Sondra Phase-II Industrial Area Siltara", "city": "Raipur", "zip": "493221", "country": "India", "phone": "91 77 1422 6067", "fax": "91 77 1422 6099", "website": "http://www.vaswaniindustries.com/Vaswani_Industries_Ltd", "industry": "Steel", "sector": "Basic Materials", "longBusinessSummary": "Vaswani Industries Limited manufactures and trades in iron ore pellets, sponge iron, steel billets, HB wires, and ingots in India. The company operates through Iron & Steel, and Power segments. It also generates power through waste heat recovery boilers with an installed capacity of 11.5 megawatts. Vaswani Industries Limited was incorporated in 2003 and is based in Raipur, India.", "fullTimeEmployees": 221, "companyOfficers": [], "maxAge": 86400}, "netSharePurchaseActivity": {"maxAge": 1, "period": "6m", "buyInfoCount": 0, "buyInfoShares": 0, "sellInfoCount": 0, "netInfoCount": 0, "netInfoShares": 0, "netPercentInsiderShares": 0.0, "totalInsiderShares": 17425572}, "insiderTransactions": {"transactions": [{"maxAge": 1, "shares": 545800, "filerUrl": "", "transactionText": "", "filerName": "Vaswani (Juhi)", "filerRelation": "Promoter", "moneyText": "", "startDate": "2016-10-18", "ownership": "D"}, {"maxAge": 1, "shares": 545800, "filerUrl": "", "transactionText": "", "filerName": "Vaswani (Sudha)", "filerRelation": "Promoter", "moneyText": "", "startDate": "2016-10-18", "ownership": "D"}], "maxAge": 1}, "quoteType": {"exchange": "NSI", "quoteType": "EQUITY", "symbol": "VASWANI.NS", "underlyingSymbol": "VASWANI.NS", "shortName": "VASWANI INDUSTRIES", "longName": "Vaswani Industries Limited", "firstTradeDateEpochUtc": "2011-10-24 09:15:00", "timeZoneFullName": "Asia/Kolkata", "timeZoneShortName": "IST", "uuid": "5f67adbc-3ee2-36d9-b027-71fddb08a3e8", "gmtOffSetMilliseconds": 19800000, "maxAge": 1}, "incomeStatementHistory": {"incomeStatementHistory": [{"maxAge": 1, "endDate": "2020-03-31", "totalRevenue": 3524411553, "costOfRevenue": 3021409878, "grossProfit": 503001675, "researchDevelopment": {}, "sellingGeneralAdministrative": 61435444, "nonRecurring": {}, "otherOperatingExpenses": 288401933, "totalOperatingExpenses": 3424928131, "operatingIncome": 99483422, "totalOtherIncomeExpenseNet": -97845215, "ebit": 99483422, "interestExpense": -87793872, "incomeBeforeTax": 1638207, "incomeTaxExpense": 26852500, "minorityInterest": {}, "netIncomeFromContinuingOps": -25214293, "discontinuedOperations": {}, "extraordinaryItems": {}, "effectOfAccountingCharges": {}, "otherItems": {}, "netIncome": -25214293, "netIncomeApplicableToCommonShares": -25214293}, {"maxAge": 1, "endDate": "2019-03-31", "totalRevenue": 3191222959, "costOfRevenue": 2541199122, "grossProfit": 650023837, "researchDevelopment": {}, "sellingGeneralAdministrative": 48976027, "nonRecurring": {}, "otherOperatingExpenses": 425654768, "totalOperatingExpenses": 3067884528, "operatingIncome": 123338431, "totalOtherIncomeExpenseNet": -90333941, "ebit": 123338431, "interestExpense": -82374155, "incomeBeforeTax": 33004490, "incomeTaxExpense": 21399218, "minorityInterest": {}, "netIncomeFromContinuingOps": 11605272, "discontinuedOperations": {}, "extraordinaryItems": {}, "effectOfAccountingCharges": {}, "otherItems": {}, "netIncome": 11605272, "netIncomeApplicableToCommonShares": 11605272}, {"maxAge": 1, "endDate": "2018-03-31", "totalRevenue": 2373237580, "costOfRevenue": 1802393747, "grossProfit": 570843833, "researchDevelopment": {}, "sellingGeneralAdministrative": 37491148, "nonRecurring": {}, "otherOperatingExpenses": 370960519, "totalOperatingExpenses": 2264777590, "operatingIncome": 108459990, "totalOtherIncomeExpenseNet": -83160552, "ebit": 108459990, "interestExpense": -70879987, "incomeBeforeTax": 25299438, "incomeTaxExpense": -19778146, "minorityInterest": {}, "netIncomeFromContinuingOps": 45077584, "discontinuedOperations": {}, "extraordinaryItems": {}, "effectOfAccountingCharges": {}, "otherItems": {}, "netIncome": 45077584, "netIncomeApplicableToCommonShares": 45077584}, {"maxAge": 1, "endDate": "2017-03-31", "totalRevenue": 2555105974, "costOfRevenue": 2008776850, "grossProfit": 546329124, "researchDevelopment": {}, "sellingGeneralAdministrative": 34930883, "nonRecurring": {}, "otherOperatingExpenses": 348230705, "totalOperatingExpenses": 2449385895, "operatingIncome": 105720079, "totalOtherIncomeExpenseNet": -89182720, "ebit": 105720079, "interestExpense": -74701762, "incomeBeforeTax": 16537359, "incomeTaxExpense": -1160962, "minorityInterest": {}, "netIncomeFromContinuingOps": 17698321, "discontinuedOperations": {}, "extraordinaryItems": {}, "effectOfAccountingCharges": {}, "otherItems": {}, "netIncome": 17698321, "netIncomeApplicableToCommonShares": 17698321}], "maxAge": 86400}, "fundOwnership": {"ownershipList": [], "maxAge": 1}, "summaryDetail": {"maxAge": 1, "priceHint": 2, "previousClose": 9.8, "open": 9.8, "dayLow": 9.3, "dayHigh": 10.1, "regularMarketPreviousClose": 9.8, "regularMarketOpen": 9.8, "regularMarketDayLow": 9.3, "regularMarketDayHigh": 10.1, "payoutRatio": 0.0, "beta": 1.497944, "trailingPE": 2.835366, "volume": 74244, "regularMarketVolume": 74244, "averageVolume": 41462, "averageVolume10days": 10146, "averageDailyVolume10Day": 10146, "bid": 0.0, "ask": 0.0, "bidSize": 0, "askSize": 0, "marketCap": 280423840, "fiftyTwoWeekLow": 2.45, "fiftyTwoWeekHigh": 12.4, "priceToSalesTrailing12Months": 0.09295147, "fiftyDayAverage": 9.910606, "twoHundredDayAverage": 6.64, "currency": "INR", "fromCurrency": null, "lastMarket": null, "algorithm": null, "tradeable": false}, "incomeStatementHistoryQuarterly": {"incomeStatementHistory": [{"maxAge": 1, "endDate": "2020-12-31", "totalRevenue": 965621000, "costOfRevenue": 785673000, "grossProfit": 179948000, "researchDevelopment": {}, "sellingGeneralAdministrative": 15875000, "nonRecurring": {}, "otherOperatingExpenses": 102542000, "totalOperatingExpenses": 914898000, "operatingIncome": 50723000, "totalOtherIncomeExpenseNet": -25599000, "ebit": 50723000, "interestExpense": -25599000, "incomeBeforeTax": 25124000, "incomeTaxExpense": 6603000, "minorityInterest": {}, "netIncomeFromContinuingOps": 18521000, "discontinuedOperations": {}, "extraordinaryItems": {}, "effectOfAccountingCharges": {}, "otherItems": {}, "netIncome": 18521000, "netIncomeApplicableToCommonShares": 18521000}, {"maxAge": 1, "endDate": "2020-09-30", "totalRevenue": 688462000, "costOfRevenue": 524301000, "grossProfit": 164161000, "researchDevelopment": {}, "sellingGeneralAdministrative": 14515000, "nonRecurring": {}, "otherOperatingExpenses": 108537000, "totalOperatingExpenses": 657741000, "operatingIncome": 30721000, "totalOtherIncomeExpenseNet": -23640000, "ebit": 30721000, "interestExpense": -23640000, "incomeBeforeTax": 7081000, "incomeTaxExpense": 1338000, "minorityInterest": {}, "netIncomeFromContinuingOps": 5743000, "discontinuedOperations": {}, "extraordinaryItems": {}, "effectOfAccountingCharges": {}, "otherItems": {}, "netIncome": 5743000, "netIncomeApplicableToCommonShares": 5743000}, {"maxAge": 1, "endDate": "2020-06-30", "totalRevenue": 448177000, "costOfRevenue": 359991000, "grossProfit": 88186000, "researchDevelopment": {}, "sellingGeneralAdministrative": 12074000, "nonRecurring": {}, "otherOperatingExpenses": 42427000, "totalOperatingExpenses": 425885000, "operatingIncome": 22292000, "totalOtherIncomeExpenseNet": -21736000, "ebit": 22292000, "interestExpense": -21734000, "incomeBeforeTax": 556000, "incomeTaxExpense": 1042000, "minorityInterest": {}, "netIncomeFromContinuingOps": -486000, "discontinuedOperations": {}, "extraordinaryItems": {}, "effectOfAccountingCharges": {}, "otherItems": {}, "netIncome": -486000, "netIncomeApplicableToCommonShares": -486000}, {"maxAge": 1, "endDate": "2020-03-31", "totalRevenue": 914624553, "costOfRevenue": 681573878, "grossProfit": 233050675, "researchDevelopment": {}, "sellingGeneralAdministrative": 23177444, "nonRecurring": {}, "otherOperatingExpenses": 59859933, "totalOperatingExpenses": 777962131, "operatingIncome": 136662422, "totalOtherIncomeExpenseNet": -21529215, "ebit": 136662422, "interestExpense": -11478872, "incomeBeforeTax": 115133207, "incomeTaxExpense": 40217500, "minorityInterest": {}, "netIncomeFromContinuingOps": 74915707, "discontinuedOperations": {}, "extraordinaryItems": {}, "effectOfAccountingCharges": {}, "otherItems": {}, "netIncome": 74915707, "netIncomeApplicableToCommonShares": 74915707}], "maxAge": 86400}, "cashflowStatementHistoryQuarterly": {"cashflowStatements": [{"maxAge": 1, "endDate": "2020-12-31", "netIncome": 18521000, "changeToLiabilities": 0}, {"maxAge": 1, "endDate": "2020-09-30", "netIncome": 5743000, "changeToLiabilities": 0}, {"maxAge": 1, "endDate": "2020-06-30", "netIncome": -486000, "changeToLiabilities": 0}, {"maxAge": 1, "endDate": "2020-03-31", "netIncome": 74915707, "changeToLiabilities": 0}], "maxAge": 86400}, "insiderHolders": {"holders": [{"maxAge": 1, "name": "Vaswani (Juhi)", "relation": "Promoter", "url": "", "transactionDescription": "Other", "latestTransDate": "2016-10-18", "positionDirect": 0, "positionDirectDate": "2016-10-18"}, {"maxAge": 1, "name": "Vaswani (Sudha)", "relation": "Promoter", "url": "", "transactionDescription": "Other", "latestTransDate": "2016-10-18", "positionDirect": 4113825, "positionDirectDate": "2016-10-18"}], "maxAge": 1}, "calendarEvents": {"maxAge": 1, "earnings": {"earningsDate": ["2018-02-14 05:30:S", "2018-02-16 05:30:S"]}}, "upgradeDowngradeHistory": {"history": [], "maxAge": 86400}, "price": {"maxAge": 1, "regularMarketChangePercent": -0.051020406, "regularMarketChange": -0.5, "regularMarketTime": "2021-04-30 15:29:19", "priceHint": 2, "regularMarketPrice": 9.3, "regularMarketDayHigh": 10.1, "regularMarketDayLow": 9.3, "regularMarketVolume": 74244, "averageDailyVolume10Day": 10146, "averageDailyVolume3Month": 41462, "regularMarketPreviousClose": 9.8, "regularMarketSource": "FREE_REALTIME", "regularMarketOpen": 9.8, "exchange": "NSI", "exchangeName": "NSE", "exchangeDataDelayedBy": 15, "marketState": "CLOSED", "quoteType": "EQUITY", "symbol": "VASWANI.NS", "underlyingSymbol": null, "shortName": "VASWANI INDUSTRIES", "longName": "Vaswani Industries Limited", "currency": "INR", "quoteSourceName": "Delayed Quote", "currencySymbol": "\u20b9", "fromCurrency": null, "lastMarket": null, "marketCap": 280423840}, "balanceSheetHistory": {"balanceSheetStatements": [{"maxAge": 1, "endDate": "2020-03-31", "cash": 9054137, "netReceivables": 595308961, "inventory": 518838909, "otherCurrentAssets": 9745044, "totalCurrentAssets": 1135140684, "longTermInvestments": 72187573, "propertyPlantEquipment": 594698390, "otherAssets": 156351822, "totalAssets": 1958378469, "accountsPayable": 241828279, "shortLongTermDebt": 23334987, "otherCurrentLiab": 31573957, "longTermDebt": 88637936, "otherLiab": 61746398, "totalCurrentLiabilities": 829997572, "totalLiab": 980381906, "commonStock": 300000000, "retainedEarnings": 115163053, "treasuryStock": 76356281, "capitalSurplus": 486477229, "otherStockholderEquity": 76356281, "totalStockholderEquity": 977996563, "netTangibleAssets": 977996563}, {"maxAge": 1, "endDate": "2019-03-31", "cash": 3875538, "netReceivables": 441185488, "inventory": 704615233, "otherCurrentAssets": 29078933, "totalCurrentAssets": 1180608913, "longTermInvestments": 72187573, "propertyPlantEquipment": 544029641, "otherAssets": 186160338, "totalAssets": 1982986465, "accountsPayable": 381606341, "shortLongTermDebt": 6625380, "otherCurrentLiab": 38043347, "longTermDebt": 112986872, "otherLiab": 33435330, "totalCurrentLiabilities": 910844314, "totalLiab": 1057266516, "commonStock": 300000000, "retainedEarnings": 140377346, "treasuryStock": -1134626, "capitalSurplus": 486477229, "otherStockholderEquity": -1134626, "totalStockholderEquity": 925719949, "netTangibleAssets": 925719949}, {"maxAge": 1, "endDate": "2018-03-31", "cash": -2166551, "netReceivables": 420374200, "inventory": 476079555, "otherCurrentAssets": 27363888, "totalCurrentAssets": 923526849, "longTermInvestments": 23316858, "propertyPlantEquipment": 574866579, "otherAssets": 183900093, "totalAssets": 1705610379, "accountsPayable": 232361906, "shortLongTermDebt": 6896790, "otherCurrentLiab": 9611394, "longTermDebt": 67150037, "otherLiab": 13213518, "totalCurrentLiabilities": 760107396, "totalLiab": 840470951, "commonStock": 300000000, "retainedEarnings": 128772074, "treasuryStock": -50109876, "capitalSurplus": 486477230, "otherStockholderEquity": -50109876, "totalStockholderEquity": 865139428, "netTangibleAssets": 865139428}, {"maxAge": 1, "endDate": "2017-03-31", "cash": -359737, "netReceivables": 283125249, "inventory": 438290763, "otherCurrentAssets": 23815223, "totalCurrentAssets": 745313108, "longTermInvestments": 70687450, "propertyPlantEquipment": 620336459, "otherAssets": 161871192, "totalAssets": 1598208209, "accountsPayable": 231320807, "otherCurrentLiab": 7341469, "longTermDebt": 36109023, "otherLiab": 31835815, "totalCurrentLiabilities": 667147717, "totalLiab": 735092555, "commonStock": 300000000, "retainedEarnings": 83694490, "treasuryStock": -7056065, "capitalSurplus": 486477229, "otherStockholderEquity": -7056065, "totalStockholderEquity": 863115654, "netTangibleAssets": 863115654}], "maxAge": 86400}, "financialData": {"maxAge": 86400, "currentPrice": 9.3, "recommendationKey": "none", "totalCash": 3029000, "totalCashPerShare": 0.101, "ebitda": 295299008, "totalDebt": 523408000, "totalRevenue": 3016884480, "debtToEquity": 53.232, "revenuePerShare": 100.263, "grossProfits": 503001675, "earningsGrowth": 0.348, "revenueGrowth": -0.017, "grossMargins": 0.22054, "ebitdaMargins": 0.09788, "operatingMargins": 0.079679996, "profitMargins": 0.03271, "financialCurrency": "INR"}}}