{"VEDAVAAG.BO": {"cashflowStatementHistory": {"cashflowStatements": [{"maxAge": 1, "endDate": "2020-03-31", "netIncome": 61759000, "changeToLiabilities": 0}, {"maxAge": 1, "endDate": "2019-03-31", "netIncome": 99907236, "depreciation": 23710019, "changeToNetincome": -28207777, "changeToAccountReceivables": 150894382, "changeToLiabilities": -89168052, "changeToInventory": 2399804, "changeToOperatingActivities": -265347280, "totalCashFromOperatingActivities": -83937332, "capitalExpenditures": -110868775, "otherCashflowsFromInvestingActivities": 1113937, "totalCashflowsFromInvestingActivities": -109754838, "otherCashflowsFromFinancingActivities": -68650641, "totalCashFromFinancingActivities": 203959359, "changeInCash": 10267189, "issuanceOfStock": 272610000}, {"maxAge": 1, "endDate": "2018-03-31", "netIncome": 149874450, "depreciation": 40556038, "changeToNetincome": 4039295, "changeToAccountReceivables": -273374840, "changeToLiabilities": -62242441, "changeToInventory": 149416505, "changeToOperatingActivities": -78074216, "totalCashFromOperatingActivities": -69805209, "capitalExpenditures": -103070935, "investments": 200000, "otherCashflowsFromInvestingActivities": 277026, "totalCashflowsFromInvestingActivities": -102593909, "netBorrowings": 48733734, "otherCashflowsFromFinancingActivities": -16880913, "totalCashFromFinancingActivities": 111907265, "changeInCash": -60491853, "issuanceOfStock": 80054444}, {"maxAge": 1, "endDate": "2017-03-31", "netIncome": 102631050, "depreciation": 24816666, "changeToNetincome": 16180319, "changeToAccountReceivables": -68538700, "changeToLiabilities": -9457513, "changeToInventory": -23403749, "changeToOperatingActivities": 39824330, "totalCashFromOperatingActivities": 89655195, "capitalExpenditures": -162170397, "investments": 200000, "otherCashflowsFromInvestingActivities": 619612, "totalCashflowsFromInvestingActivities": -161550785, "netBorrowings": 486688, "otherCashflowsFromFinancingActivities": -126684, "totalCashFromFinancingActivities": 98820004, "changeInCash": 26924414, "issuanceOfStock": 98460000}], "maxAge": 86400}, "institutionOwnership": {"maxAge": 1, "ownershipList": []}, "balanceSheetHistoryQuarterly": {"balanceSheetStatements": [{"maxAge": 1, "endDate": "2020-06-30", "totalStockholderEquity": 1102500000, "netTangibleAssets": 1022900000}, {"maxAge": 1, "endDate": "2020-03-31", "cash": 24200000, "netReceivables": 218600000, "inventory": 10483000, "otherCurrentAssets": 472300000, "totalCurrentAssets": 725583000, "propertyPlantEquipment": 299687000, "intangibleAssets": 79600000, "otherAssets": 224376000, "totalAssets": 1329246000, "accountsPayable": 12100000, "shortLongTermDebt": 50400000, "otherCurrentLiab": 100646000, "longTermDebt": 2500000, "otherLiab": 61100000, "totalCurrentLiabilities": 163146000, "totalLiab": 226746000, "commonStock": 229250000, "treasuryStock": 873250000, "otherStockholderEquity": 873250000, "totalStockholderEquity": 1102500000, "netTangibleAssets": 1022900000}, {"maxAge": 1, "endDate": "2019-12-31", "totalStockholderEquity": 1097471000, "netTangibleAssets": 1097471000}, {"maxAge": 1, "endDate": "2019-09-30", "cash": 77508000, "netReceivables": 396902000, "inventory": 9433000, "otherCurrentAssets": 499294000, "totalCurrentAssets": 983137000, "propertyPlantEquipment": 371456000, "otherAssets": 279000, "totalAssets": 1354872000, "accountsPayable": 69552000, "otherCurrentLiab": 41428000, "longTermDebt": 2669000, "otherLiab": 93752000, "totalCurrentLiabilities": 160980000, "totalLiab": 257401000, "commonStock": 229250000, "treasuryStock": 868221000, "otherStockholderEquity": 868221000, "totalStockholderEquity": 1097471000, "netTangibleAssets": 1097471000}], "maxAge": 86400}, "indexTrend": {"maxAge": 1, "symbol": "SP5", "peRatio": 19.7411, "pegRatio": 1.34172, "estimates": [{"period": "0q", "growth": 0.549}, {"period": "+1q", "growth": 0.431}, {"period": "0y", "growth": 0.305}, {"period": "+1y", "growth": 0.109}, {"period": "+5y", "growth": 0.120859005}, {"period": "-5y"}]}, "insiderTransactions": {"transactions": [{"maxAge": 1, "shares": 100000, "filerUrl": "", "transactionText": "", "filerName": "Prasad (Durga J S R)", "filerRelation": "Promoter", "moneyText": "", "startDate": "2018-07-17", "ownership": "D"}, {"maxAge": 1, "shares": 1225000, "filerUrl": "", "transactionText": "", "filerName": "Jonnavittula (Murali Krishna)", "filerRelation": "Managing Director", "moneyText": "", "startDate": "2018-07-17", "ownership": "D"}, {"maxAge": 1, "shares": 3040987, "filerUrl": "", "transactionText": "", "filerName": "Jonnavittula (Murali Krishna)", "filerRelation": "Managing Director", "moneyText": "", "startDate": "2018-06-07", "ownership": "D"}, {"maxAge": 1, "shares": 11200, "filerUrl": "", "transactionText": "", "filerName": "Durgaprasad (Sreerama Chandra)", "filerRelation": "Non Executive Chairman", "moneyText": "", "startDate": "2017-08-24", "ownership": "D"}, {"maxAge": 1, "shares": 3425, "filerUrl": "", "transactionText": "", "filerName": "Durgaprasad (Sreerama Chandra)", "filerRelation": "Promoter", "moneyText": "", "startDate": "2016-09-01", "ownership": "D"}, {"maxAge": 1, "shares": 6807, "filerUrl": "", "transactionText": "", "filerName": "Durgaprasad (Sreerama Chandra)", "filerRelation": "Promoter", "moneyText": "", "startDate": "2016-08-31", "ownership": "D"}, {"maxAge": 1, "shares": 15091, "filerUrl": "", "transactionText": "", "filerName": "Durgaprasad (Sreerama Chandra)", "filerRelation": "Promoter", "moneyText": "", "startDate": "2016-08-30", "ownership": "D"}, {"maxAge": 1, "shares": 645184, "filerUrl": "", "transactionText": "", "filerName": "Durgaprasad (Sreerama Chandra)", "filerRelation": "Promoter", "moneyText": "", "startDate": "2016-08-26", "ownership": "D"}, {"maxAge": 1, "shares": 3445, "filerUrl": "", "transactionText": "", "filerName": "Durgaprasad (Sreerama Chandra)", "filerRelation": "UNREPORTED", "moneyText": "", "startDate": "2016-07-14", "ownership": "D"}, {"maxAge": 1, "shares": 4601, "filerUrl": "", "transactionText": "", "filerName": "Durgaprasad (Sreerama Chandra)", "filerRelation": "Promoter", "moneyText": "", "startDate": "2016-07-13", "ownership": "D"}, {"maxAge": 1, "shares": 42500, "filerUrl": "", "transactionText": "", "filerName": "Durgaprasad (Sreerama Chandra)", "filerRelation": "Promoter", "moneyText": "", "startDate": "2016-06-10", "ownership": "D"}, {"maxAge": 1, "shares": 20000, "filerUrl": "", "transactionText": "", "filerName": "Durgaprasad (Sreerama Chandra)", "filerRelation": "Promoter", "moneyText": "", "startDate": "2016-06-06", "ownership": "D"}, {"maxAge": 1, "shares": 15776, "filerUrl": "", "transactionText": "", "filerName": "Durgaprasad (Sreerama Chandra)", "filerRelation": "Promoter", "moneyText": "", "startDate": "2016-03-22", "ownership": "D"}, {"maxAge": 1, "shares": 26530, "filerUrl": "", "transactionText": "", "filerName": "Durgaprasad (Sreerama Chandra)", "filerRelation": "Promoter", "moneyText": "", "startDate": "2016-02-01", "ownership": "D"}, {"maxAge": 1, "shares": 14000, "filerUrl": "", "transactionText": "", "filerName": "Durgaprasad (Sreerama Chandra)", "filerRelation": "UNREPORTED", "moneyText": "", "startDate": "2015-12-09", "ownership": "D"}, {"maxAge": 1, "shares": 70000, "filerUrl": "", "transactionText": "", "filerName": "Durgaprasad (Sreerama Chandra)", "filerRelation": "UNREPORTED", "moneyText": "", "startDate": "2015-11-20", "ownership": "D"}, {"maxAge": 1, "shares": 20001, "filerUrl": "", "transactionText": "", "filerName": "Durgaprasad (Sreerama Chandra)", "filerRelation": "UNREPORTED", "moneyText": "", "startDate": "2015-11-16", "ownership": "D"}, {"maxAge": 1, "shares": 877275, "filerUrl": "", "transactionText": "", "filerName": "Jonnavittula (Murali Krishna)", "filerRelation": "Managing Director", "moneyText": "", "startDate": "2012-05-02", "ownership": "D"}], "maxAge": 1}, "quoteType": {"exchange": "BSE", "quoteType": "EQUITY", "symbol": "VEDAVAAG.BO", "underlyingSymbol": "VEDAVAAG.BO", "shortName": "VEDAVAAG SYSTEMS LTD.", "longName": "Vedavaag Systems Limited", "firstTradeDateEpochUtc": "2009-03-17 09:15:00", "timeZoneFullName": "Asia/Kolkata", "timeZoneShortName": "IST", "uuid": "a07c67d3-19cc-383c-b00a-3ff7dfa62fef", "messageBoardId": null, "gmtOffSetMilliseconds": 19800000, "maxAge": 1}, "incomeStatementHistory": {"incomeStatementHistory": [{"maxAge": 1, "endDate": "2020-03-31", "totalRevenue": 734032000, "costOfRevenue": 74478000, "grossProfit": 659554000, "researchDevelopment": {}, "sellingGeneralAdministrative": {}, "nonRecurring": {}, "otherOperatingExpenses": 536754000, "totalOperatingExpenses": 655543000, "operatingIncome": 78489000, "totalOtherIncomeExpenseNet": 1342000, "ebit": 78489000, "interestExpense": -1470000, "incomeBeforeTax": 79831000, "incomeTaxExpense": 18072000, "minorityInterest": {}, "netIncomeFromContinuingOps": 61759000, "discontinuedOperations": {}, "extraordinaryItems": {}, "effectOfAccountingCharges": {}, "otherItems": {}, "netIncome": 61759000, "netIncomeApplicableToCommonShares": 61759000}, {"maxAge": 1, "endDate": "2019-03-31", "totalRevenue": 773432780, "costOfRevenue": 532678669, "grossProfit": 240754111, "researchDevelopment": {}, "sellingGeneralAdministrative": 7399566, "nonRecurring": {}, "otherOperatingExpenses": 68328188, "totalOperatingExpenses": 653990778, "operatingIncome": 119442002, "totalOtherIncomeExpenseNet": 8472121, "ebit": 119442002, "interestExpense": -498141, "incomeBeforeTax": 127914123, "incomeTaxExpense": 28006887, "minorityInterest": {}, "netIncomeFromContinuingOps": 99907236, "discontinuedOperations": {}, "extraordinaryItems": {}, "effectOfAccountingCharges": {}, "otherItems": {}, "netIncome": 99907236, "netIncomeApplicableToCommonShares": 99907236}, {"maxAge": 1, "endDate": "2018-03-31", "totalRevenue": 917017108, "costOfRevenue": 645929755, "grossProfit": 271087353, "researchDevelopment": {}, "sellingGeneralAdministrative": 5892981, "nonRecurring": {}, "otherOperatingExpenses": 12624630, "totalOperatingExpenses": 705003404, "operatingIncome": 212013704, "totalOtherIncomeExpenseNet": 3560015, "ebit": 212013704, "interestExpense": -452163, "incomeBeforeTax": 215573719, "incomeTaxExpense": 65699269, "minorityInterest": {}, "netIncomeFromContinuingOps": 149874450, "discontinuedOperations": {}, "extraordinaryItems": {}, "effectOfAccountingCharges": {}, "otherItems": {}, "netIncome": 149874450, "netIncomeApplicableToCommonShares": 149874450}, {"maxAge": 1, "endDate": "2017-03-31", "totalRevenue": 1004751982, "costOfRevenue": 825358567, "grossProfit": 179393415, "researchDevelopment": {}, "sellingGeneralAdministrative": 3972349, "nonRecurring": {}, "otherOperatingExpenses": 12980968, "totalOperatingExpenses": 874731342, "operatingIncome": 130020640, "totalOtherIncomeExpenseNet": 11390806, "ebit": 130020640, "interestExpense": -126684, "incomeBeforeTax": 141411446, "incomeTaxExpense": 38780396, "minorityInterest": {}, "netIncomeFromContinuingOps": 102631050, "discontinuedOperations": {}, "extraordinaryItems": {}, "effectOfAccountingCharges": {}, "otherItems": {}, "netIncome": 102631050, "netIncomeApplicableToCommonShares": 102631050}], "maxAge": 86400}, "fundOwnership": {"maxAge": 1, "ownershipList": []}, "summaryDetail": {"maxAge": 1, "priceHint": 2, "previousClose": 29.2, "open": 31.9, "dayLow": 29.4, "dayHigh": 31.9, "regularMarketPreviousClose": 29.2, "regularMarketOpen": 31.9, "regularMarketDayLow": 29.4, "regularMarketDayHigh": 31.9, "trailingPE": 12.422489, "volume": 16387, "regularMarketVolume": 16387, "averageVolume": 25974, "averageVolume10days": 8182, "averageDailyVolume10Day": 8182, "bid": 29.95, "ask": 30.0, "bidSize": 0, "askSize": 0, "marketCap": 688896256, "fiftyTwoWeekLow": 12.6, "fiftyTwoWeekHigh": 38.85, "fiftyDayAverage": 33.15, "twoHundredDayAverage": 29.518614, "trailingAnnualDividendRate": 1.0, "trailingAnnualDividendYield": 0.034246575, "currency": "INR", "fromCurrency": null, "toCurrency": null, "lastMarket": null, "algorithm": null, "tradeable": false}, "incomeStatementHistoryQuarterly": {"incomeStatementHistory": [{"maxAge": 1, "endDate": "2020-06-30", "totalRevenue": 117465000, "costOfRevenue": 16137000, "grossProfit": 101328000, "researchDevelopment": {}, "sellingGeneralAdministrative": {}, "nonRecurring": {}, "otherOperatingExpenses": 76800000, "totalOperatingExpenses": 99153000, "operatingIncome": 18312000, "totalOtherIncomeExpenseNet": -1674000, "ebit": 18312000, "interestExpense": -1700000, "incomeBeforeTax": 16638000, "incomeTaxExpense": 3328000, "minorityInterest": {}, "netIncomeFromContinuingOps": 13310000, "discontinuedOperations": {}, "extraordinaryItems": {}, "effectOfAccountingCharges": {}, "otherItems": {}, "netIncome": 13310000, "netIncomeApplicableToCommonShares": 13310000}, {"maxAge": 1, "endDate": "2020-03-31", "totalRevenue": 280153000, "costOfRevenue": 34284000, "grossProfit": 245869000, "researchDevelopment": {}, "sellingGeneralAdministrative": {}, "nonRecurring": {}, "otherOperatingExpenses": 223110000, "totalOperatingExpenses": 275470000, "operatingIncome": 4683000, "totalOtherIncomeExpenseNet": 1523000, "ebit": 4683000, "interestExpense": -182000, "incomeBeforeTax": 6206000, "incomeTaxExpense": 2781000, "minorityInterest": {}, "netIncomeFromContinuingOps": 3425000, "discontinuedOperations": {}, "extraordinaryItems": {}, "effectOfAccountingCharges": {}, "otherItems": {}, "netIncome": 3425000, "netIncomeApplicableToCommonShares": 3425000}, {"maxAge": 1, "endDate": "2019-12-31", "totalRevenue": 165182000, "costOfRevenue": 13762000, "grossProfit": 151420000, "researchDevelopment": {}, "sellingGeneralAdministrative": {}, "nonRecurring": {}, "otherOperatingExpenses": 110607000, "totalOperatingExpenses": 133114000, "operatingIncome": 32068000, "totalOtherIncomeExpenseNet": -940000, "ebit": 32068000, "interestExpense": -1140000, "incomeBeforeTax": 31128000, "incomeTaxExpense": 6561000, "minorityInterest": {}, "netIncomeFromContinuingOps": 24567000, "discontinuedOperations": {}, "extraordinaryItems": {}, "effectOfAccountingCharges": {}, "otherItems": {}, "netIncome": 24567000, "netIncomeApplicableToCommonShares": 24567000}, {"maxAge": 1, "endDate": "2019-09-30", "totalRevenue": 165419000, "costOfRevenue": 14659000, "grossProfit": 150760000, "researchDevelopment": {}, "sellingGeneralAdministrative": {}, "nonRecurring": {}, "otherOperatingExpenses": 125597000, "totalOperatingExpenses": 149001000, "operatingIncome": 16418000, "totalOtherIncomeExpenseNet": 597000, "ebit": 16418000, "interestExpense": -63000, "incomeBeforeTax": 17015000, "incomeTaxExpense": 2814000, "minorityInterest": {}, "netIncomeFromContinuingOps": 14201000, "discontinuedOperations": {}, "extraordinaryItems": {}, "effectOfAccountingCharges": {}, "otherItems": {}, "netIncome": 14201000, "netIncomeApplicableToCommonShares": 14201000}], "maxAge": 86400}, "cashflowStatementHistoryQuarterly": {"cashflowStatements": [{"maxAge": 1, "endDate": "2020-06-30", "netIncome": 13310000, "changeToLiabilities": 0}, {"maxAge": 1, "endDate": "2020-03-31", "netIncome": 3425000, "changeToLiabilities": 0}, {"maxAge": 1, "endDate": "2019-12-31", "netIncome": 24567000, "changeToLiabilities": 0}, {"maxAge": 1, "endDate": "2019-09-30", "netIncome": 14201000, "changeToLiabilities": 0}], "maxAge": 86400}, "insiderHolders": {"holders": [{"maxAge": 1, "name": "Durgaprasad (Sreerama Chandra)", "relation": "Non Executive Chairman", "url": "", "transactionDescription": "Acquisition", "latestTransDate": "2017-08-24", "positionDirect": 1609960, "positionDirectDate": "2017-08-24"}, {"maxAge": 1, "name": "Jonnavittula (Murali Krishna)", "relation": "Managing Director", "url": "", "transactionDescription": "Acquisition", "latestTransDate": "2018-07-17", "positionDirect": 4598712, "positionDirectDate": "2018-07-17"}, {"maxAge": 1, "name": "Prasad (Durga J S R)", "relation": "Promoter", "url": "", "transactionDescription": "Acquisition", "latestTransDate": "2018-07-17", "positionDirect": 3584960, "positionDirectDate": "2018-07-17"}], "maxAge": 1}, "calendarEvents": {"maxAge": 1, "earnings": {"earningsDate": []}}, "price": {"maxAge": 1, "regularMarketChangePercent": 0.029109536, "regularMarketChange": 0.8499985, "regularMarketTime": "2021-04-30 15:27:28", "priceHint": 2, "regularMarketPrice": 30.05, "regularMarketDayHigh": 31.9, "regularMarketDayLow": 29.4, "regularMarketVolume": 16387, "averageDailyVolume10Day": 8182, "averageDailyVolume3Month": 25974, "regularMarketPreviousClose": 29.2, "regularMarketSource": "FREE_REALTIME", "regularMarketOpen": 31.9, "exchange": "BSE", "exchangeName": "BSE", "exchangeDataDelayedBy": 0, "marketState": "CLOSED", "quoteType": "EQUITY", "symbol": "VEDAVAAG.BO", "underlyingSymbol": null, "shortName": "VEDAVAAG SYSTEMS LTD.", "longName": "Vedavaag Systems Limited", "currency": "INR", "quoteSourceName": "Delayed Quote", "currencySymbol": "\u20b9", "fromCurrency": null, "toCurrency": null, "lastMarket": null, "marketCap": 688896256}, "balanceSheetHistory": {"balanceSheetStatements": [{"maxAge": 1, "endDate": "2020-03-31", "cash": 24200000, "netReceivables": 218600000, "inventory": 10483000, "otherCurrentAssets": 472300000, "totalCurrentAssets": 725583000, "propertyPlantEquipment": 299687000, "intangibleAssets": 79600000, "otherAssets": 224376000, "totalAssets": 1329246000, "accountsPayable": 12100000, "shortLongTermDebt": 50400000, "otherCurrentLiab": 100646000, "longTermDebt": 2500000, "otherLiab": 61100000, "totalCurrentLiabilities": 163146000, "totalLiab": 226746000, "commonStock": 229250000, "treasuryStock": 873250000, "otherStockholderEquity": 873250000, "totalStockholderEquity": 1102500000, "netTangibleAssets": 1022900000}, {"maxAge": 1, "endDate": "2019-03-31", "cash": 21019633, "netReceivables": 415118626, "inventory": 9432691, "otherCurrentAssets": 429493557, "totalCurrentAssets": 875064507, "propertyPlantEquipment": 262864589, "intangibleAssets": 126081357, "otherAssets": 279000, "totalAssets": 1264289453, "accountsPayable": 80163048, "shortLongTermDebt": 1457504, "otherCurrentLiab": 29971587, "longTermDebt": 3509712, "otherLiab": 70215147, "totalCurrentLiabilities": 133673956, "totalLiab": 207398815, "commonStock": 229250000, "retainedEarnings": 489479808, "treasuryStock": 23585830, "capitalSurplus": 314575000, "otherStockholderEquity": 23585830, "totalStockholderEquity": 1056890638, "netTangibleAssets": 930809281}, {"maxAge": 1, "endDate": "2018-03-31", "cash": 16913163, "netReceivables": 566013008, "inventory": 11832495, "otherCurrentAssets": 256310977, "totalCurrentAssets": 851069643, "propertyPlantEquipment": 205766009, "intangibleAssets": 117895518, "otherAssets": 6043150, "totalAssets": 1180774320, "accountsPayable": 169331101, "shortLongTermDebt": 1618380, "otherCurrentLiab": 18989112, "longTermDebt": 4796710, "otherLiab": 65565531, "totalCurrentLiabilities": 330294197, "totalLiab": 400656438, "commonStock": 159350000, "retainedEarnings": 417164552, "treasuryStock": 91738330, "capitalSurplus": 111865000, "otherStockholderEquity": 91738330, "totalStockholderEquity": 780117882, "netTangibleAssets": 662222364}, {"maxAge": 1, "endDate": "2017-03-31", "cash": 76509767, "netReceivables": 292638168, "inventory": 161249000, "otherCurrentAssets": 160793633, "totalCurrentAssets": 691190568, "propertyPlantEquipment": 149648643, "intangibleAssets": 111497987, "otherAssets": 6232820, "totalAssets": 958570018, "accountsPayable": 231573541, "shortLongTermDebt": 271518, "otherCurrentLiab": 14555888, "longTermDebt": 486688, "otherLiab": 37230305, "totalCurrentLiabilities": 339109420, "totalLiab": 376826413, "commonStock": 142500000, "retainedEarnings": 268076525, "treasuryStock": 108167080, "capitalSurplus": 63000000, "otherStockholderEquity": 108167080, "totalStockholderEquity": 581743605, "netTangibleAssets": 470245618}], "maxAge": 86400}, "financialData": {"maxAge": 86400, "currentPrice": 30.05, "recommendationKey": "none", "grossProfits": 659554000, "financialCurrency": "INR"}}}