{"VEDL.BO": {"cashflowStatementHistory": {"cashflowStatements": [{"maxAge": 1, "endDate": "2020-03-31", "netIncome": -66640000000, "depreciation": 92160000000, "changeToNetincome": 176530000000, "changeToAccountReceivables": 4620000000, "changeToLiabilities": -33910000000, "changeToInventory": 19900000000, "totalCashFromOperatingActivities": 192980000000, "capitalExpenditures": -78140000000, "investments": 9970000000, "otherCashflowsFromInvestingActivities": 8110000000, "totalCashflowsFromInvestingActivities": -58940000000, "dividendsPaid": -14440000000, "netBorrowings": -86740000000, "otherCashflowsFromFinancingActivities": -54290000000, "totalCashFromFinancingActivities": -155470000000, "effectOfExchangeRate": -310000000, "changeInCash": -21740000000}, {"maxAge": 1, "endDate": "2019-03-31", "netIncome": 70650000000, "depreciation": 82780000000, "changeToNetincome": 62480000000, "changeToAccountReceivables": -26900000000, "changeToLiabilities": 52360000000, "changeToInventory": -4180000000, "totalCashFromOperatingActivities": 237540000000, "capitalExpenditures": -89420000000, "investments": 25030000000, "otherCashflowsFromInvestingActivities": 8590000000, "totalCashflowsFromInvestingActivities": -105300000000, "dividendsPaid": -80760000000, "netBorrowings": 76990000000, "otherCashflowsFromFinancingActivities": -97250000000, "totalCashFromFinancingActivities": -102420000000, "effectOfExchangeRate": -640000000, "changeInCash": 29180000000, "repurchaseOfStock": -1440000000, "issuanceOfStock": 40000000}, {"maxAge": 1, "endDate": "2018-03-31", "netIncome": 103420000000, "depreciation": 63660000000, "changeToNetincome": 54050000000, "changeToAccountReceivables": -16850000000, "changeToLiabilities": 1010000000, "changeToInventory": -22150000000, "changeToOperatingActivities": -9760000000, "totalCashFromOperatingActivities": 173660000000, "capitalExpenditures": -73340000000, "investments": 222070000000, "otherCashflowsFromInvestingActivities": 13440000000, "totalCashflowsFromInvestingActivities": 153960000000, "dividendsPaid": -83010200000, "netBorrowings": -172690000000, "otherCashflowsFromFinancingActivities": -69370000000, "totalCashFromFinancingActivities": -392550000000, "effectOfExchangeRate": 840000000, "changeInCash": -64090000000, "repurchaseOfStock": -2020000000, "issuanceOfStock": 340000000}, {"maxAge": 1, "endDate": "2017-03-31", "netIncome": 69580000000, "depreciation": 63800000000, "changeToNetincome": 29290000000, "changeToAccountReceivables": -9170000000, "changeToLiabilities": 57060000000, "changeToInventory": -16230000000, "changeToOperatingActivities": -13720000000, "totalCashFromOperatingActivities": 180830000000, "capitalExpenditures": -55160000000, "investments": 70710000000, "otherCashflowsFromInvestingActivities": 10790000000, "totalCashflowsFromInvestingActivities": 27110000000, "dividendsPaid": -6250000000, "netBorrowings": 36050000000, "otherCashflowsFromFinancingActivities": -153040000000, "totalCashFromFinancingActivities": -124250000000, "effectOfExchangeRate": -300000000, "changeInCash": 83390000000, "repurchaseOfStock": -1030000000, "issuanceOfStock": 20000000}], "maxAge": 86400}, "institutionOwnership": {"maxAge": 1, "ownershipList": []}, "balanceSheetHistoryQuarterly": {"balanceSheetStatements": [{"maxAge": 1, "endDate": "2020-06-30", "totalStockholderEquity": 546350000000, "netTangibleAssets": 520050000000}, {"maxAge": 1, "endDate": "2020-03-31", "cash": 51170000000, "shortTermInvestments": 77860000000, "netReceivables": 29040000000, "inventory": 113350000000, "otherCurrentAssets": 57200000000, "totalCurrentAssets": 575200000000, "longTermInvestments": 24310000000, "propertyPlantEquipment": 1048590000000, "intangibleAssets": 26300000000, "otherAssets": 161820000000, "deferredLongTermAssetCharges": 68890000000, "totalAssets": 1836220000000, "accountsPayable": 169720000000, "shortLongTermDebt": 93900000000, "otherCurrentLiab": 186850000000, "longTermDebt": 367320000000, "otherLiab": 116180000000, "minorityInterest": 171120000000, "totalCurrentLiabilities": 633220000000, "totalLiab": 1118750000000, "commonStock": 3720000000, "retainedEarnings": 96290000000, "treasuryStock": 256250000000, "capitalSurplus": 190090000000, "otherStockholderEquity": 260060000000, "totalStockholderEquity": 546350000000, "netTangibleAssets": 520050000000}, {"maxAge": 1, "endDate": "2019-12-31"}, {"maxAge": 1, "endDate": "2019-09-30", "cash": 80886000000, "shortTermInvestments": 274810000000, "netReceivables": 66122000000, "inventory": 107102000000, "otherCurrentAssets": 2785000000, "totalCurrentAssets": 531705000000, "longTermInvestments": 1664000000, "propertyPlantEquipment": 1092439000000, "intangibleAssets": 37773000000, "otherAssets": 157651000000, "deferredLongTermAssetCharges": 68602000000, "totalAssets": 1821232000000, "accountsPayable": 298340000000, "shortLongTermDebt": 93291000000, "otherCurrentLiab": 106843000000, "longTermDebt": 296527000000, "otherLiab": 84188000000, "minorityInterest": 162543000000, "totalCurrentLiabilities": 669176000000, "totalLiab": 1049891000000, "commonStock": 3718000000, "retainedEarnings": 304572000000, "treasuryStock": 110056000000, "capitalSurplus": 190452000000, "otherStockholderEquity": 114027000000, "totalStockholderEquity": 608798000000, "netTangibleAssets": 571025000000}], "maxAge": 86400}, "indexTrend": {"maxAge": 1, "symbol": "SP5", "peRatio": 19.7411, "pegRatio": 1.34172, "estimates": [{"period": "0q", "growth": 0.549}, {"period": "+1q", "growth": 0.431}, {"period": "0y", "growth": 0.305}, {"period": "+1y", "growth": 0.109}, {"period": "+5y", "growth": 0.120865}, {"period": "-5y"}]}, "esgScores": {"maxAge": 86400, "totalEsg": 47.12, "environmentScore": 20.72, "socialScore": 18.87, "governanceScore": 7.54, "ratingYear": 2020, "ratingMonth": 10, "highestControversy": 4.0, "peerCount": 27, "esgPerformance": "LEAD_PERF", "peerGroup": "Diversified Metals", "relatedControversy": ["Operations Incidents", "Society & Community Incidents"], "peerEsgScorePerformance": {"min": 18.36, "avg": 38.75703703703704, "max": 61.43}, "peerGovernancePerformance": {"min": 3.74, "avg": 8.414074074074072, "max": 14.07}, "peerSocialPerformance": {"min": 5.64, "avg": 13.047777777777775, "max": 21.21}, "peerEnvironmentPerformance": {"min": 8.04, "avg": 17.296296296296294, "max": 26.16}, "peerHighestControversyPerformance": {"min": 0.0, "avg": 3.185185185185185, "max": 5.0}, "percentile": 93.79, "environmentPercentile": null, "socialPercentile": null, "governancePercentile": null, "adult": false, "alcoholic": false, "animalTesting": false, "catholic": false, "controversialWeapons": false, "smallArms": false, "furLeather": false, "gambling": false, "gmo": false, "militaryContract": false, "nuclear": false, "pesticides": false, "palmOil": false, "coal": true, "tobacco": false}, "insiderTransactions": {"transactions": [{"maxAge": 1, "shares": 10000, "filerUrl": "", "transactionText": "", "filerName": "Gupta (Amitabh)", "filerRelation": "UNREPORTED", "moneyText": "", "startDate": "2020-02-05", "ownership": "D"}], "maxAge": 1}, "quoteType": {"exchange": "BSE", "quoteType": "EQUITY", "symbol": "VEDL.BO", "underlyingSymbol": "VEDL.BO", "shortName": "VEDANTA LIMITED", "longName": "Vedanta Limited", "firstTradeDateEpochUtc": "1991-01-07 09:15:00", "timeZoneFullName": "Asia/Kolkata", "timeZoneShortName": "IST", "uuid": "49842c60-d9b8-3b15-81be-c70a680e75c3", "messageBoardId": null, "gmtOffSetMilliseconds": 19800000, "maxAge": 1}, "incomeStatementHistory": {"incomeStatementHistory": [{"maxAge": 1, "endDate": "2020-03-31", "totalRevenue": 839540000000, "costOfRevenue": 417690000000, "grossProfit": 421850000000, "researchDevelopment": {}, "sellingGeneralAdministrative": 27350000000, "nonRecurring": {}, "otherOperatingExpenses": 178830000000, "totalOperatingExpenses": 714830000000, "operatingIncome": 124710000000, "totalOtherIncomeExpenseNet": -207310000000, "ebit": 124710000000, "interestExpense": -45990000000, "incomeBeforeTax": -82600000000, "incomeTaxExpense": -35160000000, "minorityInterest": 171120000000, "netIncomeFromContinuingOps": -47440000000, "discontinuedOperations": {}, "extraordinaryItems": {}, "effectOfAccountingCharges": {}, "otherItems": {}, "netIncome": -66640000000, "netIncomeApplicableToCommonShares": -66640000000}, {"maxAge": 1, "endDate": "2019-03-31", "totalRevenue": 913590000000, "costOfRevenue": 468180000000, "grossProfit": 445410000000, "researchDevelopment": {}, "sellingGeneralAdministrative": 31460000000, "nonRecurring": {}, "otherOperatingExpenses": 172960000000, "totalOperatingExpenses": 755020000000, "operatingIncome": 158570000000, "totalOtherIncomeExpenseNet": -22970000000, "ebit": 158570000000, "interestExpense": -52110000000, "incomeBeforeTax": 135600000000, "incomeTaxExpense": 38620000000, "minorityInterest": 152270000000, "netIncomeFromContinuingOps": 96980000000, "discontinuedOperations": {}, "extraordinaryItems": {}, "effectOfAccountingCharges": {}, "otherItems": {}, "netIncome": 70650000000, "netIncomeApplicableToCommonShares": 70650000000}, {"maxAge": 1, "endDate": "2018-03-31", "totalRevenue": 913720000000, "costOfRevenue": 484240000000, "grossProfit": 429480000000, "researchDevelopment": {}, "sellingGeneralAdministrative": 26050000000, "nonRecurring": {}, "otherOperatingExpenses": 151190000000, "totalOperatingExpenses": 724310000000, "operatingIncome": 189410000000, "totalOtherIncomeExpenseNet": 6280000000, "ebit": 189410000000, "interestExpense": -48350000000, "incomeBeforeTax": 195690000000, "incomeTaxExpense": 58770000000, "minorityInterest": 159610000000, "netIncomeFromContinuingOps": 136920000000, "discontinuedOperations": {}, "extraordinaryItems": {}, "effectOfAccountingCharges": {}, "otherItems": {}, "netIncome": 103420000000, "netIncomeApplicableToCommonShares": 103420000000}, {"maxAge": 1, "endDate": "2017-03-31", "totalRevenue": 722250000000, "costOfRevenue": 342040000000, "grossProfit": 380210000000, "researchDevelopment": {}, "sellingGeneralAdministrative": 24310000000, "nonRecurring": {}, "otherOperatingExpenses": 140550000000, "totalOperatingExpenses": 570230000000, "operatingIncome": 152020000000, "totalOtherIncomeExpenseNet": -15530000000, "ebit": 152020000000, "interestExpense": -49780000000, "incomeBeforeTax": 136490000000, "incomeTaxExpense": 23330000000, "minorityInterest": 139280000000, "netIncomeFromContinuingOps": 113160000000, "discontinuedOperations": {}, "extraordinaryItems": {}, "effectOfAccountingCharges": {}, "otherItems": {}, "netIncome": 69580000000, "netIncomeApplicableToCommonShares": 69580000000}], "maxAge": 86400}, "fundOwnership": {"maxAge": 1, "ownershipList": [{"maxAge": 1, "reportDate": "2020-07-31", "organization": "Vanguard International Stock Index-Total Intl Stock Indx", "pctHeld": 0.0072000003, "position": 26906150, "value": 3061919870}, {"maxAge": 1, "reportDate": "2020-07-31", "organization": "Vanguard International Stock Index-Emerging Markets Stk", "pctHeld": 0.0058, "position": 21730985, "value": 2472986093}, {"maxAge": 1, "reportDate": "2020-07-31", "organization": "DFA Investment Dimensions-DFA Emerging Mkts Value", "pctHeld": 0.0046, "position": 17232051, "value": 1961007403}, {"maxAge": 1, "reportDate": "2020-07-31", "organization": "iShares Core MSCI Emerging Markets ETF", "pctHeld": 0.0038, "position": 14110022, "value": 1605720503}, {"maxAge": 1, "reportDate": "2020-07-31", "organization": "DFA Emerging Markets Core Equity Portfolio", "pctHeld": 0.0034999999, "position": 13190228, "value": 1501047946}, {"maxAge": 1, "reportDate": "2020-06-30", "organization": "College Retirement Equities Fund-Stock Account", "pctHeld": 0.0034, "position": 12567923, "value": 1336598611}, {"maxAge": 1, "reportDate": "2020-08-31", "organization": "iShares MSCI India ETF", "pctHeld": 0.0029, "position": 10965379, "value": 1409599470}, {"maxAge": 1, "reportDate": "2020-08-31", "organization": "WisdomTree Tr-Wisdom Tree Emerging Markets High Dividend  Fd", "pctHeld": 0.0018000001, "position": 6812000, "value": 875682600}, {"maxAge": 1, "reportDate": "2020-08-31", "organization": "iShares MSCI Emerging Markets ETF", "pctHeld": 0.0018000001, "position": 6781802, "value": 871800647}, {"maxAge": 1, "reportDate": "2020-05-31", "organization": "GMO Resources Fund", "pctHeld": 0.0016, "position": 5919804, "value": 545509938}]}, "summaryDetail": {"maxAge": 1, "priceHint": 2, "previousClose": 254.95, "open": 255.0, "dayLow": 251.6, "dayHigh": 266.25, "regularMarketPreviousClose": 254.95, "regularMarketOpen": 255.0, "regularMarketDayLow": 251.6, "regularMarketDayHigh": 266.25, "volume": 1115840, "regularMarketVolume": 1115840, "averageVolume": 3680727, "averageVolume10days": 891197, "averageDailyVolume10Day": 891197, "bid": 255.3, "ask": 255.6, "bidSize": 0, "askSize": 0, "marketCap": 956621389824, "fiftyTwoWeekLow": 60.3, "fiftyTwoWeekHigh": 266.25, "fiftyDayAverage": 172.77942, "twoHundredDayAverage": 134.62427, "trailingAnnualDividendRate": 3.9, "trailingAnnualDividendYield": 0.015297118, "currency": "INR", "fromCurrency": null, "toCurrency": null, "lastMarket": null, "algorithm": null, "tradeable": false}, "incomeStatementHistoryQuarterly": {"incomeStatementHistory": [{"maxAge": 1, "endDate": "2020-06-30", "totalRevenue": 156870000000, "costOfRevenue": 71640000000, "grossProfit": 85230000000, "researchDevelopment": {}, "sellingGeneralAdministrative": 6590000000, "nonRecurring": {}, "otherOperatingExpenses": 38710000000, "totalOperatingExpenses": 134270000000, "operatingIncome": 22600000000, "totalOtherIncomeExpenseNet": -2270000000, "ebit": 22600000000, "interestExpense": -12520000000, "incomeBeforeTax": 20330000000, "incomeTaxExpense": 5110000000, "minorityInterest": {}, "netIncomeFromContinuingOps": 15220000000, "discontinuedOperations": {}, "extraordinaryItems": {}, "effectOfAccountingCharges": {}, "otherItems": {}, "netIncome": 10330000000, "netIncomeApplicableToCommonShares": 10330000000}, {"maxAge": 1, "endDate": "2020-03-31", "totalRevenue": 199220000000, "costOfRevenue": 118250000000, "grossProfit": 80970000000, "researchDevelopment": {}, "sellingGeneralAdministrative": 5500000000, "nonRecurring": {}, "otherOperatingExpenses": 21150000000, "totalOperatingExpenses": 167450000000, "operatingIncome": 31770000000, "totalOtherIncomeExpenseNet": -184460000000, "ebit": 31770000000, "interestExpense": -6860000000, "incomeBeforeTax": -152690000000, "incomeTaxExpense": -31860000000, "minorityInterest": 171120000000, "netIncomeFromContinuingOps": -120830000000, "discontinuedOperations": {}, "extraordinaryItems": {}, "effectOfAccountingCharges": {}, "otherItems": {}, "netIncome": -125210000000, "netIncomeApplicableToCommonShares": -125210000000}, {"maxAge": 1, "endDate": "2019-12-31", "totalRevenue": 211260000000, "costOfRevenue": 86700000000, "grossProfit": 124560000000, "researchDevelopment": {}, "sellingGeneralAdministrative": 7280000000, "nonRecurring": {}, "otherOperatingExpenses": 52140000000, "totalOperatingExpenses": 169030000000, "operatingIncome": 42230000000, "totalOtherIncomeExpenseNet": -4170000000, "ebit": 42230000000, "interestExpense": -12320000000, "incomeBeforeTax": 38060000000, "incomeTaxExpense": 11410000000, "minorityInterest": 171120000000, "netIncomeFromContinuingOps": 26650000000, "discontinuedOperations": {}, "extraordinaryItems": {}, "effectOfAccountingCharges": {}, "otherItems": {}, "netIncome": 23480000000, "netIncomeApplicableToCommonShares": 23480000000}, {"maxAge": 1, "endDate": "2019-09-30", "totalRevenue": 217390000000, "costOfRevenue": 113560000000, "grossProfit": 103830000000, "researchDevelopment": {}, "sellingGeneralAdministrative": 7130000000, "nonRecurring": {}, "otherOperatingExpenses": 52470000000, "totalOperatingExpenses": 197110000000, "operatingIncome": 20280000000, "totalOtherIncomeExpenseNet": -9070000000, "ebit": 20280000000, "interestExpense": -13400000000, "incomeBeforeTax": 11210000000, "incomeTaxExpense": -16090000000, "minorityInterest": 162543000000, "netIncomeFromContinuingOps": 27300000000, "discontinuedOperations": {}, "extraordinaryItems": {}, "effectOfAccountingCharges": {}, "otherItems": {}, "netIncome": 21580000000, "netIncomeApplicableToCommonShares": 21580000000}], "maxAge": 86400}, "cashflowStatementHistoryQuarterly": {"cashflowStatements": [{"maxAge": 1, "endDate": "2020-06-30", "netIncome": 10330000000, "changeToLiabilities": 0}, {"maxAge": 1, "endDate": "2020-03-31", "netIncome": -125210000000, "changeToLiabilities": 0}, {"maxAge": 1, "endDate": "2019-12-31", "netIncome": 23480000000, "changeToLiabilities": 0}, {"maxAge": 1, "endDate": "2019-09-30", "netIncome": 21580000000, "changeToLiabilities": 0}], "maxAge": 86400}, "insiderHolders": {"holders": [{"maxAge": 1, "name": "Gupta (Amitabh)", "relation": "UNREPORTED", "url": "", "transactionDescription": "Acquisition", "latestTransDate": "2020-02-05", "positionDirect": 10000, "positionDirectDate": "2020-02-05"}], "maxAge": 1}, "calendarEvents": {"maxAge": 1, "earnings": {"earningsDate": ["2018-07-23 05:30:S", "2018-07-27 05:30:S"]}}, "price": {"maxAge": 1, "regularMarketChangePercent": 0.0094136465, "regularMarketChange": 2.4000092, "regularMarketTime": "2021-04-30 15:51:02", "priceHint": 2, "regularMarketPrice": 257.35, "regularMarketDayHigh": 266.25, "regularMarketDayLow": 251.6, "regularMarketVolume": 1115840, "averageDailyVolume10Day": 891197, "averageDailyVolume3Month": 3680727, "regularMarketPreviousClose": 254.95, "regularMarketSource": "FREE_REALTIME", "regularMarketOpen": 255.0, "exchange": "BSE", "exchangeName": "BSE", "exchangeDataDelayedBy": 0, "marketState": "CLOSED", "quoteType": "EQUITY", "symbol": "VEDL.BO", "underlyingSymbol": null, "shortName": "VEDANTA LIMITED", "longName": "Vedanta Limited", "currency": "INR", "quoteSourceName": "Delayed Quote", "currencySymbol": "\u20b9", "fromCurrency": null, "toCurrency": null, "lastMarket": null, "marketCap": 956621389824}, "balanceSheetHistory": {"balanceSheetStatements": [{"maxAge": 1, "endDate": "2020-03-31", "cash": 51170000000, "shortTermInvestments": 77860000000, "netReceivables": 29040000000, "inventory": 113350000000, "otherCurrentAssets": 57200000000, "totalCurrentAssets": 575200000000, "longTermInvestments": 24310000000, "propertyPlantEquipment": 1048590000000, "intangibleAssets": 26300000000, "otherAssets": 161820000000, "deferredLongTermAssetCharges": 68890000000, "totalAssets": 1836220000000, "accountsPayable": 169720000000, "shortLongTermDebt": 93900000000, "otherCurrentLiab": 186850000000, "longTermDebt": 367320000000, "otherLiab": 116180000000, "minorityInterest": 171120000000, "totalCurrentLiabilities": 633220000000, "totalLiab": 1118750000000, "commonStock": 3720000000, "retainedEarnings": 96290000000, "treasuryStock": 256250000000, "capitalSurplus": 190090000000, "otherStockholderEquity": 260060000000, "totalStockholderEquity": 546350000000, "netTangibleAssets": 520050000000}, {"maxAge": 1, "endDate": "2019-03-31", "cash": 72890000000, "shortTermInvestments": 3700000000, "netReceivables": 41190000000, "inventory": 131980000000, "otherCurrentAssets": 66780000000, "totalCurrentAssets": 598280000000, "longTermInvestments": 57870000000, "propertyPlantEquipment": 1177510000000, "intangibleAssets": 36050000000, "otherAssets": 150720000000, "deferredLongTermAssetCharges": 34750000000, "totalAssets": 2020430000000, "accountsPayable": 173520000000, "shortLongTermDebt": 85230000000, "otherCurrentLiab": 232280000000, "longTermDebt": 347210000000, "otherLiab": 131570000000, "minorityInterest": 152270000000, "totalCurrentLiabilities": 766410000000, "totalLiab": 1245190000000, "commonStock": 3720000000, "retainedEarnings": 178310000000, "treasuryStock": 250850000000, "capitalSurplus": 190090000000, "otherStockholderEquity": 254820000000, "totalStockholderEquity": 622970000000, "netTangibleAssets": 586920000000}, {"maxAge": 1, "endDate": "2018-03-31", "cash": 42360000000, "shortTermInvestments": 16090000000, "netReceivables": 40920000000, "inventory": 119670000000, "otherCurrentAssets": 46740000000, "totalCurrentAssets": 551140000000, "longTermInvestments": 30160000000, "propertyPlantEquipment": 954700000000, "intangibleAssets": 168640000000, "otherAssets": 141210000000, "deferredLongTermAssetCharges": 49340000000, "totalAssets": 1845850000000, "accountsPayable": 178430000000, "shortLongTermDebt": 94190000000, "otherCurrentLiab": 142280000000, "longTermDebt": 267890000000, "otherLiab": 112760000000, "minorityInterest": 159610000000, "totalCurrentLiabilities": 672470000000, "totalLiab": 1053120000000, "commonStock": 3720000000, "retainedEarnings": 220170000000, "treasuryStock": 219140000000, "capitalSurplus": 190090000000, "otherStockholderEquity": 221730000000, "totalStockholderEquity": 633120000000, "netTangibleAssets": 464480000000}, {"maxAge": 1, "endDate": "2017-03-31", "cash": 98640000000, "shortTermInvestments": 29200000000, "netReceivables": 30730000000, "inventory": 96280000000, "otherCurrentAssets": 42830000000, "totalCurrentAssets": 767960000000, "longTermInvestments": 25160000000, "propertyPlantEquipment": 935060000000, "intangibleAssets": 108070000000, "otherAssets": 154050000000, "deferredLongTermAssetCharges": 74920000000, "totalAssets": 1990300000000, "accountsPayable": 184590000000, "shortLongTermDebt": 90690000000, "otherCurrentLiab": 196430000000, "longTermDebt": 332650000000, "otherLiab": 86620000000, "minorityInterest": 139280000000, "totalCurrentLiabilities": 826750000000, "totalLiab": 1246020000000, "commonStock": 3720000000, "retainedEarnings": 208240000000, "treasuryStock": 202950000000, "capitalSurplus": 190090000000, "otherStockholderEquity": 203980000000, "totalStockholderEquity": 605000000000, "netTangibleAssets": 496930000000}], "maxAge": 86400}, "financialData": {"maxAge": 86400, "currentPrice": 257.35, "recommendationKey": "none", "grossProfits": 421850000000, "financialCurrency": "INR"}}}