{"VELJAN.BO": {"recommendationTrend": {"trend": [{"period": "0m", "strongBuy": 0, "buy": 0, "hold": 0, "sell": 0, "strongSell": 0}, {"period": "-1m", "strongBuy": 0, "buy": 0, "hold": 0, "sell": 0, "strongSell": 0}, {"period": "-2m", "strongBuy": 0, "buy": 0, "hold": 0, "sell": 0, "strongSell": 0}, {"period": "-3m", "strongBuy": 0, "buy": 0, "hold": 0, "sell": 0, "strongSell": 0}], "maxAge": 86400}, "cashflowStatementHistory": {"cashflowStatements": [{"maxAge": 1, "endDate": "2020-03-31", "netIncome": 134357000, "depreciation": 39225000, "changeToNetincome": -19119000, "changeToAccountReceivables": 151336000, "changeToLiabilities": -22180000, "changeToInventory": -115456000, "changeToOperatingActivities": 9067000, "totalCashFromOperatingActivities": 177230000, "capitalExpenditures": -111197000, "otherCashflowsFromInvestingActivities": 12455000, "totalCashflowsFromInvestingActivities": -98742000, "dividendsPaid": -46608000, "netBorrowings": -130074000, "otherCashflowsFromFinancingActivities": -7879000, "totalCashFromFinancingActivities": -184561000, "changeInCash": -106073000}, {"maxAge": 1, "endDate": "2019-03-31", "netIncome": 163330000, "depreciation": 31478000, "changeToNetincome": -22311000, "changeToAccountReceivables": 131793000, "changeToLiabilities": 91622000, "changeToInventory": -88202000, "changeToOperatingActivities": -17690000, "totalCashFromOperatingActivities": 290842000, "capitalExpenditures": -256506000, "otherCashflowsFromInvestingActivities": 8971000, "totalCashflowsFromInvestingActivities": -247503000, "dividendsPaid": -24266000, "netBorrowings": -27646000, "otherCashflowsFromFinancingActivities": -13352000, "totalCashFromFinancingActivities": -65264000, "changeInCash": -21925000}, {"maxAge": 1, "endDate": "2018-03-31", "netIncome": 162773000, "depreciation": 26899000, "changeToNetincome": 9404000, "changeToAccountReceivables": -54718000, "changeToLiabilities": 32731000, "changeToInventory": 27667000, "changeToOperatingActivities": -34450000, "totalCashFromOperatingActivities": 170869000, "capitalExpenditures": -69262000, "otherCashflowsFromInvestingActivities": 8921000, "totalCashflowsFromInvestingActivities": -60341000, "dividendsPaid": -21135000, "netBorrowings": -120578000, "otherCashflowsFromFinancingActivities": -11160000, "totalCashFromFinancingActivities": -152873000, "changeInCash": -42345000}, {"maxAge": 1, "endDate": "2017-03-31", "netIncome": 145143000, "depreciation": 25500000, "changeToNetincome": -13837000, "changeToAccountReceivables": 85629000, "changeToLiabilities": 3612000, "changeToInventory": -53385000, "changeToOperatingActivities": -14512000, "totalCashFromOperatingActivities": 178299000, "capitalExpenditures": -10795000, "otherCashflowsFromInvestingActivities": 3678000, "totalCashflowsFromInvestingActivities": -7117000, "dividendsPaid": -21135000, "netBorrowings": 77453000, "otherCashflowsFromFinancingActivities": -16555000, "totalCashFromFinancingActivities": 60898000, "changeInCash": 232080000}], "maxAge": 86400}, "institutionOwnership": {"maxAge": 1, "ownershipList": []}, "balanceSheetHistoryQuarterly": {"balanceSheetStatements": [{"maxAge": 1, "endDate": "2020-06-30", "totalStockholderEquity": 1498912000, "netTangibleAssets": 1498291000}, {"maxAge": 1, "endDate": "2020-03-31", "cash": 226688000, "shortTermInvestments": 25512000, "netReceivables": 396013000, "inventory": 375746000, "otherCurrentAssets": 123028000, "totalCurrentAssets": 1146987000, "propertyPlantEquipment": 622714000, "intangibleAssets": 621000, "otherAssets": 6617000, "totalAssets": 1776939000, "accountsPayable": 102311000, "otherCurrentLiab": 87863000, "otherLiab": 29074000, "totalCurrentLiabilities": 248953000, "totalLiab": 278027000, "commonStock": 22500000, "treasuryStock": 1476412000, "otherStockholderEquity": 1476412000, "totalStockholderEquity": 1498912000, "netTangibleAssets": 1498291000}, {"maxAge": 1, "endDate": "2019-12-31", "totalStockholderEquity": 1473069000, "netTangibleAssets": 1472113000}, {"maxAge": 1, "endDate": "2019-09-30", "cash": 210585000, "shortTermInvestments": 28874000, "netReceivables": 434276000, "inventory": 310361000, "otherCurrentAssets": 238262000, "totalCurrentAssets": 1222358000, "propertyPlantEquipment": 523608000, "intangibleAssets": 956000, "otherAssets": 6777000, "totalAssets": 1753699000, "accountsPayable": 113262000, "otherCurrentLiab": 120977000, "otherLiab": 30507000, "totalCurrentLiabilities": 250123000, "totalLiab": 280630000, "commonStock": 22500000, "treasuryStock": 1450569000, "otherStockholderEquity": 1450569000, "totalStockholderEquity": 1473069000, "netTangibleAssets": 1472113000}], "maxAge": 86400}, "earningsHistory": {"history": [{"maxAge": 1, "epsActual": {}, "epsEstimate": {}, "epsDifference": {}, "surprisePercent": {}, "quarter": {}, "period": "-4q"}, {"maxAge": 1, "epsActual": {}, "epsEstimate": {}, "epsDifference": {}, "surprisePercent": {}, "quarter": {}, "period": "-3q"}, {"maxAge": 1, "epsActual": {}, "epsEstimate": {}, "epsDifference": {}, "surprisePercent": {}, "quarter": {}, "period": "-2q"}, {"maxAge": 1, "epsActual": {}, "epsEstimate": {}, "epsDifference": {}, "surprisePercent": {}, "quarter": {}, "period": "-1q"}], "maxAge": 86400}, "indexTrend": {"maxAge": 1, "symbol": "SP5", "peRatio": 19.7411, "pegRatio": 1.34172, "estimates": [{"period": "0q", "growth": 0.549}, {"period": "+1q", "growth": 0.431}, {"period": "0y", "growth": 0.305}, {"period": "+1y", "growth": 0.109}, {"period": "+5y", "growth": 0.120859005}, {"period": "-5y"}]}, "industryTrend": {"maxAge": 1, "symbol": null, "estimates": []}, "quoteType": {"exchange": "BSE", "quoteType": "EQUITY", "symbol": "VELJAN.BO", "underlyingSymbol": "VELJAN.BO", "shortName": "VELJAN DENISON LIMITED", "longName": "Veljan Denison Limited", "firstTradeDateEpochUtc": "2002-12-12 09:15:00", "timeZoneFullName": "Asia/Kolkata", "timeZoneShortName": "IST", "uuid": "475ae9a5-8e41-37a0-9963-787852422a7c", "messageBoardId": null, "gmtOffSetMilliseconds": 19800000, "maxAge": 1}, "incomeStatementHistory": {"incomeStatementHistory": [{"maxAge": 1, "endDate": "2020-03-31", "totalRevenue": 827938000, "costOfRevenue": 406213000, "grossProfit": 421725000, "researchDevelopment": {}, "sellingGeneralAdministrative": 73655000, "nonRecurring": {}, "otherOperatingExpenses": 132344000, "totalOperatingExpenses": 651436000, "operatingIncome": 176502000, "totalOtherIncomeExpenseNet": 4635000, "ebit": 176502000, "interestExpense": -7878000, "incomeBeforeTax": 181137000, "incomeTaxExpense": 46780000, "minorityInterest": {}, "netIncomeFromContinuingOps": 134357000, "discontinuedOperations": {}, "extraordinaryItems": {}, "effectOfAccountingCharges": {}, "otherItems": {}, "netIncome": 134357000, "netIncomeApplicableToCommonShares": 134357000}, {"maxAge": 1, "endDate": "2019-03-31", "totalRevenue": 875087000, "costOfRevenue": 283332000, "grossProfit": 591755000, "researchDevelopment": {}, "sellingGeneralAdministrative": 76378000, "nonRecurring": {}, "otherOperatingExpenses": 254472000, "totalOperatingExpenses": 646487000, "operatingIncome": 228600000, "totalOtherIncomeExpenseNet": -1967000, "ebit": 228600000, "interestExpense": -8890000, "incomeBeforeTax": 226633000, "incomeTaxExpense": 63303000, "minorityInterest": {}, "netIncomeFromContinuingOps": 163330000, "discontinuedOperations": {}, "extraordinaryItems": {}, "effectOfAccountingCharges": {}, "otherItems": {}, "netIncome": 163330000, "netIncomeApplicableToCommonShares": 163330000}, {"maxAge": 1, "endDate": "2018-03-31", "totalRevenue": 962146000, "costOfRevenue": 363292000, "grossProfit": 598854000, "researchDevelopment": {}, "sellingGeneralAdministrative": 80228000, "nonRecurring": {}, "otherOperatingExpenses": 240132000, "totalOperatingExpenses": 711114000, "operatingIncome": 251032000, "totalOtherIncomeExpenseNet": -2793000, "ebit": 251032000, "interestExpense": -8328000, "incomeBeforeTax": 248239000, "incomeTaxExpense": 85466000, "minorityInterest": {}, "netIncomeFromContinuingOps": 162773000, "discontinuedOperations": {}, "extraordinaryItems": {}, "effectOfAccountingCharges": {}, "otherItems": {}, "netIncome": 162773000, "netIncomeApplicableToCommonShares": 162773000}, {"maxAge": 1, "endDate": "2017-03-31", "totalRevenue": 828840000, "costOfRevenue": 319552000, "grossProfit": 509288000, "researchDevelopment": {}, "sellingGeneralAdministrative": 81168000, "nonRecurring": {}, "otherOperatingExpenses": 197318000, "totalOperatingExpenses": 623823000, "operatingIncome": 205017000, "totalOtherIncomeExpenseNet": -10947000, "ebit": 205017000, "interestExpense": -15132000, "incomeBeforeTax": 194070000, "incomeTaxExpense": 48927000, "minorityInterest": {}, "netIncomeFromContinuingOps": 145143000, "discontinuedOperations": {}, "extraordinaryItems": {}, "effectOfAccountingCharges": {}, "otherItems": {}, "netIncome": 145143000, "netIncomeApplicableToCommonShares": 145143000}], "maxAge": 86400}, "fundOwnership": {"maxAge": 1, "ownershipList": []}, "summaryDetail": {"maxAge": 1, "priceHint": 2, "previousClose": 712.0, "open": 710.1, "dayLow": 707.0, "dayHigh": 728.9, "regularMarketPreviousClose": 712.0, "regularMarketOpen": 710.1, "regularMarketDayLow": 707.0, "regularMarketDayHigh": 728.9, "trailingPE": 15.109646, "volume": 258, "regularMarketVolume": 258, "averageVolume": 386, "averageVolume10days": 389, "averageDailyVolume10Day": 389, "bid": 710.0, "ask": 718.9, "bidSize": 0, "askSize": 0, "marketCap": 1603012480, "fiftyTwoWeekLow": 550.0, "fiftyTwoWeekHigh": 979.0, "fiftyDayAverage": 822.9286, "twoHundredDayAverage": 802.6237, "trailingAnnualDividendRate": 10.0, "trailingAnnualDividendYield": 0.014044944, "currency": "INR", "fromCurrency": null, "toCurrency": null, "lastMarket": null, "algorithm": null, "tradeable": false}, "sectorTrend": {"maxAge": 1, "symbol": null, "estimates": []}, "incomeStatementHistoryQuarterly": {"incomeStatementHistory": [{"maxAge": 1, "endDate": "2020-06-30", "totalRevenue": 96757000, "costOfRevenue": 52105000, "grossProfit": 44652000, "researchDevelopment": {}, "sellingGeneralAdministrative": 15762000, "nonRecurring": {}, "otherOperatingExpenses": 24838000, "totalOperatingExpenses": 104093000, "operatingIncome": -7336000, "totalOtherIncomeExpenseNet": 961000, "ebit": -7336000, "interestExpense": -1567000, "incomeBeforeTax": -6375000, "incomeTaxExpense": 500000, "minorityInterest": {}, "netIncomeFromContinuingOps": -6875000, "discontinuedOperations": {}, "extraordinaryItems": {}, "effectOfAccountingCharges": {}, "otherItems": {}, "netIncome": -6875000, "netIncomeApplicableToCommonShares": -6875000}, {"maxAge": 1, "endDate": "2020-03-31", "totalRevenue": 205835000, "costOfRevenue": 92027000, "grossProfit": 113808000, "researchDevelopment": {}, "sellingGeneralAdministrative": 19666000, "nonRecurring": {}, "otherOperatingExpenses": 35409000, "totalOperatingExpenses": 157640000, "operatingIncome": 48195000, "totalOtherIncomeExpenseNet": 3881000, "ebit": 48195000, "interestExpense": -1506000, "incomeBeforeTax": 52076000, "incomeTaxExpense": 9953000, "minorityInterest": {}, "netIncomeFromContinuingOps": 42123000, "discontinuedOperations": {}, "extraordinaryItems": {}, "effectOfAccountingCharges": {}, "otherItems": {}, "netIncome": 42123000, "netIncomeApplicableToCommonShares": 42123000}, {"maxAge": 1, "endDate": "2019-12-31", "totalRevenue": 231911000, "costOfRevenue": 115070000, "grossProfit": 116841000, "researchDevelopment": {}, "sellingGeneralAdministrative": 19675000, "nonRecurring": {}, "otherOperatingExpenses": 36360000, "totalOperatingExpenses": 180770000, "operatingIncome": 51141000, "totalOtherIncomeExpenseNet": 237000, "ebit": 51141000, "interestExpense": -1299000, "incomeBeforeTax": 51378000, "incomeTaxExpense": 13500000, "minorityInterest": {}, "netIncomeFromContinuingOps": 37878000, "discontinuedOperations": {}, "extraordinaryItems": {}, "effectOfAccountingCharges": {}, "otherItems": {}, "netIncome": 37878000, "netIncomeApplicableToCommonShares": 37878000}, {"maxAge": 1, "endDate": "2019-09-30", "totalRevenue": 206848000, "costOfRevenue": 104766000, "grossProfit": 102082000, "researchDevelopment": {}, "sellingGeneralAdministrative": 17284000, "nonRecurring": {}, "otherOperatingExpenses": 31702000, "totalOperatingExpenses": 163653000, "operatingIncome": 43195000, "totalOtherIncomeExpenseNet": 1797000, "ebit": 43195000, "interestExpense": -806000, "incomeBeforeTax": 44992000, "incomeTaxExpense": 12850000, "minorityInterest": {}, "netIncomeFromContinuingOps": 32142000, "discontinuedOperations": {}, "extraordinaryItems": {}, "effectOfAccountingCharges": {}, "otherItems": {}, "netIncome": 32142000, "netIncomeApplicableToCommonShares": 32142000}], "maxAge": 86400}, "cashflowStatementHistoryQuarterly": {"cashflowStatements": [{"maxAge": 1, "endDate": "2020-06-30", "netIncome": -6875000, "changeToLiabilities": 0}, {"maxAge": 1, "endDate": "2020-03-31", "netIncome": 42123000, "changeToLiabilities": 0}, {"maxAge": 1, "endDate": "2019-12-31", "netIncome": 37878000, "changeToLiabilities": 0}, {"maxAge": 1, "endDate": "2019-09-30", "netIncome": 32142000, "changeToLiabilities": 0}], "maxAge": 86400}, "insiderHolders": {"holders": [], "maxAge": 1}, "earnings": {"maxAge": 86400, "earningsChart": {"quarterly": [], "earningsDate": ["2020-09-15 05:30:S"]}, "financialsChart": {"yearly": [{"date": 2017, "revenue": 828840000, "earnings": 145143000}, {"date": 2018, "revenue": 962146000, "earnings": 162773000}, {"date": 2019, "revenue": 875087000, "earnings": 163330000}, {"date": 2020, "revenue": 827938000, "earnings": 134357000}], "quarterly": [{"date": "3Q2019", "revenue": 206848000, "earnings": 32142000}, {"date": "4Q2019", "revenue": 231911000, "earnings": 37878000}, {"date": "1Q2020", "revenue": 205835000, "earnings": 42123000}, {"date": "2Q2020", "revenue": 96757000, "earnings": -6875000}]}, "financialCurrency": "INR"}, "calendarEvents": {"maxAge": 1, "earnings": {"earningsDate": ["2020-09-15 05:30:S"]}}, "price": {"maxAge": 1, "regularMarketChangePercent": 0.0006320396, "regularMarketChange": 0.4500122, "regularMarketTime": "2021-04-30 15:24:55", "priceHint": 2, "regularMarketPrice": 712.45, "regularMarketDayHigh": 728.9, "regularMarketDayLow": 707.0, "regularMarketVolume": 258, "averageDailyVolume10Day": 389, "averageDailyVolume3Month": 386, "regularMarketPreviousClose": 712.0, "regularMarketSource": "FREE_REALTIME", "regularMarketOpen": 710.1, "exchange": "BSE", "exchangeName": "BSE", "exchangeDataDelayedBy": 0, "marketState": "CLOSED", "quoteType": "EQUITY", "symbol": "VELJAN.BO", "underlyingSymbol": null, "shortName": "VELJAN DENISON LIMITED", "longName": "Veljan Denison Limited", "currency": "INR", "quoteSourceName": "Delayed Quote", "currencySymbol": "\u20b9", "fromCurrency": null, "toCurrency": null, "lastMarket": null, "marketCap": 1603012480}, "balanceSheetHistory": {"balanceSheetStatements": [{"maxAge": 1, "endDate": "2020-03-31", "cash": 226688000, "shortTermInvestments": 25512000, "netReceivables": 396013000, "inventory": 375746000, "otherCurrentAssets": 123028000, "totalCurrentAssets": 1146987000, "propertyPlantEquipment": 622714000, "intangibleAssets": 621000, "otherAssets": 6617000, "totalAssets": 1776939000, "accountsPayable": 102311000, "otherCurrentLiab": 87863000, "otherLiab": 29074000, "totalCurrentLiabilities": 248953000, "totalLiab": 278027000, "commonStock": 22500000, "treasuryStock": 1476412000, "otherStockholderEquity": 1476412000, "totalStockholderEquity": 1498912000, "netTangibleAssets": 1498291000}, {"maxAge": 1, "endDate": "2019-03-31", "cash": 78500000, "shortTermInvestments": 254260000, "netReceivables": 650436000, "inventory": 284123000, "otherCurrentAssets": 81020000, "totalCurrentAssets": 1350882000, "longTermInvestments": 6980000, "propertyPlantEquipment": 482651000, "intangibleAssets": 1277000, "otherAssets": 6980000, "totalAssets": 1841790000, "accountsPayable": 100281000, "shortLongTermDebt": 13435000, "otherCurrentLiab": 24542000, "longTermDebt": 3333000, "otherLiab": 27454000, "totalCurrentLiabilities": 391467000, "totalLiab": 422254000, "commonStock": 22500000, "retainedEarnings": 1390956000, "treasuryStock": 1580000, "capitalSurplus": 4500000, "otherStockholderEquity": 1580000, "totalStockholderEquity": 1419536000, "netTangibleAssets": 1418259000}, {"maxAge": 1, "endDate": "2018-03-31", "cash": 224840000, "shortTermInvestments": 129845000, "netReceivables": 741136000, "inventory": 205416000, "otherCurrentAssets": 39736000, "totalCurrentAssets": 1345006000, "propertyPlantEquipment": 296697000, "intangibleAssets": 2099000, "otherAssets": 6936000, "totalAssets": 1650738000, "accountsPayable": 20167000, "shortLongTermDebt": 13685000, "otherCurrentLiab": 24786000, "longTermDebt": 16521000, "otherLiab": 35539000, "totalCurrentLiabilities": 315391000, "totalLiab": 367451000, "commonStock": 22500000, "retainedEarnings": 1254707000, "treasuryStock": 1580000, "capitalSurplus": 4500000, "otherStockholderEquity": 1580000, "totalStockholderEquity": 1283287000, "netTangibleAssets": 1281188000}, {"maxAge": 1, "endDate": "2017-03-31", "cash": 276797000, "shortTermInvestments": 120233000, "netReceivables": 641651000, "inventory": 216953000, "otherCurrentAssets": 71163000, "totalCurrentAssets": 1329106000, "propertyPlantEquipment": 270217000, "intangibleAssets": 666000, "otherAssets": 6988000, "totalAssets": 1606977000, "accountsPayable": 20245000, "shortLongTermDebt": 13738000, "otherCurrentLiab": 22072000, "longTermDebt": 29749000, "otherLiab": 40979000, "totalCurrentLiabilities": 388654000, "totalLiab": 459382000, "commonStock": 22500000, "retainedEarnings": 1119015000, "treasuryStock": 1580000, "capitalSurplus": 4500000, "otherStockholderEquity": 1580000, "totalStockholderEquity": 1147595000, "netTangibleAssets": 1146929000}], "maxAge": 86400}, "earningsTrend": {"trend": [{"maxAge": 1, "period": "0q", "endDate": null, "growth": {}, "earningsEstimate": {"avg": 0.0, "low": 0.0, "high": 0.0, "yearAgoEps": {}, "numberOfAnalysts": 0, "growth": {}}, "revenueEstimate": {"avg": 0, "low": 0, "high": 0, "numberOfAnalysts": 0, "yearAgoRevenue": {}, "growth": {}}, "epsTrend": {"current": 0.0, "7daysAgo": 0.0, "30daysAgo": 0.0, "60daysAgo": 0.0, "90daysAgo": 0.0}, "epsRevisions": {"upLast7days": 0, "upLast30days": 0, "downLast30days": 0, "downLast90days": {}}}, {"maxAge": 1, "period": "+1q", "endDate": null, "growth": {}, "earningsEstimate": {"avg": 0.0, "low": 0.0, "high": 0.0, "yearAgoEps": {}, "numberOfAnalysts": 0, "growth": {}}, "revenueEstimate": {"avg": 0, "low": 0, "high": 0, "numberOfAnalysts": 0, "yearAgoRevenue": {}, "growth": {}}, "epsTrend": {"current": 0.0, "7daysAgo": 0.0, "30daysAgo": 0.0, "60daysAgo": 0.0, "90daysAgo": 0.0}, "epsRevisions": {"upLast7days": 0, "upLast30days": 0, "downLast30days": 0, "downLast90days": {}}}, {"maxAge": 1, "period": "0y", "endDate": null, "growth": {}, "earningsEstimate": {"avg": 0.0, "low": 0.0, "high": 0.0, "yearAgoEps": {}, "numberOfAnalysts": 0, "growth": {}}, "revenueEstimate": {"avg": 0, "low": 0, "high": 0, "numberOfAnalysts": 0, "yearAgoRevenue": {}, "growth": {}}, "epsTrend": {"current": 0.0, "7daysAgo": 0.0, "30daysAgo": 0.0, "60daysAgo": 0.0, "90daysAgo": 0.0}, "epsRevisions": {"upLast7days": 0, "upLast30days": 0, "downLast30days": 0, "downLast90days": {}}}, {"maxAge": 1, "period": "+1y", "endDate": null, "growth": {}, "earningsEstimate": {"avg": 0.0, "low": 0.0, "high": 0.0, "yearAgoEps": {}, "numberOfAnalysts": 0, "growth": {}}, "revenueEstimate": {"avg": 0, "low": 0, "high": 0, "numberOfAnalysts": 0, "yearAgoRevenue": {}, "growth": {}}, "epsTrend": {"current": 0.0, "7daysAgo": 0.0, "30daysAgo": 0.0, "60daysAgo": 0.0, "90daysAgo": 0.0}, "epsRevisions": {"upLast7days": 0, "upLast30days": 0, "downLast30days": 0, "downLast90days": {}}}, {"maxAge": 1, "period": "+5y", "endDate": null, "growth": {}, "earningsEstimate": {"avg": {}, "low": {}, "high": {}, "yearAgoEps": {}, "numberOfAnalysts": {}, "growth": {}}, "revenueEstimate": {"avg": {}, "low": {}, "high": {}, "numberOfAnalysts": {}, "yearAgoRevenue": {}, "growth": {}}, "epsTrend": {"current": {}, "7daysAgo": {}, "30daysAgo": {}, "60daysAgo": {}, "90daysAgo": {}}, "epsRevisions": {"upLast7days": {}, "upLast30days": {}, "downLast30days": {}, "downLast90days": {}}}, {"maxAge": 1, "period": "-5y", "endDate": null, "growth": {}, "earningsEstimate": {"avg": {}, "low": {}, "high": {}, "yearAgoEps": {}, "numberOfAnalysts": {}, "growth": {}}, "revenueEstimate": {"avg": {}, "low": {}, "high": {}, "numberOfAnalysts": {}, "yearAgoRevenue": {}, "growth": {}}, "epsTrend": {"current": {}, "7daysAgo": {}, "30daysAgo": {}, "60daysAgo": {}, "90daysAgo": {}}, "epsRevisions": {"upLast7days": {}, "upLast30days": {}, "downLast30days": {}, "downLast90days": {}}}], "maxAge": 1}, "financialData": {"maxAge": 86400, "currentPrice": 712.45, "recommendationKey": "none", "grossProfits": 421725000, "financialCurrency": "INR"}}}