{"VENKEYS.NS": {"assetProfile": {"address1": "Venkateshwara House", "address2": "S.No. 114/A/2 Pune-Sinhagad Road Vitthlwadi", "city": "Pune", "zip": "411030", "country": "India", "phone": "91 20 2425 1530", "fax": "91 20 2425 1077", "website": "http://www.venkys.com", "industry": "Farm Products", "sector": "Consumer Defensive", "longBusinessSummary": "Venky's (India) Limited engages in the production and sale of poultry products in India. It operates through three segments: Poultry and Poultry Products, Animal Health Products, and Oilseed. The Poultry and Poultry Products segment produces and sells day old broiler and layer chicks, specific pathogen free eggs, processed chicken products, poultry feeds, and other miscellaneous poultry products. The Animal Health Products segment produces and sells medicines and other health products for birds. The Oilseed segment produces and sells edible refined soya oil and soya de-oiled cake. It also operates quick service restaurant under the Venky's XPRS name. The company was formerly known as Western Hatcheries Limited and changed its name to Venky's (India) Limited. The company was incorporated in 1976 and is based in Pune, India. Venky's (India) Limited is a subsidiary of Venkateshwara Hatcheries Private Limited.", "fullTimeEmployees": 5776, "companyOfficers": [{"maxAge": 1, "name": "Mr. B. Balaji Rao", "age": 47, "title": "MD & Exec. Director", "yearBorn": 1973, "fiscalYear": 2020, "totalPay": 2798973, "exercisedValue": 0, "unexercisedValue": 0}, {"maxAge": 1, "name": "Mr. Jiwan Kumar Handa", "age": 61, "title": "CFO & GM of Accounts and Fin.", "yearBorn": 1959, "exercisedValue": 0, "unexercisedValue": 0}, {"maxAge": 1, "name": "Danveer  Singh", "age": 51, "title": "Gen. Mang. of Operations", "yearBorn": 1969, "exercisedValue": 0, "unexercisedValue": 0}, {"maxAge": 1, "name": "Mr. Rohan Ajay Bhagwat", "title": "Company Sec. & Compliance Officer", "fiscalYear": 2018, "exercisedValue": 0, "unexercisedValue": 0}, {"maxAge": 1, "name": "Vijay  Tijare", "age": 60, "title": "Gen. Mang. of Sales & Marketing", "yearBorn": 1960, "exercisedValue": 0, "unexercisedValue": 0}, {"maxAge": 1, "name": "Deepak  Khosla", "age": 55, "title": "Gen. Mang. of Marketing", "yearBorn": 1965, "exercisedValue": 0, "unexercisedValue": 0}], "compensationAsOfEpochDate": "2020-12-31 05:30:00", "maxAge": 86400}, "cashflowStatementHistory": {"cashflowStatements": [{"maxAge": 1, "endDate": "2020-03-31", "netIncome": -271626000, "depreciation": 341091000, "changeToNetincome": 76912000, "changeToAccountReceivables": -1474220000, "changeToLiabilities": 1044292000, "changeToInventory": 1158115000, "changeToOperatingActivities": -294407000, "totalCashFromOperatingActivities": 581596000, "capitalExpenditures": -836611000, "investments": 452000, "otherCashflowsFromInvestingActivities": 300617000, "totalCashflowsFromInvestingActivities": -530439000, "dividendsPaid": -134816000, "netBorrowings": 360841000, "otherCashflowsFromFinancingActivities": -318588000, "totalCashFromFinancingActivities": -92563000, "changeInCash": -41406000}, {"maxAge": 1, "endDate": "2019-03-31", "netIncome": 1741407000, "depreciation": 292382000, "changeToNetincome": -74623000, "changeToAccountReceivables": -173461000, "changeToLiabilities": 526666000, "changeToInventory": -769652000, "changeToOperatingActivities": 45239000, "totalCashFromOperatingActivities": 1589072000, "capitalExpenditures": -1018380000, "investments": -61000000, "otherCashflowsFromInvestingActivities": 694014000, "totalCashflowsFromInvestingActivities": -382663000, "dividendsPaid": -133262000, "netBorrowings": -735378000, "otherCashflowsFromFinancingActivities": -335597000, "totalCashFromFinancingActivities": -1204237000, "changeInCash": 2172000}, {"maxAge": 1, "endDate": "2018-03-31", "netIncome": 1997117000, "depreciation": 280589000, "changeToNetincome": 330467000, "changeToAccountReceivables": -242874000, "changeToLiabilities": 525410000, "changeToInventory": -464636000, "changeToOperatingActivities": 132426000, "totalCashFromOperatingActivities": 2559240000, "capitalExpenditures": -468513000, "investments": 20229000, "otherCashflowsFromInvestingActivities": 153822000, "totalCashflowsFromInvestingActivities": -292865000, "dividendsPaid": -100003000, "netBorrowings": -1867307000, "otherCashflowsFromFinancingActivities": -481022000, "totalCashFromFinancingActivities": -2448332000, "changeInCash": -181957000}, {"maxAge": 1, "endDate": "2017-03-31", "netIncome": 1247447000, "depreciation": 284255000, "changeToNetincome": 675258000, "changeToAccountReceivables": 765097000, "changeToLiabilities": -742774000, "changeToInventory": -111603000, "changeToOperatingActivities": -5576000, "totalCashFromOperatingActivities": 2112815000, "capitalExpenditures": -256828000, "investments": 2439000, "otherCashflowsFromInvestingActivities": 822873000, "totalCashflowsFromInvestingActivities": 571185000, "dividendsPaid": -83454000, "netBorrowings": -1965506000, "otherCashflowsFromFinancingActivities": -754617000, "totalCashFromFinancingActivities": -2803577000, "changeInCash": -119577000}], "maxAge": 86400}, "institutionOwnership": {"ownershipList": [], "maxAge": 1}, "majorHoldersBreakdown": {"maxAge": 1, "insidersPercentHeld": 0.68416, "institutionsPercentHeld": 0.00816, "institutionsFloatPercentHeld": 0.025829999, "institutionsCount": 10}, "balanceSheetHistoryQuarterly": {"balanceSheetStatements": [{"maxAge": 1, "endDate": "2020-12-31", "totalStockholderEquity": 9196800000, "netTangibleAssets": 9094100000}, {"maxAge": 1, "endDate": "2020-09-30", "cash": 1552500000, "shortTermInvestments": 237000000, "netReceivables": 3878700000, "inventory": 2946100000, "otherCurrentAssets": 81600000, "totalCurrentAssets": 8695900000, "longTermInvestments": 603500000, "propertyPlantEquipment": 6097400000, "goodWill": 101000000, "intangibleAssets": 1700000, "otherAssets": 416600000, "totalAssets": 15916100000, "accountsPayable": 3364400000, "shortLongTermDebt": 150600000, "otherCurrentLiab": 246400000, "longTermDebt": 166400000, "otherLiab": 323500000, "totalCurrentLiabilities": 6198900000, "totalLiab": 6719300000, "commonStock": 140900000, "treasuryStock": 9055900000, "otherStockholderEquity": 9055900000, "totalStockholderEquity": 9196800000, "netTangibleAssets": 9094100000}, {"maxAge": 1, "endDate": "2020-06-30", "totalStockholderEquity": 8362600000, "netTangibleAssets": 8259300000}, {"maxAge": 1, "endDate": "2020-03-31", "cash": 51619000, "netReceivables": 4599692000, "inventory": 2259422000, "otherCurrentAssets": 1530182000, "totalCurrentAssets": 8547226000, "propertyPlantEquipment": 6134886000, "goodWill": 100994000, "intangibleAssets": 2263000, "otherAssets": 1187710000, "totalAssets": 15973079000, "accountsPayable": 3854214000, "shortLongTermDebt": 273887000, "otherCurrentLiab": 169412000, "longTermDebt": 205838000, "otherLiab": 277646000, "totalCurrentLiabilities": 7054771000, "totalLiab": 7610456000, "commonStock": 140874000, "retainedEarnings": 8214760000, "treasuryStock": 6989000, "otherStockholderEquity": 6989000, "totalStockholderEquity": 8362623000, "netTangibleAssets": 8259366000}], "maxAge": 86400}, "indexTrend": {"maxAge": 1, "symbol": "SP5", "peRatio": 19.7411, "pegRatio": 1.34172, "estimates": [{"period": "0q", "growth": 0.549}, {"period": "+1q", "growth": 0.431}, {"period": "0y", "growth": 0.305}, {"period": "+1y", "growth": 0.109}, {"period": "+5y", "growth": 0.120865}, {"period": "-5y"}]}, "defaultKeyStatistics": {"maxAge": 1, "priceHint": 2, "enterpriseValue": 23037319168, "profitMargins": 0.03283, "floatShares": 4449333, "sharesOutstanding": 14087300, "heldPercentInsiders": 0.68416, "heldPercentInstitutions": 0.00816, "beta": 1.062128, "category": null, "bookValue": 652.831, "priceToBook": 2.3843079, "fundFamily": null, "legalType": null, "lastFiscalYearEnd": "2020-03-31 05:30:00", "nextFiscalYearEnd": "2022-03-31 05:30:00", "mostRecentQuarter": "2020-12-31 05:30:00", "netIncomeToCommon": 931073984, "trailingEps": 66.098, "forwardEps": 54.1, "lastSplitFactor": "2:3", "lastSplitDate": "2015-12-21 05:30:00", "enterpriseToRevenue": 0.812, "enterpriseToEbitda": 14.549}, "summaryProfile": {"address1": "Venkateshwara House", "address2": "S.No. 114/A/2 Pune-Sinhagad Road Vitthlwadi", "city": "Pune", "zip": "411030", "country": "India", "phone": "91 20 2425 1530", "fax": "91 20 2425 1077", "website": "http://www.venkys.com", "industry": "Farm Products", "sector": "Consumer Defensive", "longBusinessSummary": "Venky's (India) Limited engages in the production and sale of poultry products in India. It operates through three segments: Poultry and Poultry Products, Animal Health Products, and Oilseed. The Poultry and Poultry Products segment produces and sells day old broiler and layer chicks, specific pathogen free eggs, processed chicken products, poultry feeds, and other miscellaneous poultry products. The Animal Health Products segment produces and sells medicines and other health products for birds. The Oilseed segment produces and sells edible refined soya oil and soya de-oiled cake. It also operates quick service restaurant under the Venky's XPRS name. The company was formerly known as Western Hatcheries Limited and changed its name to Venky's (India) Limited. The company was incorporated in 1976 and is based in Pune, India. Venky's (India) Limited is a subsidiary of Venkateshwara Hatcheries Private Limited.", "fullTimeEmployees": 5776, "companyOfficers": [], "maxAge": 86400}, "netSharePurchaseActivity": {"maxAge": 1, "period": "6m", "buyInfoCount": 0, "buyInfoShares": 0, "sellInfoCount": 0, "netInfoCount": 0, "netInfoShares": 0, "netPercentInsiderShares": 0.0, "totalInsiderShares": 9637968}, "insiderTransactions": {"transactions": [{"maxAge": 1, "shares": 90000, "filerUrl": "", "transactionText": "", "filerName": "Desai (Anuradha Jitendra)", "filerRelation": "Non Executive Chairman", "moneyText": "", "startDate": "2013-10-25", "ownership": "D"}, {"maxAge": 1, "shares": 10043, "filerUrl": "", "transactionText": "", "filerName": "Reliance Capital Trustee Co Ltd - A/c Reliance Small Cap Fun", "filerRelation": "Investment Management Company", "moneyText": "", "startDate": "2013-04-08", "ownership": "D"}, {"maxAge": 1, "shares": 240718, "filerUrl": "", "transactionText": "", "filerName": "IDFC Small & Midcap Equity SME Fund", "filerRelation": "Investment Management Company", "moneyText": "", "startDate": "2011-07-01", "ownership": "D"}, {"maxAge": 1, "shares": 164000, "filerUrl": "", "transactionText": "", "filerName": "IDFC Small & Midcap Equity SME Fund", "filerRelation": "Investment Management Company", "moneyText": "", "startDate": "2011-02-08", "ownership": "D"}, {"maxAge": 1, "shares": 36681, "filerUrl": "", "transactionText": "", "filerName": "Venkateshwara Hatcheries Pvt Ltd", "filerRelation": "Institution- Corporation", "moneyText": "", "startDate": "2009-10-07", "ownership": "D"}, {"maxAge": 1, "shares": 7447, "filerUrl": "", "transactionText": "", "filerName": "Venkateshwara Hatcheries Pvt Ltd", "filerRelation": "Institution- Corporation", "moneyText": "", "startDate": "2009-10-01", "ownership": "D"}, {"maxAge": 1, "shares": 1834, "filerUrl": "", "transactionText": "", "filerName": "Venkateshwara Hatcheries Pvt Ltd", "filerRelation": "Institution- Corporation", "moneyText": "", "startDate": "2009-09-17", "ownership": "D"}, {"maxAge": 1, "shares": 8991, "filerUrl": "", "transactionText": "", "filerName": "Venkateshwara Hatcheries Pvt Ltd", "filerRelation": "Institution- Corporation", "moneyText": "", "startDate": "2009-09-02", "ownership": "D"}], "maxAge": 1}, "quoteType": {"exchange": "NSI", "quoteType": "EQUITY", "symbol": "VENKEYS.NS", "underlyingSymbol": "VENKEYS.NS", "shortName": "VENKY'S (INDIA)", "longName": "Venky's (India) Limited", "firstTradeDateEpochUtc": "2002-07-01 09:15:00", "timeZoneFullName": "Asia/Kolkata", "timeZoneShortName": "IST", "uuid": "b2e3ece1-558e-3499-a609-fb77cd861151", "gmtOffSetMilliseconds": 19800000, "maxAge": 1}, "incomeStatementHistory": {"incomeStatementHistory": [{"maxAge": 1, "endDate": "2020-03-31", "totalRevenue": 32610233000, "costOfRevenue": 27380473000, "grossProfit": 5229760000, "researchDevelopment": {}, "sellingGeneralAdministrative": 2423713000, "nonRecurring": {}, "otherOperatingExpenses": 3005415000, "totalOperatingExpenses": 33152131000, "operatingIncome": -541898000, "totalOtherIncomeExpenseNet": 44836000, "ebit": -541898000, "interestExpense": -295063000, "incomeBeforeTax": -497062000, "incomeTaxExpense": -225436000, "minorityInterest": {}, "netIncomeFromContinuingOps": -271626000, "discontinuedOperations": {}, "extraordinaryItems": {}, "effectOfAccountingCharges": {}, "otherItems": {}, "netIncome": -271626000, "netIncomeApplicableToCommonShares": -271626000}, {"maxAge": 1, "endDate": "2019-03-31", "totalRevenue": 30431351000, "costOfRevenue": 22259153000, "grossProfit": 8172198000, "researchDevelopment": {}, "sellingGeneralAdministrative": 2125573000, "nonRecurring": {}, "otherOperatingExpenses": 2924651000, "totalOperatingExpenses": 27602873000, "operatingIncome": 2828478000, "totalOtherIncomeExpenseNet": -63241000, "ebit": 2828478000, "interestExpense": -315486000, "incomeBeforeTax": 2765237000, "incomeTaxExpense": 1023830000, "minorityInterest": {}, "netIncomeFromContinuingOps": 1741407000, "discontinuedOperations": {}, "extraordinaryItems": {}, "effectOfAccountingCharges": {}, "otherItems": {}, "netIncome": 1741407000, "netIncomeApplicableToCommonShares": 1741407000}, {"maxAge": 1, "endDate": "2018-03-31", "totalRevenue": 26862123000, "costOfRevenue": 18718616000, "grossProfit": 8143507000, "researchDevelopment": {}, "sellingGeneralAdministrative": 1830220000, "nonRecurring": {}, "otherOperatingExpenses": 2430484000, "totalOperatingExpenses": 23260650000, "operatingIncome": 3601473000, "totalOtherIncomeExpenseNet": -231886000, "ebit": 3601473000, "interestExpense": -498743000, "incomeBeforeTax": 3369587000, "incomeTaxExpense": 1372470000, "minorityInterest": {}, "netIncomeFromContinuingOps": 1997117000, "discontinuedOperations": {}, "extraordinaryItems": {}, "effectOfAccountingCharges": {}, "otherItems": {}, "netIncome": 1997117000, "netIncomeApplicableToCommonShares": 1997117000}, {"maxAge": 1, "endDate": "2017-03-31", "totalRevenue": 24755786000, "costOfRevenue": 18064170000, "grossProfit": 6691616000, "researchDevelopment": {}, "sellingGeneralAdministrative": 1593097000, "nonRecurring": {}, "otherOperatingExpenses": 2320455000, "totalOperatingExpenses": 22262688000, "operatingIncome": 2493098000, "totalOtherIncomeExpenseNet": -434116000, "ebit": 2493098000, "interestExpense": -770704000, "incomeBeforeTax": 2058982000, "incomeTaxExpense": 811535000, "minorityInterest": {}, "netIncomeFromContinuingOps": 1247447000, "discontinuedOperations": {}, "extraordinaryItems": {}, "effectOfAccountingCharges": {}, "otherItems": {}, "netIncome": 1247447000, "netIncomeApplicableToCommonShares": 1247447000}], "maxAge": 86400}, "fundOwnership": {"ownershipList": [{"maxAge": 1, "reportDate": "2021-01-31", "organization": "DFA Emerging Markets Core Equity Portfolio", "pctHeld": 0.0033000002, "position": 46703, "value": 70783066}, {"maxAge": 1, "reportDate": "2021-01-31", "organization": "DFA Emerging Markets Small Cap Series", "pctHeld": 0.0015, "position": 21527, "value": 32626321}, {"maxAge": 1, "reportDate": "2021-03-31", "organization": "SPDR Portfolio Emerging Markets ETF", "pctHeld": 0.0008, "position": 11752, "value": 18281411}, {"maxAge": 1, "reportDate": "2021-01-31", "organization": "DFA T.A. World Ex U.S. Core Equity Portfolio", "pctHeld": 0.0002, "position": 2499, "value": 3787484}, {"maxAge": 1, "reportDate": "2021-01-31", "organization": "DFA Investment Dimensions-Emerging Markets Social Core Equity", "pctHeld": 0.0001, "position": 1887, "value": 2859937}, {"maxAge": 1, "reportDate": "2021-01-31", "organization": "DFA Investment Dimensions-World Ex U.S. Core Equity Port", "pctHeld": 0.0001, "position": 1846, "value": 2797797}], "maxAge": 1}, "summaryDetail": {"maxAge": 1, "priceHint": 2, "previousClose": 1572.95, "open": 1569.75, "dayLow": 1552.1, "dayHigh": 1584.0, "regularMarketPreviousClose": 1572.95, "regularMarketOpen": 1569.75, "regularMarketDayLow": 1552.1, "regularMarketDayHigh": 1584.0, "exDividendDate": "2019-09-19 05:30:00", "payoutRatio": 0.0, "beta": 1.062128, "trailingPE": 23.549126, "forwardPE": 28.77172, "volume": 29084, "regularMarketVolume": 29084, "averageVolume": 149614, "averageVolume10days": 42574, "averageDailyVolume10Day": 42574, "bid": 0.0, "ask": 0.0, "bidSize": 0, "askSize": 0, "marketCap": 21885872128, "fiftyTwoWeekLow": 835.0, "fiftyTwoWeekHigh": 1825.0, "priceToSalesTrailing12Months": 0.77167726, "fiftyDayAverage": 1604.1912, "twoHundredDayAverage": 1577.0121, "trailingAnnualDividendRate": 5.0, "trailingAnnualDividendYield": 0.0031787406, "currency": "INR", "fromCurrency": null, "lastMarket": null, "algorithm": null, "tradeable": false}, "incomeStatementHistoryQuarterly": {"incomeStatementHistory": [{"maxAge": 1, "endDate": "2020-12-31", "totalRevenue": 9316800000, "costOfRevenue": 6481400000, "grossProfit": 2835400000, "researchDevelopment": {}, "sellingGeneralAdministrative": 552600000, "nonRecurring": {}, "otherOperatingExpenses": 804000000, "totalOperatingExpenses": 7926100000, "operatingIncome": 1390700000, "totalOtherIncomeExpenseNet": 34800000, "ebit": 1390700000, "interestExpense": -55000000, "incomeBeforeTax": 1425500000, "incomeTaxExpense": 360500000, "minorityInterest": {}, "netIncomeFromContinuingOps": 1065000000, "discontinuedOperations": {}, "extraordinaryItems": {}, "effectOfAccountingCharges": {}, "otherItems": {}, "netIncome": 1065000000, "netIncomeApplicableToCommonShares": 1065000000}, {"maxAge": 1, "endDate": "2020-09-30", "totalRevenue": 7020600000, "costOfRevenue": 5233000000, "grossProfit": 1787600000, "researchDevelopment": {}, "sellingGeneralAdministrative": 506400000, "nonRecurring": {}, "otherOperatingExpenses": 704400000, "totalOperatingExpenses": 6531800000, "operatingIncome": 488800000, "totalOtherIncomeExpenseNet": -2600000, "ebit": 488800000, "interestExpense": -78600000, "incomeBeforeTax": 486200000, "incomeTaxExpense": 122600000, "minorityInterest": {}, "netIncomeFromContinuingOps": 363600000, "discontinuedOperations": {}, "extraordinaryItems": {}, "effectOfAccountingCharges": {}, "otherItems": {}, "netIncome": 363600000, "netIncomeApplicableToCommonShares": 363600000}, {"maxAge": 1, "endDate": "2020-06-30", "totalRevenue": 5415400000, "costOfRevenue": 3695000000, "grossProfit": 1720400000, "researchDevelopment": {}, "sellingGeneralAdministrative": 490300000, "nonRecurring": {}, "otherOperatingExpenses": 509700000, "totalOperatingExpenses": 4784000000, "operatingIncome": 631400000, "totalOtherIncomeExpenseNet": -1600000, "ebit": 631400000, "interestExpense": -78800000, "incomeBeforeTax": 629800000, "incomeTaxExpense": 160000000, "minorityInterest": {}, "netIncomeFromContinuingOps": 469800000, "discontinuedOperations": {}, "extraordinaryItems": {}, "effectOfAccountingCharges": {}, "otherItems": {}, "netIncome": 469800000, "netIncomeApplicableToCommonShares": 469800000}, {"maxAge": 1, "endDate": "2020-03-31", "totalRevenue": 6608633000, "costOfRevenue": 6720273000, "grossProfit": -111640000, "researchDevelopment": {}, "sellingGeneralAdministrative": 782913000, "nonRecurring": {}, "otherOperatingExpenses": 266615000, "totalOperatingExpenses": 7874331000, "operatingIncome": -1265698000, "totalOtherIncomeExpenseNet": -25764000, "ebit": -1265698000, "interestExpense": -98163000, "incomeBeforeTax": -1291462000, "incomeTaxExpense": -324136000, "minorityInterest": {}, "netIncomeFromContinuingOps": -967326000, "discontinuedOperations": {}, "extraordinaryItems": {}, "effectOfAccountingCharges": {}, "otherItems": {}, "netIncome": -967326000, "netIncomeApplicableToCommonShares": -967326000}], "maxAge": 86400}, "cashflowStatementHistoryQuarterly": {"cashflowStatements": [{"maxAge": 1, "endDate": "2020-12-31", "netIncome": 1065000000, "changeToLiabilities": 0}, {"maxAge": 1, "endDate": "2020-09-30", "netIncome": 363600000, "changeToLiabilities": 0}, {"maxAge": 1, "endDate": "2020-06-30", "netIncome": 469800000, "changeToLiabilities": 0}, {"maxAge": 1, "endDate": "2020-03-31", "netIncome": -967326000, "changeToLiabilities": 0}], "maxAge": 86400}, "insiderHolders": {"holders": [{"maxAge": 1, "name": "Desai (Anuradha Jitendra)", "relation": "Non Executive Chairman", "url": "", "transactionDescription": "Sale", "latestTransDate": "2013-10-25", "positionDirect": 321951, "positionDirectDate": "2013-10-25"}, {"maxAge": 1, "name": "IDFC Small & Midcap Equity SME Fund", "relation": "Investment Management Company", "url": "", "transactionDescription": "Sale", "latestTransDate": "2011-07-01", "positionDirect": 300000, "positionDirectDate": "2011-07-01"}, {"maxAge": 1, "name": "Reliance Capital Trustee Co Ltd - A/c Reliance Small Cap Fun", "relation": "Investment Management Company", "url": "", "transactionDescription": "Acquisition", "latestTransDate": "2013-04-08", "positionDirect": 469597, "positionDirectDate": "2013-04-08"}, {"maxAge": 1, "name": "Venkateshwara Hatcheries Pvt Ltd", "relation": "Institution- Corporation", "url": "", "transactionDescription": "Acquisition", "latestTransDate": "2009-10-07", "positionDirect": 4699043, "positionDirectDate": "2009-10-07"}], "maxAge": 1}, "calendarEvents": {"maxAge": 1, "earnings": {"earningsDate": ["2018-02-07 05:30:S", "2018-02-12 05:30:S"]}, "exDividendDate": "2019-09-19 05:30:00"}, "upgradeDowngradeHistory": {"history": [], "maxAge": 86400}, "price": {"maxAge": 1, "regularMarketChangePercent": -0.010426207, "regularMarketChange": -16.399902, "regularMarketTime": "2021-04-30 15:29:57", "priceHint": 2, "regularMarketPrice": 1556.55, "regularMarketDayHigh": 1584.0, "regularMarketDayLow": 1552.1, "regularMarketVolume": 29084, "averageDailyVolume10Day": 42574, "averageDailyVolume3Month": 149614, "regularMarketPreviousClose": 1572.95, "regularMarketSource": "FREE_REALTIME", "regularMarketOpen": 1569.75, "exchange": "NSI", "exchangeName": "NSE", "exchangeDataDelayedBy": 15, "marketState": "CLOSED", "quoteType": "EQUITY", "symbol": "VENKEYS.NS", "underlyingSymbol": null, "shortName": "VENKY'S (INDIA)", "longName": "Venky's (India) Limited", "currency": "INR", "quoteSourceName": "Delayed Quote", "currencySymbol": "\u20b9", "fromCurrency": null, "lastMarket": null, "marketCap": 21885872128}, "balanceSheetHistory": {"balanceSheetStatements": [{"maxAge": 1, "endDate": "2020-03-31", "cash": 51619000, "netReceivables": 4599692000, "inventory": 2259422000, "otherCurrentAssets": 1530182000, "totalCurrentAssets": 8547226000, "propertyPlantEquipment": 6134886000, "goodWill": 100994000, "intangibleAssets": 2263000, "otherAssets": 1187710000, "totalAssets": 15973079000, "accountsPayable": 3854214000, "shortLongTermDebt": 273887000, "otherCurrentLiab": 169412000, "longTermDebt": 205838000, "otherLiab": 277646000, "totalCurrentLiabilities": 7054771000, "totalLiab": 7610456000, "commonStock": 140874000, "retainedEarnings": 8214760000, "treasuryStock": 6989000, "otherStockholderEquity": 6989000, "totalStockholderEquity": 8362623000, "netTangibleAssets": 8259366000}, {"maxAge": 1, "endDate": "2019-03-31", "cash": 93025000, "netReceivables": 3253818000, "inventory": 3944551000, "otherCurrentAssets": 1479050000, "totalCurrentAssets": 8903484000, "longTermInvestments": 729200000, "propertyPlantEquipment": 5572485000, "goodWill": 100994000, "intangibleAssets": 1240000, "otherAssets": 995083000, "totalAssets": 15573286000, "accountsPayable": 2805885000, "shortLongTermDebt": 382857000, "otherCurrentLiab": 663442000, "longTermDebt": 399321000, "otherLiab": 482212000, "totalCurrentLiabilities": 5876830000, "totalLiab": 6758363000, "commonStock": 140874000, "retainedEarnings": 8666429000, "treasuryStock": 7620000, "otherStockholderEquity": 7620000, "totalStockholderEquity": 8814923000, "netTangibleAssets": 8712689000}, {"maxAge": 1, "endDate": "2018-03-31", "cash": 90853000, "netReceivables": 3247809000, "inventory": 2983393000, "otherCurrentAssets": 1575839000, "totalCurrentAssets": 7938263000, "propertyPlantEquipment": 4763820000, "goodWill": 126774000, "intangibleAssets": 2171000, "otherAssets": 1480900000, "totalAssets": 14311928000, "accountsPayable": 2274763000, "shortLongTermDebt": 1036624000, "otherCurrentLiab": 700413000, "longTermDebt": 738628000, "otherLiab": 461964000, "totalCurrentLiabilities": 5899744000, "totalLiab": 7100336000, "commonStock": 140874000, "retainedEarnings": 7068936000, "treasuryStock": 1782000, "otherStockholderEquity": 1782000, "totalStockholderEquity": 7211592000, "netTangibleAssets": 7082647000}, {"maxAge": 1, "endDate": "2017-03-31", "cash": 272810000, "shortTermInvestments": 20017000, "netReceivables": 2923196000, "inventory": 2466550000, "otherCurrentAssets": 1525528000, "totalCurrentAssets": 7234866000, "propertyPlantEquipment": 4635570000, "goodWill": 126774000, "intangibleAssets": 289000, "otherAssets": 1606943000, "totalAssets": 13604442000, "accountsPayable": 1748925000, "shortLongTermDebt": 747228000, "otherCurrentLiab": 485831000, "longTermDebt": 1690668000, "otherLiab": 400996000, "totalCurrentLiabilities": 6202361000, "totalLiab": 8294025000, "commonStock": 140874000, "retainedEarnings": 5168019000, "treasuryStock": 1524000, "otherStockholderEquity": 1524000, "totalStockholderEquity": 5310417000, "netTangibleAssets": 5183354000}], "maxAge": 86400}, "financialData": {"maxAge": 86400, "currentPrice": 1556.55, "recommendationKey": "none", "totalCash": 1789500032, "totalCashPerShare": 127.029, "ebitda": 1583388544, "totalDebt": 2668199936, "totalRevenue": 28361433088, "debtToEquity": 29.012, "revenuePerShare": 2013.411, "grossProfits": 5229760000, "revenueGrowth": 0.058, "grossMargins": 0.21972999, "ebitdaMargins": 0.05583, "operatingMargins": 0.043899998, "profitMargins": 0.03283, "financialCurrency": "INR"}}}