{"VENUSREM.NS": {"assetProfile": {"address1": "Plot 51-52, Industrial Area", "address2": "Phase-1", "city": "Panchkula", "zip": "134113", "country": "India", "phone": "91 17 2393 3090", "fax": "91 17 2256 5566", "website": "http://www.venusremedies.com", "industry": "Drug Manufacturers\u2014Specialty & Generic", "sector": "Healthcare", "longBusinessSummary": "Venus Remedies Limited, a pharmaceutical company, manufactures and trades in medicines in India and internationally. The company offers Sterloc, a super oxidized solution; Swachh Guard, an alcohol-based instant hand sanitizer; Trois Spray, a nanotech emulsion; and Trois Tablet to manage acute pain with topical applications. It offers its products in various therapeutic segments comprising analgesic, analgesic and antipyretic, anti-diabetic, antibiotic, cardiac, disinfectant and antiseptic, gastro therapy, hand sanitizers, hormones, iron supplements, neurology, oncology, pain management, respiratory, skin care, stress reliever, urology, vitamins/minerals/nutrients, and wound management. The company was founded in 1989 and is based in Panchkula, India.", "fullTimeEmployees": 909, "companyOfficers": [{"maxAge": 1, "name": "Mr. Pawan  Chaudhary", "age": 56, "title": "Chairman, MD & CFO", "yearBorn": 1964, "fiscalYear": 2020, "totalPay": 6343370, "exercisedValue": 0, "unexercisedValue": 0}, {"maxAge": 1, "name": "Mr. Ashutosh  Jain", "age": 43, "title": "CEO, Head of Legal, Regulatory & Admin. Dept. and Exec. Director", "yearBorn": 1977, "fiscalYear": 2020, "totalPay": 3348622, "exercisedValue": 0, "unexercisedValue": 0}, {"maxAge": 1, "name": "Dr. Manu  Chaudhary", "age": 51, "title": "Joint MD, Head of Research, Devel. & Operations and Whole-Time Director", "yearBorn": 1969, "fiscalYear": 2020, "totalPay": 6044544, "exercisedValue": 0, "unexercisedValue": 0}, {"maxAge": 1, "name": "Mr. Peeyush  Jain", "age": 48, "title": "Deputy MD, Head of Indian Marketing Operations & Whole-Time Director", "yearBorn": 1972, "fiscalYear": 2020, "totalPay": 3777231, "exercisedValue": 0, "unexercisedValue": 0}, {"maxAge": 1, "name": "Mr. Ajeet  Kapoor", "title": "Chief Gen. Mang. of Accounts", "exercisedValue": 0, "unexercisedValue": 0}, {"maxAge": 1, "name": "Dr. S. M. Srivastava", "title": "Deputy Gen. Mang. of Technical", "exercisedValue": 0, "unexercisedValue": 0}, {"maxAge": 1, "name": "Mr. Akshansh  Chaudhary", "title": "CTO & Pres of HR", "exercisedValue": 0, "unexercisedValue": 0}, {"maxAge": 1, "name": "Ms. Neha  Kodan", "title": "Company Sec. & Compliance Officer", "exercisedValue": 0, "unexercisedValue": 0}, {"maxAge": 1, "name": "Ms. Deepika  Kalia", "title": "Gen. Mang. of HR", "exercisedValue": 0, "unexercisedValue": 0}, {"maxAge": 1, "name": "Mr. Manav  Soni", "title": "Sr. VP of Plant & Commercial", "exercisedValue": 0, "unexercisedValue": 0}], "compensationAsOfEpochDate": "2020-12-31 05:30:00", "maxAge": 86400}, "cashflowStatementHistory": {"cashflowStatements": [{"maxAge": 1, "endDate": "2020-03-31", "netIncome": -99993000, "depreciation": 285224000, "changeToNetincome": 347687000, "changeToLiabilities": 0, "changeToOperatingActivities": 202282000, "totalCashFromOperatingActivities": 770098000, "capitalExpenditures": -77808000, "otherCashflowsFromInvestingActivities": 3396000, "totalCashflowsFromInvestingActivities": -47483000, "netBorrowings": -609376000, "otherCashflowsFromFinancingActivities": -120646000, "totalCashFromFinancingActivities": -730022000, "effectOfExchangeRate": 556000, "changeInCash": -6852000}, {"maxAge": 1, "endDate": "2019-03-31", "netIncome": -285747000, "depreciation": 339800000, "changeToNetincome": 345536000, "changeToLiabilities": 0, "changeToOperatingActivities": 53682000, "totalCashFromOperatingActivities": 453271000, "capitalExpenditures": -99244000, "otherCashflowsFromInvestingActivities": 2416000, "totalCashflowsFromInvestingActivities": -113323000, "netBorrowings": -127992000, "otherCashflowsFromFinancingActivities": -223679000, "totalCashFromFinancingActivities": -351671000, "effectOfExchangeRate": 556000, "changeInCash": -11723000}, {"maxAge": 1, "endDate": "2018-03-31", "netIncome": -306918000, "depreciation": 338327000, "changeToNetincome": 355678000, "changeToLiabilities": 0, "changeToOperatingActivities": -75217000, "totalCashFromOperatingActivities": 311870000, "capitalExpenditures": -132731000, "otherCashflowsFromInvestingActivities": 17375000, "totalCashflowsFromInvestingActivities": -114812000, "netBorrowings": -69864000, "otherCashflowsFromFinancingActivities": -322416000, "totalCashFromFinancingActivities": -392280000, "effectOfExchangeRate": 556000, "changeInCash": -195222000}, {"maxAge": 1, "endDate": "2017-03-31", "netIncome": -170807000, "depreciation": 402564000, "changeToNetincome": 257960000, "changeToLiabilities": 0, "changeToOperatingActivities": 99606000, "totalCashFromOperatingActivities": 589323000, "capitalExpenditures": -227933000, "otherCashflowsFromInvestingActivities": 47437000, "totalCashflowsFromInvestingActivities": -183169000, "netBorrowings": -114622000, "otherCashflowsFromFinancingActivities": -326646000, "totalCashFromFinancingActivities": -441268000, "effectOfExchangeRate": 556000, "changeInCash": -35114000}], "maxAge": 86400}, "institutionOwnership": {"ownershipList": [], "maxAge": 1}, "majorHoldersBreakdown": {"maxAge": 1, "insidersPercentHeld": 0.17773001, "institutionsPercentHeld": 0.0, "institutionsFloatPercentHeld": 0.0, "institutionsCount": 0}, "balanceSheetHistoryQuarterly": {"balanceSheetStatements": [{"maxAge": 1, "endDate": "2020-12-31", "totalStockholderEquity": 3382650000, "netTangibleAssets": 2371590000}, {"maxAge": 1, "endDate": "2020-09-30", "cash": 60670000, "shortTermInvestments": 6720000, "netReceivables": 551030000, "inventory": 1275020000, "otherCurrentAssets": 254760000, "totalCurrentAssets": 2148200000, "longTermInvestments": 50260000, "propertyPlantEquipment": 1983750000, "intangibleAssets": 1011060000, "otherAssets": 330120000, "totalAssets": 5523390000, "accountsPayable": 725080000, "otherCurrentLiab": 467660000, "longTermDebt": 480540000, "otherLiab": 258300000, "totalCurrentLiabilities": 1401900000, "totalLiab": 2140740000, "commonStock": 123420000, "treasuryStock": 3259230000, "otherStockholderEquity": 3259230000, "totalStockholderEquity": 3382650000, "netTangibleAssets": 2371590000}, {"maxAge": 1, "endDate": "2020-06-30", "totalStockholderEquity": 3233700000, "netTangibleAssets": 2179400000}, {"maxAge": 1, "endDate": "2020-03-31", "cash": 19424000, "netReceivables": 636760000, "inventory": 1411242000, "otherCurrentAssets": 809117000, "totalCurrentAssets": 2879517000, "propertyPlantEquipment": 2085704000, "intangibleAssets": 1054299000, "otherAssets": 357670000, "totalAssets": 6377190000, "accountsPayable": 366953000, "shortLongTermDebt": 628206000, "otherCurrentLiab": 41366000, "longTermDebt": 720533000, "otherLiab": 237690000, "totalCurrentLiabilities": 2185266000, "totalLiab": 3143489000, "commonStock": 123420000, "retainedEarnings": 2248495000, "treasuryStock": 105778000, "capitalSurplus": 756008000, "otherStockholderEquity": 105778000, "totalStockholderEquity": 3233701000, "netTangibleAssets": 2179402000}], "maxAge": 86400}, "indexTrend": {"maxAge": 1, "symbol": "SP5", "peRatio": 19.7411, "pegRatio": 1.34172, "estimates": [{"period": "0q", "growth": 0.549}, {"period": "+1q", "growth": 0.431}, {"period": "0y", "growth": 0.305}, {"period": "+1y", "growth": 0.109}, {"period": "+5y", "growth": 0.120865}, {"period": "-5y"}]}, "defaultKeyStatistics": {"maxAge": 1, "priceHint": 2, "enterpriseValue": 4529385984, "profitMargins": 0.04093, "floatShares": 5848365, "sharesOutstanding": 12342000, "heldPercentInsiders": 0.17773001, "heldPercentInstitutions": 0.0, "beta": 1.644129, "category": null, "bookValue": 273.967, "priceToBook": 1.1417433, "fundFamily": null, "legalType": null, "lastFiscalYearEnd": "2020-03-31 05:30:00", "nextFiscalYearEnd": "2022-03-31 05:30:00", "mostRecentQuarter": "2020-12-31 05:30:00", "netIncomeToCommon": 212756992, "trailingEps": 17.251, "lastSplitFactor": null, "enterpriseToRevenue": 0.871, "enterpriseToEbitda": 8.336}, "summaryProfile": {"address1": "Plot 51-52, Industrial Area", "address2": "Phase-1", "city": "Panchkula", "zip": "134113", "country": "India", "phone": "91 17 2393 3090", "fax": "91 17 2256 5566", "website": "http://www.venusremedies.com", "industry": "Drug Manufacturers\u2014Specialty & Generic", "sector": "Healthcare", "longBusinessSummary": "Venus Remedies Limited, a pharmaceutical company, manufactures and trades in medicines in India and internationally. The company offers Sterloc, a super oxidized solution; Swachh Guard, an alcohol-based instant hand sanitizer; Trois Spray, a nanotech emulsion; and Trois Tablet to manage acute pain with topical applications. It offers its products in various therapeutic segments comprising analgesic, analgesic and antipyretic, anti-diabetic, antibiotic, cardiac, disinfectant and antiseptic, gastro therapy, hand sanitizers, hormones, iron supplements, neurology, oncology, pain management, respiratory, skin care, stress reliever, urology, vitamins/minerals/nutrients, and wound management. The company was founded in 1989 and is based in Panchkula, India.", "fullTimeEmployees": 909, "companyOfficers": [], "maxAge": 86400}, "netSharePurchaseActivity": {"maxAge": 1, "period": "6m", "buyInfoCount": 0, "buyInfoShares": 0, "sellInfoCount": 0, "netInfoCount": 0, "netInfoShares": 0, "netPercentInsiderShares": 0.0, "totalInsiderShares": 2194325}, "insiderTransactions": {"transactions": [{"maxAge": 1, "shares": 587000, "value": 81064, "filerUrl": "", "transactionText": "Other at price 0.14 per share.", "filerName": "Chaudhary (Pawan)", "filerRelation": "Executive Chairman", "moneyText": "", "startDate": "2021-02-23", "ownership": "D"}, {"maxAge": 1, "shares": 518000, "value": 71535, "filerUrl": "", "transactionText": "Other at price 0.14 per share.", "filerName": "Chaudhary (Manu)", "filerRelation": "Promoter", "moneyText": "", "startDate": "2021-02-23", "ownership": "D"}, {"maxAge": 1, "shares": 466000, "filerUrl": "", "transactionText": "", "filerName": "Chaudhary (Pawan)", "filerRelation": "Executive Chairman", "moneyText": "", "startDate": "2017-03-18", "ownership": "D"}, {"maxAge": 1, "shares": 393000, "filerUrl": "", "transactionText": "", "filerName": "Chaudhary (Manu)", "filerRelation": "Joint Managing director", "moneyText": "", "startDate": "2017-03-18", "ownership": "D"}, {"maxAge": 1, "shares": 45144, "filerUrl": "", "transactionText": "", "filerName": "Merrill Lynch Capital Markets Espana S.A.S.V.", "filerRelation": "UNREPORTED", "moneyText": "", "startDate": "2015-02-16", "ownership": "D"}, {"maxAge": 1, "shares": 38392, "filerUrl": "", "transactionText": "", "filerName": "Morgan Stanley Mauritius Company Ltd.", "filerRelation": "Investment Management Company", "moneyText": "", "startDate": "2014-11-26", "ownership": "D"}, {"maxAge": 1, "shares": 72000, "filerUrl": "", "transactionText": "", "filerName": "Chaudhary (Pawan)", "filerRelation": "Executive Chairman", "moneyText": "", "startDate": "2014-11-11", "ownership": "D"}, {"maxAge": 1, "shares": 105999, "filerUrl": "", "transactionText": "", "filerName": "Sunev Pharma Solutions Ltd", "filerRelation": "Promoter", "moneyText": "", "startDate": "2014-05-15", "ownership": "D"}, {"maxAge": 1, "shares": 25000, "filerUrl": "", "transactionText": "", "filerName": "Sunev Pharma Solutions Ltd", "filerRelation": "Promoter", "moneyText": "", "startDate": "2014-05-14", "ownership": "D"}, {"maxAge": 1, "shares": 108120, "filerUrl": "", "transactionText": "", "filerName": "Sunev Pharma Solutions Ltd", "filerRelation": "Promoter", "moneyText": "", "startDate": "2014-05-13", "ownership": "D"}, {"maxAge": 1, "shares": 135, "filerUrl": "", "transactionText": "", "filerName": "Sunev Pharma Solutions Ltd", "filerRelation": "Promoter", "moneyText": "", "startDate": "2014-05-09", "ownership": "D"}, {"maxAge": 1, "shares": 100000, "filerUrl": "", "transactionText": "", "filerName": "Sunev Pharma Solutions Ltd", "filerRelation": "Promoter", "moneyText": "", "startDate": "2014-05-07", "ownership": "D"}, {"maxAge": 1, "shares": 161096, "filerUrl": "", "transactionText": "", "filerName": "Sunev Pharma Solutions Ltd", "filerRelation": "Promoter", "moneyText": "", "startDate": "2014-05-02", "ownership": "D"}], "maxAge": 1}, "quoteType": {"exchange": "NSI", "quoteType": "EQUITY", "symbol": "VENUSREM.NS", "underlyingSymbol": "VENUSREM.NS", "shortName": "VENUS REMEDIES LTD", "longName": "Venus Remedies Limited", "firstTradeDateEpochUtc": "2006-12-20 09:15:00", "timeZoneFullName": "Asia/Kolkata", "timeZoneShortName": "IST", "uuid": "ad40d957-9857-329e-ac1e-5455210f7384", "gmtOffSetMilliseconds": 19800000, "maxAge": 1}, "incomeStatementHistory": {"incomeStatementHistory": [{"maxAge": 1, "endDate": "2020-03-31", "totalRevenue": 3414633000, "costOfRevenue": 1743100000, "grossProfit": 1671533000, "researchDevelopment": 142523000, "sellingGeneralAdministrative": 1120824000, "nonRecurring": {}, "otherOperatingExpenses": -10496000, "totalOperatingExpenses": 3316074000, "operatingIncome": 98559000, "totalOtherIncomeExpenseNet": -178913000, "ebit": 98559000, "interestExpense": -116628000, "incomeBeforeTax": -80354000, "incomeTaxExpense": 19639000, "minorityInterest": {}, "netIncomeFromContinuingOps": -99993000, "discontinuedOperations": {}, "extraordinaryItems": {}, "effectOfAccountingCharges": {}, "otherItems": {}, "netIncome": -99993000, "netIncomeApplicableToCommonShares": -99993000}, {"maxAge": 1, "endDate": "2019-03-31", "totalRevenue": 3218929000, "costOfRevenue": 1819549000, "grossProfit": 1399380000, "researchDevelopment": 146530000, "sellingGeneralAdministrative": 927594000, "nonRecurring": {}, "otherOperatingExpenses": -3001000, "totalOperatingExpenses": 3230472000, "operatingIncome": -11543000, "totalOtherIncomeExpenseNet": -285715000, "ebit": -11543000, "interestExpense": -247280000, "incomeBeforeTax": -297258000, "incomeTaxExpense": -11511000, "minorityInterest": {}, "netIncomeFromContinuingOps": -285747000, "discontinuedOperations": {}, "extraordinaryItems": {}, "effectOfAccountingCharges": {}, "otherItems": {}, "netIncome": -285747000, "netIncomeApplicableToCommonShares": -285747000}, {"maxAge": 1, "endDate": "2018-03-31", "totalRevenue": 3724142000, "costOfRevenue": 2050794000, "grossProfit": 1673348000, "researchDevelopment": 306385000, "sellingGeneralAdministrative": 972235000, "nonRecurring": {}, "otherOperatingExpenses": -2982000, "totalOperatingExpenses": 3664759000, "operatingIncome": 59383000, "totalOtherIncomeExpenseNet": -334664000, "ebit": 59383000, "interestExpense": -336914000, "incomeBeforeTax": -275316000, "incomeTaxExpense": 31602000, "minorityInterest": {}, "netIncomeFromContinuingOps": -306918000, "discontinuedOperations": {}, "extraordinaryItems": {}, "effectOfAccountingCharges": {}, "otherItems": {}, "netIncome": -306918000, "netIncomeApplicableToCommonShares": -306918000}, {"maxAge": 1, "endDate": "2017-03-31", "totalRevenue": 4000403000, "costOfRevenue": 2270723000, "grossProfit": 1729680000, "researchDevelopment": 278262000, "sellingGeneralAdministrative": 408894000, "nonRecurring": {}, "otherOperatingExpenses": 515824000, "totalOperatingExpenses": 3876268000, "operatingIncome": 124135000, "totalOtherIncomeExpenseNet": -340511000, "ebit": 124135000, "interestExpense": -340725000, "incomeBeforeTax": -216376000, "incomeTaxExpense": -45569000, "minorityInterest": {}, "netIncomeFromContinuingOps": -170807000, "discontinuedOperations": {}, "extraordinaryItems": {}, "effectOfAccountingCharges": {}, "otherItems": {}, "netIncome": -170807000, "netIncomeApplicableToCommonShares": -170807000}], "maxAge": 86400}, "fundOwnership": {"ownershipList": [], "maxAge": 1}, "summaryDetail": {"maxAge": 1, "priceHint": 2, "previousClose": 318.35, "open": 318.4, "dayLow": 309.45, "dayHigh": 318.55, "regularMarketPreviousClose": 318.35, "regularMarketOpen": 318.4, "regularMarketDayLow": 309.45, "regularMarketDayHigh": 318.55, "exDividendDate": "2013-09-23 05:30:00", "payoutRatio": 0.0, "beta": 1.644129, "trailingPE": 18.132282, "volume": 32665, "regularMarketVolume": 32665, "averageVolume": 81148, "averageVolume10days": 108379, "averageDailyVolume10Day": 108379, "bid": 0.0, "ask": 0.0, "bidSize": 0, "askSize": 0, "marketCap": 3859951872, "fiftyTwoWeekLow": 24.0, "fiftyTwoWeekHigh": 318.55, "priceToSalesTrailing12Months": 0.74256074, "fiftyDayAverage": 241.65758, "twoHundredDayAverage": 169.16, "currency": "INR", "fromCurrency": null, "lastMarket": null, "algorithm": null, "tradeable": false}, "incomeStatementHistoryQuarterly": {"incomeStatementHistory": [{"maxAge": 1, "endDate": "2020-12-31", "totalRevenue": 1219380000, "costOfRevenue": 688520000, "grossProfit": 530860000, "researchDevelopment": 36390000, "sellingGeneralAdministrative": 313650000, "nonRecurring": {}, "otherOperatingExpenses": {}, "totalOperatingExpenses": 1125530000, "operatingIncome": 93850000, "totalOtherIncomeExpenseNet": 44790000, "ebit": 93850000, "interestExpense": -18120000, "incomeBeforeTax": 138640000, "incomeTaxExpense": 22090000, "minorityInterest": {}, "netIncomeFromContinuingOps": 116550000, "discontinuedOperations": {}, "extraordinaryItems": {}, "effectOfAccountingCharges": {}, "otherItems": {}, "netIncome": 116550000, "netIncomeApplicableToCommonShares": 116550000}, {"maxAge": 1, "endDate": "2020-09-30", "totalRevenue": 1260690000, "costOfRevenue": 765990000, "grossProfit": 494700000, "researchDevelopment": 42040000, "sellingGeneralAdministrative": 346180000, "nonRecurring": {}, "otherOperatingExpenses": {}, "totalOperatingExpenses": 1240300000, "operatingIncome": 20390000, "totalOtherIncomeExpenseNet": 124770000, "ebit": 20390000, "interestExpense": -73930000, "incomeBeforeTax": 145160000, "incomeTaxExpense": 14900000, "minorityInterest": {}, "netIncomeFromContinuingOps": 130260000, "discontinuedOperations": {}, "extraordinaryItems": {}, "effectOfAccountingCharges": {}, "otherItems": {}, "netIncome": 130260000, "netIncomeApplicableToCommonShares": 130260000}, {"maxAge": 1, "endDate": "2020-06-30", "totalRevenue": 1574070000, "costOfRevenue": 984435000, "grossProfit": 589635000, "researchDevelopment": 39335000, "sellingGeneralAdministrative": 394305000, "nonRecurring": {}, "otherOperatingExpenses": {}, "totalOperatingExpenses": 1504065000, "operatingIncome": 70005000, "totalOtherIncomeExpenseNet": 12440000, "ebit": 70005000, "interestExpense": -51230000, "incomeBeforeTax": 82445000, "incomeTaxExpense": 7450000, "minorityInterest": {}, "netIncomeFromContinuingOps": 74995000, "discontinuedOperations": {}, "extraordinaryItems": {}, "effectOfAccountingCharges": {}, "otherItems": {}, "netIncome": 74995000, "netIncomeApplicableToCommonShares": 74995000}, {"maxAge": 1, "endDate": "2020-03-31", "totalRevenue": 830643000, "costOfRevenue": 342760000, "grossProfit": 487883000, "researchDevelopment": 43913000, "sellingGeneralAdministrative": 368624000, "nonRecurring": {}, "otherOperatingExpenses": -10496000, "totalOperatingExpenses": 809524000, "operatingIncome": 21119000, "totalOtherIncomeExpenseNet": -66773000, "ebit": 21119000, "interestExpense": -51230000, "incomeBeforeTax": -45654000, "incomeTaxExpense": 8149000, "minorityInterest": {}, "netIncomeFromContinuingOps": -53803000, "discontinuedOperations": {}, "extraordinaryItems": {}, "effectOfAccountingCharges": {}, "otherItems": {}, "netIncome": -53803000, "netIncomeApplicableToCommonShares": -53803000}], "maxAge": 86400}, "cashflowStatementHistoryQuarterly": {"cashflowStatements": [{"maxAge": 1, "endDate": "2020-12-31", "netIncome": 116550000, "changeToLiabilities": 0}, {"maxAge": 1, "endDate": "2020-09-30", "netIncome": 130260000, "depreciation": 85990000, "changeToNetincome": -48000000, "changeToLiabilities": 0, "changeToOperatingActivities": 348065000, "totalCashFromOperatingActivities": 461050000, "otherCashflowsFromInvestingActivities": 315740000, "totalCashflowsFromInvestingActivities": 304545000, "netBorrowings": -713900000, "otherCashflowsFromFinancingActivities": -27115000, "totalCashFromFinancingActivities": -741015000, "effectOfExchangeRate": -4865000, "changeInCash": 19715000}, {"maxAge": 1, "endDate": "2020-06-30", "netIncome": 74995000, "depreciation": 85990000, "changeToNetincome": -48000000, "changeToLiabilities": 0, "changeToOperatingActivities": 348065000, "totalCashFromOperatingActivities": 461050000, "otherCashflowsFromInvestingActivities": 315740000, "totalCashflowsFromInvestingActivities": 304545000, "netBorrowings": -713900000, "otherCashflowsFromFinancingActivities": -27115000, "totalCashFromFinancingActivities": -741015000, "effectOfExchangeRate": -4865000, "changeInCash": 19715000}, {"maxAge": 1, "endDate": "2020-03-31", "netIncome": -53803000, "depreciation": 85990000, "changeToNetincome": -48000000, "changeToLiabilities": 0, "changeToOperatingActivities": 348065000, "totalCashFromOperatingActivities": 461050000, "otherCashflowsFromInvestingActivities": 315740000, "totalCashflowsFromInvestingActivities": 304545000, "netBorrowings": -713900000, "otherCashflowsFromFinancingActivities": -27115000, "totalCashFromFinancingActivities": -741015000, "effectOfExchangeRate": -4865000, "changeInCash": 19715000}], "maxAge": 86400}, "insiderHolders": {"holders": [{"maxAge": 1, "name": "Chaudhary (Manu)", "relation": "Promoter", "url": "", "transactionDescription": "Other", "latestTransDate": "2021-02-23", "positionDirect": 425000, "positionDirectDate": "2021-02-23"}, {"maxAge": 1, "name": "Chaudhary (Pawan)", "relation": "Executive Chairman", "url": "", "transactionDescription": "Other", "latestTransDate": "2021-02-23", "positionDirect": 600000, "positionDirectDate": "2021-02-23"}, {"maxAge": 1, "name": "Merrill Lynch Capital Markets Espana S.A.S.V.", "relation": "UNREPORTED", "url": "", "transactionDescription": "Sale", "latestTransDate": "2015-02-16", "positionDirect": 304915, "positionDirectDate": "2015-02-16"}, {"maxAge": 1, "name": "Morgan Stanley Mauritius Company Ltd.", "relation": "Investment Management Company", "url": "", "transactionDescription": "Sale", "latestTransDate": "2014-11-26", "positionDirect": 463844, "positionDirectDate": "2014-11-26"}, {"maxAge": 1, "name": "Sunev Pharma Solutions Ltd", "relation": "Promoter", "url": "", "transactionDescription": "Sale", "latestTransDate": "2014-05-15", "positionDirect": 2399650, "positionDirectDate": "2014-05-15"}], "maxAge": 1}, "calendarEvents": {"maxAge": 1, "earnings": {"earningsDate": []}, "exDividendDate": "2013-09-23 05:30:00"}, "upgradeDowngradeHistory": {"history": [], "maxAge": 86400}, "price": {"maxAge": 1, "regularMarketChangePercent": -0.0174337, "regularMarketChange": -5.5500183, "regularMarketTime": "2021-04-30 15:29:55", "priceHint": 2, "regularMarketPrice": 312.8, "regularMarketDayHigh": 318.55, "regularMarketDayLow": 309.45, "regularMarketVolume": 32665, "averageDailyVolume10Day": 108379, "averageDailyVolume3Month": 81148, "regularMarketPreviousClose": 318.35, "regularMarketSource": "FREE_REALTIME", "regularMarketOpen": 318.4, "exchange": "NSI", "exchangeName": "NSE", "exchangeDataDelayedBy": 15, "marketState": "CLOSED", "quoteType": "EQUITY", "symbol": "VENUSREM.NS", "underlyingSymbol": null, "shortName": "VENUS REMEDIES LTD", "longName": "Venus Remedies Limited", "currency": "INR", "quoteSourceName": "Delayed Quote", "currencySymbol": "\u20b9", "fromCurrency": null, "lastMarket": null, "marketCap": 3859951872}, "balanceSheetHistory": {"balanceSheetStatements": [{"maxAge": 1, "endDate": "2020-03-31", "cash": 19424000, "netReceivables": 636760000, "inventory": 1411242000, "otherCurrentAssets": 809117000, "totalCurrentAssets": 2879517000, "propertyPlantEquipment": 2085704000, "intangibleAssets": 1054299000, "otherAssets": 357670000, "totalAssets": 6377190000, "accountsPayable": 366953000, "shortLongTermDebt": 628206000, "otherCurrentLiab": 41366000, "longTermDebt": 720533000, "otherLiab": 237690000, "totalCurrentLiabilities": 2185266000, "totalLiab": 3143489000, "commonStock": 123420000, "retainedEarnings": 2248495000, "treasuryStock": 105778000, "capitalSurplus": 756008000, "otherStockholderEquity": 105778000, "totalStockholderEquity": 3233701000, "netTangibleAssets": 2179402000}, {"maxAge": 1, "endDate": "2019-03-31", "cash": 20331000, "shortTermInvestments": 55660000, "netReceivables": 758072000, "inventory": 1427254000, "otherCurrentAssets": 437769000, "totalCurrentAssets": 2654337000, "longTermInvestments": 18850000, "propertyPlantEquipment": 2612035000, "intangibleAssets": 1680104000, "otherAssets": 381782000, "totalAssets": 7328258000, "accountsPayable": 360027000, "shortLongTermDebt": 691672000, "otherCurrentLiab": 86501000, "longTermDebt": 1160180000, "otherLiab": 206606000, "totalCurrentLiabilities": 2636229000, "totalLiab": 4003015000, "commonStock": 123420000, "retainedEarnings": 2353203000, "treasuryStock": 92612000, "capitalSurplus": 756008000, "otherStockholderEquity": 92612000, "totalStockholderEquity": 3325243000, "netTangibleAssets": 1645139000}, {"maxAge": 1, "endDate": "2018-03-31", "cash": 5337000, "netReceivables": 894731000, "inventory": 1381740000, "otherCurrentAssets": 309840000, "totalCurrentAssets": 2602651000, "propertyPlantEquipment": 2733362000, "intangibleAssets": 1806318000, "otherAssets": 365287000, "totalAssets": 7507618000, "accountsPayable": 293331000, "shortLongTermDebt": 481951000, "otherCurrentLiab": 47676000, "longTermDebt": 1374388000, "otherLiab": 210330000, "totalCurrentLiabilities": 2303808000, "totalLiab": 3888526000, "commonStock": 123420000, "retainedEarnings": 2638253000, "treasuryStock": 101411000, "capitalSurplus": 756008000, "otherStockholderEquity": 101411000, "totalStockholderEquity": 3619092000, "netTangibleAssets": 1812774000}, {"maxAge": 1, "endDate": "2017-03-31", "cash": 35598000, "netReceivables": 754868000, "inventory": 1405992000, "otherCurrentAssets": 397603000, "totalCurrentAssets": 2594061000, "propertyPlantEquipment": 2794148000, "intangibleAssets": 1930174000, "otherAssets": 331652000, "totalAssets": 7650035000, "accountsPayable": 297297000, "shortLongTermDebt": 306409000, "otherCurrentLiab": 148894000, "longTermDebt": 1618189000, "otherLiab": 177019000, "totalCurrentLiabilities": 1968137000, "totalLiab": 3763345000, "commonStock": 123420000, "retainedEarnings": 2941733000, "treasuryStock": 65529000, "capitalSurplus": 756008000, "otherStockholderEquity": 65529000, "totalStockholderEquity": 3886690000, "netTangibleAssets": 1956516000}], "maxAge": 86400}, "financialData": {"maxAge": 86400, "currentPrice": 312.8, "recommendationKey": "none", "totalCash": 67390000, "totalCashPerShare": 5.458, "ebitda": 543323008, "totalDebt": 666300032, "totalRevenue": 5198162944, "debtToEquity": 19.698, "revenuePerShare": 421.489, "grossProfits": 1671533000, "revenueGrowth": 0.259, "grossMargins": 0.42284, "ebitdaMargins": 0.10451999, "operatingMargins": 0.049050003, "profitMargins": 0.04093, "financialCurrency": "INR"}}}