{"VENUSREM.BO": {"recommendationTrend": {"trend": [{"period": "0m", "strongBuy": 0, "buy": 0, "hold": 0, "sell": 0, "strongSell": 0}, {"period": "-1m", "strongBuy": 0, "buy": 0, "hold": 0, "sell": 0, "strongSell": 0}, {"period": "-2m", "strongBuy": 0, "buy": 0, "hold": 0, "sell": 0, "strongSell": 0}, {"period": "-3m", "strongBuy": 0, "buy": 0, "hold": 0, "sell": 0, "strongSell": 0}], "maxAge": 86400}, "cashflowStatementHistory": {"cashflowStatements": [{"maxAge": 1, "endDate": "2020-03-31", "netIncome": -99980000, "depreciation": 320120000, "changeToNetincome": 347680000, "changeToLiabilities": 0, "changeToOperatingActivities": 202280000, "totalCashFromOperatingActivities": 770100000, "capitalExpenditures": -77810000, "otherCashflowsFromInvestingActivities": 3400000, "totalCashflowsFromInvestingActivities": -47480000, "netBorrowings": -609370000, "otherCashflowsFromFinancingActivities": -120650000, "totalCashFromFinancingActivities": -730020000, "effectOfExchangeRate": 560000, "changeInCash": -6850000}, {"maxAge": 1, "endDate": "2019-03-31", "netIncome": -285747000, "depreciation": 294953000, "changeToNetincome": 255931000, "changeToLiabilities": 0, "changeToOperatingActivities": 143287000, "totalCashFromOperatingActivities": 453271000, "capitalExpenditures": -99244000, "otherCashflowsFromInvestingActivities": 2416000, "totalCashflowsFromInvestingActivities": -113323000, "netBorrowings": -127992000, "otherCashflowsFromFinancingActivities": -223679000, "totalCashFromFinancingActivities": -351671000, "effectOfExchangeRate": 560000, "changeInCash": -11724000}, {"maxAge": 1, "endDate": "2018-03-31", "netIncome": -306918000, "depreciation": 338327000, "changeToNetincome": 355678000, "changeToLiabilities": 0, "changeToOperatingActivities": -75217000, "totalCashFromOperatingActivities": 311870000, "capitalExpenditures": -132731000, "otherCashflowsFromInvestingActivities": 17375000, "totalCashflowsFromInvestingActivities": -114812000, "netBorrowings": -69864000, "otherCashflowsFromFinancingActivities": -322416000, "totalCashFromFinancingActivities": -392280000, "effectOfExchangeRate": 560000, "changeInCash": -195222000}, {"maxAge": 1, "endDate": "2017-03-31", "netIncome": -170807000, "depreciation": 402564000, "changeToNetincome": 257960000, "changeToLiabilities": 0, "changeToOperatingActivities": 99606000, "totalCashFromOperatingActivities": 589323000, "capitalExpenditures": -227933000, "otherCashflowsFromInvestingActivities": 47437000, "totalCashflowsFromInvestingActivities": -183169000, "netBorrowings": -114622000, "otherCashflowsFromFinancingActivities": -326646000, "totalCashFromFinancingActivities": -441268000, "effectOfExchangeRate": 560000, "changeInCash": -35114000}], "maxAge": 86400}, "institutionOwnership": {"maxAge": 1, "ownershipList": []}, "balanceSheetHistoryQuarterly": {"balanceSheetStatements": [{"maxAge": 1, "endDate": "2020-03-31", "cash": 21250000, "shortTermInvestments": 14480000, "netReceivables": 592290000, "inventory": 1411240000, "otherCurrentAssets": 840260000, "totalCurrentAssets": 2879520000, "propertyPlantEquipment": 2085700000, "intangibleAssets": 1054300000, "otherAssets": 357670000, "totalAssets": 6377190000, "accountsPayable": 366950000, "otherCurrentLiab": 955490000, "longTermDebt": 720530000, "otherLiab": 237700000, "totalCurrentLiabilities": 2185260000, "totalLiab": 3143490000, "commonStock": 123420000, "treasuryStock": 3110280000, "otherStockholderEquity": 3110280000, "totalStockholderEquity": 3233700000, "netTangibleAssets": 2179400000}, {"maxAge": 1, "endDate": "2019-12-31", "totalStockholderEquity": 3288590000, "netTangibleAssets": 1671350000}, {"maxAge": 1, "endDate": "2019-09-30", "cash": 78490000, "shortTermInvestments": 68670000, "netReceivables": 598250000, "inventory": 1446050000, "otherCurrentAssets": 325810000, "totalCurrentAssets": 2517270000, "propertyPlantEquipment": 2542370000, "intangibleAssets": 1617240000, "otherAssets": 385950000, "totalAssets": 7062830000, "accountsPayable": 380400000, "otherCurrentLiab": 1297560000, "longTermDebt": 970280000, "otherLiab": 210970000, "totalCurrentLiabilities": 2592990000, "totalLiab": 3774240000, "commonStock": 123420000, "treasuryStock": 3165170000, "otherStockholderEquity": 3165170000, "totalStockholderEquity": 3288590000, "netTangibleAssets": 1671350000}, {"maxAge": 1, "endDate": "2019-06-30", "totalStockholderEquity": 3325240000, "netTangibleAssets": 1645140000}], "maxAge": 86400}, "earningsHistory": {"history": [{"maxAge": 1, "epsActual": {}, "epsEstimate": {}, "epsDifference": {}, "surprisePercent": {}, "quarter": {}, "period": "-4q"}, {"maxAge": 1, "epsActual": {}, "epsEstimate": {}, "epsDifference": {}, "surprisePercent": {}, "quarter": {}, "period": "-3q"}, {"maxAge": 1, "epsActual": {}, "epsEstimate": {}, "epsDifference": {}, "surprisePercent": {}, "quarter": {}, "period": "-2q"}, {"maxAge": 1, "epsActual": {}, "epsEstimate": {}, "epsDifference": {}, "surprisePercent": {}, "quarter": {}, "period": "-1q"}], "maxAge": 86400}, "indexTrend": {"maxAge": 1, "symbol": "SP5", "peRatio": 19.7411, "pegRatio": 1.34172, "estimates": [{"period": "0q", "growth": 0.549}, {"period": "+1q", "growth": 0.431}, {"period": "0y", "growth": 0.305}, {"period": "+1y", "growth": 0.109}, {"period": "+5y", "growth": 0.120865}, {"period": "-5y"}]}, "industryTrend": {"maxAge": 1, "symbol": null, "estimates": []}, "insiderTransactions": {"transactions": [{"maxAge": 1, "shares": 393000, "filerUrl": "", "transactionText": "", "filerName": "Chaudhary (Manu)", "filerRelation": "Joint Managing director", "moneyText": "", "startDate": "2017-03-18", "ownership": "D"}, {"maxAge": 1, "shares": 466000, "filerUrl": "", "transactionText": "", "filerName": "Chaudhary (Pawan)", "filerRelation": "Executive Chairman", "moneyText": "", "startDate": "2017-03-18", "ownership": "D"}, {"maxAge": 1, "shares": 45144, "filerUrl": "", "transactionText": "", "filerName": "Merrill Lynch Capital Markets Espana S.A.S.V.", "filerRelation": "UNREPORTED", "moneyText": "", "startDate": "2015-02-16", "ownership": "D"}, {"maxAge": 1, "shares": 38392, "filerUrl": "", "transactionText": "", "filerName": "Morgan Stanley Mauritius Company Ltd.", "filerRelation": "Investment Management Company", "moneyText": "", "startDate": "2014-11-26", "ownership": "D"}, {"maxAge": 1, "shares": 72000, "filerUrl": "", "transactionText": "", "filerName": "Chaudhary (Pawan)", "filerRelation": "Executive Chairman", "moneyText": "", "startDate": "2014-11-11", "ownership": "D"}, {"maxAge": 1, "shares": 105999, "filerUrl": "", "transactionText": "", "filerName": "Sunev Pharma Solutions Ltd", "filerRelation": "Promoter", "moneyText": "", "startDate": "2014-05-15", "ownership": "D"}, {"maxAge": 1, "shares": 25000, "filerUrl": "", "transactionText": "", "filerName": "Sunev Pharma Solutions Ltd", "filerRelation": "Promoter", "moneyText": "", "startDate": "2014-05-14", "ownership": "D"}, {"maxAge": 1, "shares": 108120, "filerUrl": "", "transactionText": "", "filerName": "Sunev Pharma Solutions Ltd", "filerRelation": "Promoter", "moneyText": "", "startDate": "2014-05-13", "ownership": "D"}, {"maxAge": 1, "shares": 135, "filerUrl": "", "transactionText": "", "filerName": "Sunev Pharma Solutions Ltd", "filerRelation": "Promoter", "moneyText": "", "startDate": "2014-05-09", "ownership": "D"}, {"maxAge": 1, "shares": 100000, "filerUrl": "", "transactionText": "", "filerName": "Sunev Pharma Solutions Ltd", "filerRelation": "Promoter", "moneyText": "", "startDate": "2014-05-07", "ownership": "D"}, {"maxAge": 1, "shares": 161096, "filerUrl": "", "transactionText": "", "filerName": "Sunev Pharma Solutions Ltd", "filerRelation": "Promoter", "moneyText": "", "startDate": "2014-05-02", "ownership": "D"}], "maxAge": 1}, "quoteType": {"exchange": "BSE", "quoteType": "EQUITY", "symbol": "VENUSREM.BO", "underlyingSymbol": "VENUSREM.BO", "shortName": "VENUS REMEDIES LTD.", "longName": "Venus Remedies Limited", "firstTradeDateEpochUtc": "2001-04-16 09:15:00", "timeZoneFullName": "Asia/Kolkata", "timeZoneShortName": "IST", "uuid": "07a7f855-0be1-35ab-b878-35954327ceb9", "messageBoardId": null, "gmtOffSetMilliseconds": 19800000, "maxAge": 1}, "incomeStatementHistory": {"incomeStatementHistory": [{"maxAge": 1, "endDate": "2020-03-31", "totalRevenue": 3414630000, "costOfRevenue": 1743100000, "grossProfit": 1671530000, "researchDevelopment": 142520000, "sellingGeneralAdministrative": 1120820000, "nonRecurring": {}, "otherOperatingExpenses": {}, "totalOperatingExpenses": 3326560000, "operatingIncome": 88070000, "totalOtherIncomeExpenseNet": -168410000, "ebit": 88070000, "interestExpense": -133370000, "incomeBeforeTax": -80340000, "incomeTaxExpense": 19640000, "minorityInterest": {}, "netIncomeFromContinuingOps": -99980000, "discontinuedOperations": {}, "extraordinaryItems": {}, "effectOfAccountingCharges": {}, "otherItems": {}, "netIncome": -99980000, "netIncomeApplicableToCommonShares": -99980000}, {"maxAge": 1, "endDate": "2019-03-31", "totalRevenue": 3218929000, "costOfRevenue": 1819549000, "grossProfit": 1399380000, "researchDevelopment": 146530000, "sellingGeneralAdministrative": 927594000, "nonRecurring": {}, "otherOperatingExpenses": -3001000, "totalOperatingExpenses": 3230472000, "operatingIncome": -11543000, "totalOtherIncomeExpenseNet": -285704000, "ebit": -11543000, "interestExpense": -247280000, "incomeBeforeTax": -297247000, "incomeTaxExpense": -11500000, "minorityInterest": {}, "netIncomeFromContinuingOps": -285747000, "discontinuedOperations": {}, "extraordinaryItems": {}, "effectOfAccountingCharges": {}, "otherItems": {}, "netIncome": -285747000, "netIncomeApplicableToCommonShares": -285747000}, {"maxAge": 1, "endDate": "2018-03-31", "totalRevenue": 3724142000, "costOfRevenue": 2050794000, "grossProfit": 1673348000, "researchDevelopment": 306385000, "sellingGeneralAdministrative": 972235000, "nonRecurring": {}, "otherOperatingExpenses": -2982000, "totalOperatingExpenses": 3664759000, "operatingIncome": 59383000, "totalOtherIncomeExpenseNet": -334664000, "ebit": 59383000, "interestExpense": -336914000, "incomeBeforeTax": -275316000, "incomeTaxExpense": 31602000, "minorityInterest": {}, "netIncomeFromContinuingOps": -306918000, "discontinuedOperations": {}, "extraordinaryItems": {}, "effectOfAccountingCharges": {}, "otherItems": {}, "netIncome": -306918000, "netIncomeApplicableToCommonShares": -306918000}, {"maxAge": 1, "endDate": "2017-03-31", "totalRevenue": 4000403000, "costOfRevenue": 2270723000, "grossProfit": 1729680000, "researchDevelopment": 278262000, "sellingGeneralAdministrative": 408894000, "nonRecurring": {}, "otherOperatingExpenses": 515824000, "totalOperatingExpenses": 3876268000, "operatingIncome": 124135000, "totalOtherIncomeExpenseNet": -340511000, "ebit": 124135000, "interestExpense": -340725000, "incomeBeforeTax": -216376000, "incomeTaxExpense": -45569000, "minorityInterest": {}, "netIncomeFromContinuingOps": -170807000, "discontinuedOperations": {}, "extraordinaryItems": {}, "effectOfAccountingCharges": {}, "otherItems": {}, "netIncome": -170807000, "netIncomeApplicableToCommonShares": -170807000}], "maxAge": 86400}, "fundOwnership": {"maxAge": 1, "ownershipList": []}, "summaryDetail": {"maxAge": 1, "priceHint": 2, "previousClose": 318.3, "open": 313.0, "dayLow": 312.0, "dayHigh": 318.0, "regularMarketPreviousClose": 318.3, "regularMarketOpen": 313.0, "regularMarketDayLow": 312.0, "regularMarketDayHigh": 318.0, "volume": 4064, "regularMarketVolume": 4064, "averageVolume": 15034, "averageVolume10days": 16322, "averageDailyVolume10Day": 16322, "bid": 310.0, "ask": 310.3, "bidSize": 0, "askSize": 0, "marketCap": 3867365888, "fiftyTwoWeekLow": 21.2, "fiftyTwoWeekHigh": 318.0, "fiftyDayAverage": 166.76912, "twoHundredDayAverage": 135.5761, "currency": "INR", "fromCurrency": null, "toCurrency": null, "lastMarket": null, "algorithm": null, "tradeable": false}, "sectorTrend": {"maxAge": 1, "symbol": null, "estimates": []}, "incomeStatementHistoryQuarterly": {"incomeStatementHistory": [{"maxAge": 1, "endDate": "2020-03-31", "totalRevenue": 830640000, "costOfRevenue": 342760000, "grossProfit": 487880000, "researchDevelopment": 43910000, "sellingGeneralAdministrative": 368620000, "nonRecurring": {}, "otherOperatingExpenses": {}, "totalOperatingExpenses": 820010000, "operatingIncome": 10630000, "totalOtherIncomeExpenseNet": -56270000, "ebit": 10630000, "interestExpense": {}, "incomeBeforeTax": -45640000, "incomeTaxExpense": 8150000, "minorityInterest": {}, "netIncomeFromContinuingOps": -53790000, "discontinuedOperations": {}, "extraordinaryItems": {}, "effectOfAccountingCharges": {}, "otherItems": {}, "netIncome": -53790000, "netIncomeApplicableToCommonShares": -53790000}, {"maxAge": 1, "endDate": "2019-12-31", "totalRevenue": 968590000, "costOfRevenue": 551090000, "grossProfit": 417500000, "researchDevelopment": 35540000, "sellingGeneralAdministrative": 274020000, "nonRecurring": {}, "otherOperatingExpenses": {}, "totalOperatingExpenses": 945420000, "operatingIncome": 23170000, "totalOtherIncomeExpenseNet": -22940000, "ebit": 23170000, "interestExpense": -40660000, "incomeBeforeTax": 230000, "incomeTaxExpense": 9850000, "minorityInterest": {}, "netIncomeFromContinuingOps": -9620000, "discontinuedOperations": {}, "extraordinaryItems": {}, "effectOfAccountingCharges": {}, "otherItems": {}, "netIncome": -9620000, "netIncomeApplicableToCommonShares": -9620000}, {"maxAge": 1, "endDate": "2019-09-30", "totalRevenue": 878940000, "costOfRevenue": 471030000, "grossProfit": 407910000, "researchDevelopment": 28290000, "sellingGeneralAdministrative": 252550000, "nonRecurring": {}, "otherOperatingExpenses": {}, "totalOperatingExpenses": 837510000, "operatingIncome": 41430000, "totalOtherIncomeExpenseNet": -35630000, "ebit": 41430000, "interestExpense": -49080000, "incomeBeforeTax": 5800000, "incomeTaxExpense": 1640000, "minorityInterest": {}, "netIncomeFromContinuingOps": 4160000, "discontinuedOperations": {}, "extraordinaryItems": {}, "effectOfAccountingCharges": {}, "otherItems": {}, "netIncome": 4160000, "netIncomeApplicableToCommonShares": 4160000}, {"maxAge": 1, "endDate": "2019-06-30", "totalRevenue": 736460000, "costOfRevenue": 378220000, "grossProfit": 358240000, "researchDevelopment": 34780000, "sellingGeneralAdministrative": 225630000, "nonRecurring": {}, "otherOperatingExpenses": -8230000, "totalOperatingExpenses": 723620000, "operatingIncome": 12840000, "totalOtherIncomeExpenseNet": -53570000, "ebit": 12840000, "interestExpense": -61800000, "incomeBeforeTax": -40730000, "incomeTaxExpense": 0, "minorityInterest": {}, "netIncomeFromContinuingOps": -40730000, "discontinuedOperations": {}, "extraordinaryItems": {}, "effectOfAccountingCharges": {}, "otherItems": {}, "netIncome": -40730000, "netIncomeApplicableToCommonShares": -40730000}], "maxAge": 86400}, "cashflowStatementHistoryQuarterly": {"cashflowStatements": [{"maxAge": 1, "endDate": "2020-03-31", "netIncome": -53790000, "changeToLiabilities": 0}, {"maxAge": 1, "endDate": "2019-12-31", "netIncome": -9620000, "changeToLiabilities": 0}, {"maxAge": 1, "endDate": "2019-09-30", "netIncome": 4160000, "changeToLiabilities": 0}, {"maxAge": 1, "endDate": "2019-06-30", "netIncome": -40730000, "changeToLiabilities": 0}], "maxAge": 86400}, "insiderHolders": {"holders": [{"maxAge": 1, "name": "Chaudhary (Manu)", "relation": "Joint Managing director", "url": "", "transactionDescription": "Other", "latestTransDate": "2017-03-18", "positionDirect": 1143000, "positionDirectDate": "2017-03-18"}, {"maxAge": 1, "name": "Chaudhary (Pawan)", "relation": "Executive Chairman", "url": "", "transactionDescription": "Other", "latestTransDate": "2017-03-18", "positionDirect": 1187000, "positionDirectDate": "2017-03-18"}, {"maxAge": 1, "name": "Merrill Lynch Capital Markets Espana S.A.S.V.", "relation": "UNREPORTED", "url": "", "transactionDescription": "Sale", "latestTransDate": "2015-02-16", "positionDirect": 304915, "positionDirectDate": "2015-02-16"}, {"maxAge": 1, "name": "Morgan Stanley Mauritius Company Ltd.", "relation": "Investment Management Company", "url": "", "transactionDescription": "Sale", "latestTransDate": "2014-11-26", "positionDirect": 463844, "positionDirectDate": "2014-11-26"}, {"maxAge": 1, "name": "Sunev Pharma Solutions Ltd", "relation": "Promoter", "url": "", "transactionDescription": "Sale", "latestTransDate": "2014-05-15", "positionDirect": 2399650, "positionDirectDate": "2014-05-15"}], "maxAge": 1}, "earnings": {"maxAge": 86400, "earningsChart": {"quarterly": [], "earningsDate": []}, "financialsChart": {"yearly": [{"date": 2017, "revenue": 4000403000, "earnings": -170807000}, {"date": 2018, "revenue": 3724142000, "earnings": -306918000}, {"date": 2019, "revenue": 3218929000, "earnings": -285747000}, {"date": 2020, "revenue": 3414630000, "earnings": -99980000}], "quarterly": [{"date": "2Q2019", "revenue": 736460000, "earnings": -40730000}, {"date": "3Q2019", "revenue": 878940000, "earnings": 4160000}, {"date": "4Q2019", "revenue": 968590000, "earnings": -9620000}, {"date": "1Q2020", "revenue": 830640000, "earnings": -53790000}]}, "financialCurrency": "INR"}, "calendarEvents": {"maxAge": 1, "earnings": {"earningsDate": []}}, "price": {"maxAge": 1, "regularMarketChangePercent": -0.01555131, "regularMarketChange": -4.9499817, "regularMarketTime": "2021-04-30 15:28:28", "priceHint": 2, "regularMarketPrice": 313.35, "regularMarketDayHigh": 318.0, "regularMarketDayLow": 312.0, "regularMarketVolume": 4064, "averageDailyVolume10Day": 16322, "averageDailyVolume3Month": 15034, "regularMarketPreviousClose": 318.3, "regularMarketSource": "FREE_REALTIME", "regularMarketOpen": 313.0, "exchange": "BSE", "exchangeName": "BSE", "exchangeDataDelayedBy": 0, "marketState": "CLOSED", "quoteType": "EQUITY", "symbol": "VENUSREM.BO", "underlyingSymbol": null, "shortName": "VENUS REMEDIES LTD.", "longName": "Venus Remedies Limited", "currency": "INR", "quoteSourceName": "Delayed Quote", "currencySymbol": "\u20b9", "fromCurrency": null, "toCurrency": null, "lastMarket": null, "marketCap": 3867365888}, "balanceSheetHistory": {"balanceSheetStatements": [{"maxAge": 1, "endDate": "2020-03-31", "cash": 21250000, "shortTermInvestments": 14480000, "netReceivables": 592290000, "inventory": 1411240000, "otherCurrentAssets": 840260000, "totalCurrentAssets": 2879520000, "propertyPlantEquipment": 2085700000, "intangibleAssets": 1054300000, "otherAssets": 357670000, "totalAssets": 6377190000, "accountsPayable": 366950000, "otherCurrentLiab": 955490000, "longTermDebt": 720530000, "otherLiab": 237700000, "totalCurrentLiabilities": 2185260000, "totalLiab": 3143490000, "commonStock": 123420000, "treasuryStock": 3110280000, "otherStockholderEquity": 3110280000, "totalStockholderEquity": 3233700000, "netTangibleAssets": 2179400000}, {"maxAge": 1, "endDate": "2019-03-31", "cash": 20331000, "shortTermInvestments": 55660000, "netReceivables": 758072000, "inventory": 1427254000, "otherCurrentAssets": 437769000, "totalCurrentAssets": 2654337000, "longTermInvestments": 18850000, "propertyPlantEquipment": 2612035000, "intangibleAssets": 1680104000, "otherAssets": 381782000, "totalAssets": 7328258000, "accountsPayable": 360027000, "shortLongTermDebt": 691672000, "otherCurrentLiab": 86501000, "longTermDebt": 1160180000, "otherLiab": 206606000, "totalCurrentLiabilities": 2636229000, "totalLiab": 4003015000, "commonStock": 123420000, "retainedEarnings": 2353203000, "treasuryStock": 92612000, "capitalSurplus": 756008000, "otherStockholderEquity": 92612000, "totalStockholderEquity": 3325243000, "netTangibleAssets": 1645139000}, {"maxAge": 1, "endDate": "2018-03-31", "cash": 5337000, "netReceivables": 894731000, "inventory": 1381740000, "otherCurrentAssets": 309840000, "totalCurrentAssets": 2602651000, "propertyPlantEquipment": 2733362000, "intangibleAssets": 1806318000, "otherAssets": 365287000, "totalAssets": 7507618000, "accountsPayable": 293331000, "shortLongTermDebt": 481951000, "otherCurrentLiab": 47676000, "longTermDebt": 1374388000, "otherLiab": 210330000, "totalCurrentLiabilities": 2303808000, "totalLiab": 3888526000, "commonStock": 123420000, "retainedEarnings": 2638253000, "treasuryStock": 101411000, "capitalSurplus": 756008000, "otherStockholderEquity": 101411000, "totalStockholderEquity": 3619092000, "netTangibleAssets": 1812774000}, {"maxAge": 1, "endDate": "2017-03-31", "cash": 35598000, "netReceivables": 754868000, "inventory": 1405992000, "otherCurrentAssets": 397603000, "totalCurrentAssets": 2594061000, "propertyPlantEquipment": 2794148000, "intangibleAssets": 1930174000, "otherAssets": 331652000, "totalAssets": 7650035000, "accountsPayable": 297297000, "shortLongTermDebt": 306409000, "otherCurrentLiab": 148894000, "longTermDebt": 1618189000, "otherLiab": 177019000, "totalCurrentLiabilities": 1968137000, "totalLiab": 3763345000, "commonStock": 123420000, "retainedEarnings": 2941733000, "treasuryStock": 65529000, "capitalSurplus": 756008000, "otherStockholderEquity": 65529000, "totalStockholderEquity": 3886690000, "netTangibleAssets": 1956516000}], "maxAge": 86400}, "earningsTrend": {"trend": [{"maxAge": 1, "period": "0q", "endDate": null, "growth": {}, "earningsEstimate": {"avg": 0.0, "low": 0.0, "high": 0.0, "yearAgoEps": {}, "numberOfAnalysts": 0, "growth": {}}, "revenueEstimate": {"avg": 0, "low": 0, "high": 0, "numberOfAnalysts": 0, "yearAgoRevenue": {}, "growth": {}}, "epsTrend": {"current": 0.0, "7daysAgo": 0.0, "30daysAgo": 0.0, "60daysAgo": 0.0, "90daysAgo": 0.0}, "epsRevisions": {"upLast7days": 0, "upLast30days": 0, "downLast30days": 0, "downLast90days": {}}}, {"maxAge": 1, "period": "+1q", "endDate": null, "growth": {}, "earningsEstimate": {"avg": 0.0, "low": 0.0, "high": 0.0, "yearAgoEps": {}, "numberOfAnalysts": 0, "growth": {}}, "revenueEstimate": {"avg": 0, "low": 0, "high": 0, "numberOfAnalysts": 0, "yearAgoRevenue": {}, "growth": {}}, "epsTrend": {"current": 0.0, "7daysAgo": 0.0, "30daysAgo": 0.0, "60daysAgo": 0.0, "90daysAgo": 0.0}, "epsRevisions": {"upLast7days": 0, "upLast30days": 0, "downLast30days": 0, "downLast90days": {}}}, {"maxAge": 1, "period": "0y", "endDate": null, "growth": {}, "earningsEstimate": {"avg": 0.0, "low": 0.0, "high": 0.0, "yearAgoEps": {}, "numberOfAnalysts": 0, "growth": {}}, "revenueEstimate": {"avg": 0, "low": 0, "high": 0, "numberOfAnalysts": 0, "yearAgoRevenue": {}, "growth": {}}, "epsTrend": {"current": 0.0, "7daysAgo": 0.0, "30daysAgo": 0.0, "60daysAgo": 0.0, "90daysAgo": 0.0}, "epsRevisions": {"upLast7days": 0, "upLast30days": 0, "downLast30days": 0, "downLast90days": {}}}, {"maxAge": 1, "period": "+1y", "endDate": null, "growth": {}, "earningsEstimate": {"avg": 0.0, "low": 0.0, "high": 0.0, "yearAgoEps": {}, "numberOfAnalysts": 0, "growth": {}}, "revenueEstimate": {"avg": 0, "low": 0, "high": 0, "numberOfAnalysts": 0, "yearAgoRevenue": {}, "growth": {}}, "epsTrend": {"current": 0.0, "7daysAgo": 0.0, "30daysAgo": 0.0, "60daysAgo": 0.0, "90daysAgo": 0.0}, "epsRevisions": {"upLast7days": 0, "upLast30days": 0, "downLast30days": 0, "downLast90days": {}}}, {"maxAge": 1, "period": "+5y", "endDate": null, "growth": 0.13, "earningsEstimate": {"avg": {}, "low": {}, "high": {}, "yearAgoEps": {}, "numberOfAnalysts": {}, "growth": {}}, "revenueEstimate": {"avg": {}, "low": {}, "high": {}, "numberOfAnalysts": {}, "yearAgoRevenue": {}, "growth": {}}, "epsTrend": {"current": {}, "7daysAgo": {}, "30daysAgo": {}, "60daysAgo": {}, "90daysAgo": {}}, "epsRevisions": {"upLast7days": {}, "upLast30days": {}, "downLast30days": {}, "downLast90days": {}}}, {"maxAge": 1, "period": "-5y", "endDate": null, "growth": {}, "earningsEstimate": {"avg": {}, "low": {}, "high": {}, "yearAgoEps": {}, "numberOfAnalysts": {}, "growth": {}}, "revenueEstimate": {"avg": {}, "low": {}, "high": {}, "numberOfAnalysts": {}, "yearAgoRevenue": {}, "growth": {}}, "epsTrend": {"current": {}, "7daysAgo": {}, "30daysAgo": {}, "60daysAgo": {}, "90daysAgo": {}}, "epsRevisions": {"upLast7days": {}, "upLast30days": {}, "downLast30days": {}, "downLast90days": {}}}], "maxAge": 1}, "financialData": {"maxAge": 86400, "currentPrice": 313.35, "targetHighPrice": 349.0, "targetLowPrice": 349.0, "targetMeanPrice": 349.0, "targetMedianPrice": 349.0, "recommendationKey": "none", "numberOfAnalystOpinions": 1, "grossProfits": 1671530000, "financialCurrency": "INR"}}}