{"VERITAS.BO": {"recommendationTrend": {"trend": [{"period": "0m", "strongBuy": 0, "buy": 0, "hold": 0, "sell": 0, "strongSell": 0}, {"period": "-1m", "strongBuy": 0, "buy": 0, "hold": 0, "sell": 0, "strongSell": 0}, {"period": "-2m", "strongBuy": 0, "buy": 0, "hold": 0, "sell": 0, "strongSell": 0}, {"period": "-3m", "strongBuy": 0, "buy": 0, "hold": 0, "sell": 0, "strongSell": 0}], "maxAge": 86400}, "cashflowStatementHistory": {"cashflowStatements": [{"maxAge": 1, "endDate": "2020-03-31", "netIncome": 1222868884, "depreciation": 300781354, "changeToNetincome": -180664099, "changeToAccountReceivables": -3256408657, "changeToLiabilities": 1274425722, "changeToInventory": 1205510647, "changeToOperatingActivities": 886897409, "totalCashFromOperatingActivities": 1453411260, "capitalExpenditures": -906288864, "otherCashflowsFromInvestingActivities": 1, "totalCashflowsFromInvestingActivities": -881288611, "dividendsPaid": -1340500, "netBorrowings": -862035496, "otherCashflowsFromFinancingActivities": -347528031, "totalCashFromFinancingActivities": -872880423, "changeInCash": -300757774, "issuanceOfStock": 338023604}, {"maxAge": 1, "endDate": "2019-03-31", "netIncome": 435234525, "depreciation": 248389368, "changeToNetincome": 664122731, "changeToAccountReceivables": 1269972097, "changeToLiabilities": 1486379438, "changeToInventory": -1059738265, "changeToOperatingActivities": -789549622, "totalCashFromOperatingActivities": 2254810272, "capitalExpenditures": -10624835310, "otherCashflowsFromInvestingActivities": 9853357167, "totalCashflowsFromInvestingActivities": -771478143, "dividendsPaid": -1340500, "netBorrowings": -4735938226, "otherCashflowsFromFinancingActivities": -499032437, "totalCashFromFinancingActivities": -1334135190, "changeInCash": 149196938, "issuanceOfStock": 3902175973}, {"maxAge": 1, "endDate": "2018-03-31", "netIncome": 677538340, "depreciation": 6625752, "changeToNetincome": 140313951, "changeToAccountReceivables": -1634690347, "changeToLiabilities": 1195718336, "changeToInventory": 193111639, "changeToOperatingActivities": 2206491818, "totalCashFromOperatingActivities": 2785109489, "capitalExpenditures": -5871725859, "otherCashflowsFromInvestingActivities": 9853357167, "totalCashflowsFromInvestingActivities": -5871725859, "dividendsPaid": -1340500, "netBorrowings": 3247321661, "otherCashflowsFromFinancingActivities": -72417872, "totalCashFromFinancingActivities": 3173563289, "changeInCash": 86946919, "issuanceOfStock": 3902175973}, {"maxAge": 1, "endDate": "2017-03-31", "netIncome": 689355574, "depreciation": 7058839, "changeToNetincome": 20445351, "changeToAccountReceivables": -908388984, "changeToLiabilities": 319925950, "changeToInventory": -337079089, "changeToOperatingActivities": 1009445406, "totalCashFromOperatingActivities": 800763047, "capitalExpenditures": -3460650195, "otherCashflowsFromInvestingActivities": 2500, "totalCashflowsFromInvestingActivities": -3460327009, "dividendsPaid": -1340500, "netBorrowings": 2364056187, "otherCashflowsFromFinancingActivities": -87310019, "totalCashFromFinancingActivities": 2275405668, "changeInCash": -384158295, "issuanceOfStock": 3902175973}], "maxAge": 86400}, "institutionOwnership": {"maxAge": 1, "ownershipList": []}, "balanceSheetHistoryQuarterly": {"balanceSheetStatements": [{"maxAge": 1, "endDate": "2020-06-30", "totalStockholderEquity": 18891268510, "netTangibleAssets": 18891268510}, {"maxAge": 1, "endDate": "2020-03-31", "cash": 420397532, "netReceivables": 8742679947, "inventory": 1611659, "otherCurrentAssets": 10746651, "totalCurrentAssets": 9176266199, "longTermInvestments": 5510789, "propertyPlantEquipment": 23721531783, "otherAssets": 46979466, "deferredLongTermAssetCharges": 4795129, "totalAssets": 32950288237, "accountsPayable": 5282305307, "shortLongTermDebt": 1195605562, "otherCurrentLiab": 37993279, "longTermDebt": 2988947750, "otherLiab": 3972280502, "totalCurrentLiabilities": 6570320892, "totalLiab": 14059019727, "commonStock": 26810000, "retainedEarnings": 4725571380, "treasuryStock": 4821118380, "capitalSurplus": 9317768750, "otherStockholderEquity": 4821118380, "totalStockholderEquity": 18891268510, "netTangibleAssets": 18891268510}, {"maxAge": 1, "endDate": "2019-12-31", "totalStockholderEquity": 17427443000, "netTangibleAssets": 17427443000}, {"maxAge": 1, "endDate": "2019-09-30", "cash": 454855000, "netReceivables": 7359488000, "inventory": 846265000, "otherCurrentAssets": 49402000, "totalCurrentAssets": 8710010000, "longTermInvestments": 7942000, "propertyPlantEquipment": 22552417000, "otherAssets": 40843000, "deferredLongTermAssetCharges": 1250000, "totalAssets": 31311212000, "accountsPayable": 4404616000, "otherCurrentLiab": 1389144000, "longTermDebt": 3363153000, "otherLiab": 3605805000, "totalCurrentLiabilities": 6914811000, "totalLiab": 13883769000, "commonStock": 26810000, "treasuryStock": 17400633000, "otherStockholderEquity": 17400633000, "totalStockholderEquity": 17427443000, "netTangibleAssets": 17427443000}], "maxAge": 86400}, "earningsHistory": {"history": [{"maxAge": 1, "epsActual": {}, "epsEstimate": {}, "epsDifference": {}, "surprisePercent": {}, "quarter": {}, "period": "-4q"}, {"maxAge": 1, "epsActual": {}, "epsEstimate": {}, "epsDifference": {}, "surprisePercent": {}, "quarter": {}, "period": "-3q"}, {"maxAge": 1, "epsActual": {}, "epsEstimate": {}, "epsDifference": {}, "surprisePercent": {}, "quarter": {}, "period": "-2q"}, {"maxAge": 1, "epsActual": {}, "epsEstimate": {}, "epsDifference": {}, "surprisePercent": {}, "quarter": {}, "period": "-1q"}], "maxAge": 86400}, "indexTrend": {"maxAge": 1, "symbol": "SP5", "peRatio": 19.7411, "pegRatio": 1.34172, "estimates": [{"period": "0q", "growth": 0.549}, {"period": "+1q", "growth": 0.431}, {"period": "0y", "growth": 0.305}, {"period": "+1y", "growth": 0.109}, {"period": "+5y", "growth": 0.120859005}, {"period": "-5y"}]}, "industryTrend": {"maxAge": 1, "symbol": null, "estimates": []}, "insiderTransactions": {"transactions": [{"maxAge": 1, "shares": 16266, "filerUrl": "", "transactionText": "", "filerName": "Groupe Veritas Ltd", "filerRelation": "Promoter", "moneyText": "", "startDate": "2019-03-27", "ownership": "D"}, {"maxAge": 1, "shares": 74000, "filerUrl": "", "transactionText": "", "filerName": "Groupe Veritas Ltd", "filerRelation": "Promoter", "moneyText": "", "startDate": "2019-03-25", "ownership": "D"}, {"maxAge": 1, "shares": 49200, "filerUrl": "", "transactionText": "", "filerName": "Groupe Veritas Ltd", "filerRelation": "Promoter", "moneyText": "", "startDate": "2019-03-22", "ownership": "D"}, {"maxAge": 1, "shares": 343655, "filerUrl": "", "transactionText": "", "filerName": "Groupe Veritas Ltd", "filerRelation": "Promoter", "moneyText": "", "startDate": "2019-03-20", "ownership": "D"}, {"maxAge": 1, "shares": 400000, "filerUrl": "", "transactionText": "", "filerName": "Groupe Veritas Ltd", "filerRelation": "Promoter", "moneyText": "", "startDate": "2019-03-18", "ownership": "D"}, {"maxAge": 1, "shares": 390846, "filerUrl": "", "transactionText": "", "filerName": "Groupe Veritas Ltd", "filerRelation": "Promoter", "moneyText": "", "startDate": "2019-03-15", "ownership": "D"}], "maxAge": 1}, "quoteType": {"exchange": "BSE", "quoteType": "EQUITY", "symbol": "VERITAS.BO", "underlyingSymbol": "VERITAS.BO", "shortName": "VERITAS (INDIA) LTD.", "longName": "Veritas (India) Limited", "firstTradeDateEpochUtc": "2008-05-26 09:15:00", "timeZoneFullName": "Asia/Kolkata", "timeZoneShortName": "IST", "uuid": "c0588155-b160-36b0-af84-c9d0091b29c8", "messageBoardId": null, "gmtOffSetMilliseconds": 19800000, "maxAge": 1}, "incomeStatementHistory": {"incomeStatementHistory": [{"maxAge": 1, "endDate": "2020-03-31", "totalRevenue": 20368461503, "costOfRevenue": 18672780492, "grossProfit": 1695681011, "researchDevelopment": {}, "sellingGeneralAdministrative": 119286980, "nonRecurring": {}, "otherOperatingExpenses": 142004634, "totalOperatingExpenses": 19234853460, "operatingIncome": 1133608043, "totalOtherIncomeExpenseNet": 90680622, "ebit": 1133608043, "interestExpense": -345610375, "incomeBeforeTax": 1224288665, "incomeTaxExpense": 1419781, "minorityInterest": {}, "netIncomeFromContinuingOps": 1222868884, "discontinuedOperations": {}, "extraordinaryItems": {}, "effectOfAccountingCharges": {}, "otherItems": {}, "netIncome": 1222868884, "netIncomeApplicableToCommonShares": 1222868884}, {"maxAge": 1, "endDate": "2019-03-31", "totalRevenue": 18757024439, "costOfRevenue": 17457700857, "grossProfit": 1299323582, "researchDevelopment": {}, "sellingGeneralAdministrative": 83914114, "nonRecurring": {}, "otherOperatingExpenses": 111749584, "totalOperatingExpenses": 17901753923, "operatingIncome": 855270516, "totalOtherIncomeExpenseNet": -390740137, "ebit": 855270516, "interestExpense": -493586478, "incomeBeforeTax": 464530379, "incomeTaxExpense": 29295854, "minorityInterest": {}, "netIncomeFromContinuingOps": 435234525, "discontinuedOperations": {}, "extraordinaryItems": {}, "effectOfAccountingCharges": {}, "otherItems": {}, "netIncome": 435234525, "netIncomeApplicableToCommonShares": 435234525}, {"maxAge": 1, "endDate": "2018-03-31", "totalRevenue": 16793150944, "costOfRevenue": 15931630075, "grossProfit": 861520869, "researchDevelopment": {}, "sellingGeneralAdministrative": 32686611, "nonRecurring": {}, "otherOperatingExpenses": 39814555, "totalOperatingExpenses": 16010756993, "operatingIncome": 782393951, "totalOtherIncomeExpenseNet": -70509036, "ebit": 782393951, "interestExpense": -67497515, "incomeBeforeTax": 711884915, "incomeTaxExpense": 34346575, "minorityInterest": {}, "netIncomeFromContinuingOps": 677538340, "discontinuedOperations": {}, "extraordinaryItems": {}, "effectOfAccountingCharges": {}, "otherItems": {}, "netIncome": 677538340, "netIncomeApplicableToCommonShares": 677538340}, {"maxAge": 1, "endDate": "2017-03-31", "totalRevenue": 16484792051, "costOfRevenue": 15612419537, "grossProfit": 872372514, "researchDevelopment": {}, "sellingGeneralAdministrative": 31458154, "nonRecurring": {}, "otherOperatingExpenses": 47721622, "totalOperatingExpenses": 15698658152, "operatingIncome": 786133899, "totalOtherIncomeExpenseNet": -83613131, "ebit": 786133899, "interestExpense": -59202588, "incomeBeforeTax": 702520768, "incomeTaxExpense": 13165194, "minorityInterest": {}, "netIncomeFromContinuingOps": 689355574, "discontinuedOperations": {}, "extraordinaryItems": {}, "effectOfAccountingCharges": {}, "otherItems": {}, "netIncome": 689355574, "netIncomeApplicableToCommonShares": 689355574}], "maxAge": 86400}, "fundOwnership": {"maxAge": 1, "ownershipList": []}, "summaryDetail": {"maxAge": 1, "priceHint": 2, "previousClose": 67.95, "open": 69.3, "dayLow": 67.25, "dayHigh": 69.3, "regularMarketPreviousClose": 67.95, "regularMarketOpen": 69.3, "regularMarketDayLow": 67.25, "regularMarketDayHigh": 69.3, "trailingPE": 1.4951667, "volume": 7242, "regularMarketVolume": 7242, "averageVolume": 7424, "averageVolume10days": 6871, "averageDailyVolume10Day": 6871, "bid": 67.4, "ask": 67.95, "bidSize": 0, "askSize": 0, "marketCap": 1820399104, "fiftyTwoWeekLow": 25.1, "fiftyTwoWeekHigh": 69.3, "fiftyDayAverage": 52.844284, "twoHundredDayAverage": 42.200363, "trailingAnnualDividendRate": 0.05, "trailingAnnualDividendYield": 0.00073583523, "currency": "INR", "fromCurrency": null, "toCurrency": null, "lastMarket": null, "algorithm": null, "tradeable": false}, "sectorTrend": {"maxAge": 1, "symbol": null, "estimates": []}, "incomeStatementHistoryQuarterly": {"incomeStatementHistory": [{"maxAge": 1, "endDate": "2020-06-30", "totalRevenue": 4216096000, "costOfRevenue": 3844121000, "grossProfit": 371975000, "researchDevelopment": {}, "sellingGeneralAdministrative": 17622000, "nonRecurring": {}, "otherOperatingExpenses": 61284000, "totalOperatingExpenses": 4003476000, "operatingIncome": 212620000, "totalOtherIncomeExpenseNet": -61078000, "ebit": 212620000, "interestExpense": -69318000, "incomeBeforeTax": 151542000, "incomeTaxExpense": 123000, "minorityInterest": {}, "netIncomeFromContinuingOps": 151419000, "discontinuedOperations": {}, "extraordinaryItems": {}, "effectOfAccountingCharges": {}, "otherItems": {}, "netIncome": 151419000, "netIncomeApplicableToCommonShares": 151419000}, {"maxAge": 1, "endDate": "2020-03-31", "totalRevenue": 4985599503, "costOfRevenue": 4497917492, "grossProfit": 487682011, "researchDevelopment": {}, "sellingGeneralAdministrative": 35410980, "nonRecurring": {}, "otherOperatingExpenses": -56804366, "totalOperatingExpenses": 4574462460, "operatingIncome": 411137043, "totalOtherIncomeExpenseNet": 323200622, "ebit": 411137043, "interestExpense": -85697375, "incomeBeforeTax": 734337665, "incomeTaxExpense": -1002219, "minorityInterest": {}, "netIncomeFromContinuingOps": 735339884, "discontinuedOperations": {}, "extraordinaryItems": {}, "effectOfAccountingCharges": {}, "otherItems": {}, "netIncome": 735339884, "netIncomeApplicableToCommonShares": 735339884}, {"maxAge": 1, "endDate": "2019-12-31", "totalRevenue": 5853920000, "costOfRevenue": 5440450000, "grossProfit": 413470000, "researchDevelopment": {}, "sellingGeneralAdministrative": 32950000, "nonRecurring": {}, "otherOperatingExpenses": 62160000, "totalOperatingExpenses": 5604910000, "operatingIncome": 249010000, "totalOtherIncomeExpenseNet": -73690000, "ebit": 249010000, "interestExpense": -84180000, "incomeBeforeTax": 175320000, "incomeTaxExpense": 2340000, "minorityInterest": {}, "netIncomeFromContinuingOps": 172980000, "discontinuedOperations": {}, "extraordinaryItems": {}, "effectOfAccountingCharges": {}, "otherItems": {}, "netIncome": 172980000, "netIncomeApplicableToCommonShares": 172980000}, {"maxAge": 1, "endDate": "2019-09-30", "totalRevenue": 4779567000, "costOfRevenue": 4369116000, "grossProfit": 410451000, "researchDevelopment": {}, "sellingGeneralAdministrative": 28934000, "nonRecurring": {}, "otherOperatingExpenses": 78699000, "totalOperatingExpenses": 4543783000, "operatingIncome": 235784000, "totalOtherIncomeExpenseNet": -88866000, "ebit": 235784000, "interestExpense": -91064000, "incomeBeforeTax": 146918000, "incomeTaxExpense": -10759000, "minorityInterest": {}, "netIncomeFromContinuingOps": 157677000, "discontinuedOperations": {}, "extraordinaryItems": {}, "effectOfAccountingCharges": {}, "otherItems": {}, "netIncome": 157677000, "netIncomeApplicableToCommonShares": 157677000}], "maxAge": 86400}, "cashflowStatementHistoryQuarterly": {"cashflowStatements": [{"maxAge": 1, "endDate": "2020-06-30", "netIncome": 151419000, "changeToLiabilities": 0}, {"maxAge": 1, "endDate": "2020-03-31", "netIncome": 735339884, "changeToLiabilities": 0}, {"maxAge": 1, "endDate": "2019-12-31", "netIncome": 172980000, "changeToLiabilities": 0}, {"maxAge": 1, "endDate": "2019-09-30", "netIncome": 157677000, "changeToLiabilities": 0}], "maxAge": 86400}, "insiderHolders": {"holders": [{"maxAge": 1, "name": "Groupe Veritas Ltd", "relation": "Promoter", "url": "", "transactionDescription": "Acquisition", "latestTransDate": "2019-03-27", "positionDirect": 1523967, "positionDirectDate": "2019-03-27"}], "maxAge": 1}, "earnings": {"maxAge": 86400, "earningsChart": {"quarterly": [], "earningsDate": ["2020-09-15 05:30:S"]}, "financialsChart": {"yearly": [{"date": 2017, "revenue": 16484792051, "earnings": 689355574}, {"date": 2018, "revenue": 16793150944, "earnings": 677538340}, {"date": 2019, "revenue": 18757024439, "earnings": 435234525}, {"date": 2020, "revenue": 20368461503, "earnings": 1222868884}], "quarterly": [{"date": "3Q2019", "revenue": 4779567000, "earnings": 157677000}, {"date": "4Q2019", "revenue": 5853920000, "earnings": 172980000}, {"date": "1Q2020", "revenue": 4985599503, "earnings": 735339884}, {"date": "2Q2020", "revenue": 4216096000, "earnings": 151419000}]}, "financialCurrency": "INR"}, "calendarEvents": {"maxAge": 1, "earnings": {"earningsDate": ["2020-09-15 05:30:S"], "revenueAverage": 21232400000, "revenueLow": 21232400000, "revenueHigh": 21232400000}}, "price": {"maxAge": 1, "regularMarketChangePercent": -0.0007357679, "regularMarketChange": -0.049995422, "regularMarketTime": "2021-04-30 15:29:18", "priceHint": 2, "regularMarketPrice": 67.9, "regularMarketDayHigh": 69.3, "regularMarketDayLow": 67.25, "regularMarketVolume": 7242, "averageDailyVolume10Day": 6871, "averageDailyVolume3Month": 7424, "regularMarketPreviousClose": 67.95, "regularMarketSource": "FREE_REALTIME", "regularMarketOpen": 69.3, "exchange": "BSE", "exchangeName": "BSE", "exchangeDataDelayedBy": 0, "marketState": "CLOSED", "quoteType": "EQUITY", "symbol": "VERITAS.BO", "underlyingSymbol": null, "shortName": "VERITAS (INDIA) LTD.", "longName": "Veritas (India) Limited", "currency": "INR", "quoteSourceName": "Delayed Quote", "currencySymbol": "\u20b9", "fromCurrency": null, "toCurrency": null, "lastMarket": null, "marketCap": 1820399104}, "balanceSheetHistory": {"balanceSheetStatements": [{"maxAge": 1, "endDate": "2020-03-31", "cash": 420397532, "netReceivables": 8742679947, "inventory": 1611659, "otherCurrentAssets": 10746651, "totalCurrentAssets": 9176266199, "longTermInvestments": 5510789, "propertyPlantEquipment": 23721531783, "otherAssets": 46979466, "deferredLongTermAssetCharges": 4795129, "totalAssets": 32950288237, "accountsPayable": 5282305307, "shortLongTermDebt": 1195605562, "otherCurrentLiab": 37993279, "longTermDebt": 2988947750, "otherLiab": 3972280502, "totalCurrentLiabilities": 6570320892, "totalLiab": 14059019727, "commonStock": 26810000, "retainedEarnings": 4725571380, "treasuryStock": 4821118380, "capitalSurplus": 9317768750, "otherStockholderEquity": 4821118380, "totalStockholderEquity": 18891268510, "netTangibleAssets": 18891268510}, {"maxAge": 1, "endDate": "2019-03-31", "cash": 721155302, "netReceivables": 5475969997, "inventory": 1207122306, "otherCurrentAssets": 11397606, "totalCurrentAssets": 7446577095, "longTermInvestments": 6927274, "propertyPlantEquipment": 22264720648, "goodWill": 556188, "otherAssets": 63895518, "totalAssets": 29782676723, "accountsPayable": 4007879585, "shortLongTermDebt": 1100275912, "otherCurrentLiab": 652244024, "longTermDebt": 3850983246, "otherLiab": 3132456273, "totalCurrentLiabilities": 5828580937, "totalLiab": 12812020456, "commonStock": 26810000, "retainedEarnings": 3511494071, "treasuryStock": 4114583446, "capitalSurplus": 9317768750, "otherStockholderEquity": 4114583446, "totalStockholderEquity": 16970656267, "netTangibleAssets": 16970100079}, {"maxAge": 1, "endDate": "2018-03-31", "cash": 571958362, "netReceivables": 6804559276, "inventory": 147384041, "otherCurrentAssets": 12049893, "totalCurrentAssets": 7548456653, "longTermInvestments": 6910082, "propertyPlantEquipment": 21741631877, "goodWill": 976440, "otherAssets": 57584757, "totalAssets": 29355559809, "accountsPayable": 2521500147, "otherCurrentLiab": 611207048, "longTermDebt": 4640589821, "otherLiab": 4067630053, "totalCurrentLiabilities": 8181809262, "totalLiab": 16890029136, "commonStock": 26810000, "retainedEarnings": 3070850470, "treasuryStock": 50101453, "capitalSurplus": 9317768750, "otherStockholderEquity": 50101453, "totalStockholderEquity": 12465530673, "netTangibleAssets": 12464554233}, {"maxAge": 1, "endDate": "2017-03-31", "cash": 485011442, "netReceivables": 5222944830, "inventory": 340495679, "otherCurrentAssets": 1478853, "totalCurrentAssets": 6052769843, "longTermInvestments": 15467112, "propertyPlantEquipment": 15877508209, "otherAssets": 23285061, "deferredLongTermAssetCharges": 1917133, "totalAssets": 21969030225, "accountsPayable": 1325781811, "shortLongTermDebt": 3902659, "otherCurrentLiab": 17759934, "longTermDebt": 4902620936, "otherLiab": 2430283537, "totalCurrentLiabilities": 2886700976, "totalLiab": 10219605449, "commonStock": 26810000, "retainedEarnings": 2394378602, "treasuryStock": 10467424, "capitalSurplus": 9317768750, "otherStockholderEquity": 10467424, "totalStockholderEquity": 11749424776, "netTangibleAssets": 11749424776}], "maxAge": 86400}, "earningsTrend": {"trend": [{"maxAge": 1, "period": "0q", "endDate": "2017-09-30", "growth": {}, "earningsEstimate": {"avg": 0.0, "low": 0.0, "high": 0.0, "yearAgoEps": {}, "numberOfAnalysts": 0, "growth": {}}, "revenueEstimate": {"avg": 21232400000, "low": 21232400000, "high": 21232400000, "numberOfAnalysts": 1, "yearAgoRevenue": 16803300000, "growth": 0.264}, "epsTrend": {"current": 0.0, "7daysAgo": 10.54, "30daysAgo": 10.54, "60daysAgo": 10.54, "90daysAgo": 10.54}, "epsRevisions": {"upLast7days": 0, "upLast30days": 0, "downLast30days": 0, "downLast90days": {}}}, {"maxAge": 1, "period": "+1q", "endDate": "2017-12-31", "growth": {}, "earningsEstimate": {"avg": 0.0, "low": 0.0, "high": 0.0, "yearAgoEps": {}, "numberOfAnalysts": 0, "growth": {}}, "revenueEstimate": {"avg": 21232400000, "low": 21232400000, "high": 21232400000, "numberOfAnalysts": 1, "yearAgoRevenue": 16803300000, "growth": 0.264}, "epsTrend": {"current": 0.0, "7daysAgo": 0.0, "30daysAgo": 0.0, "60daysAgo": 0.0, "90daysAgo": 0.0}, "epsRevisions": {"upLast7days": 0, "upLast30days": 0, "downLast30days": 0, "downLast90days": {}}}, {"maxAge": 1, "period": "0y", "endDate": "2019-03-31", "growth": {}, "earningsEstimate": {"avg": 0.0, "low": 0.0, "high": 0.0, "yearAgoEps": {}, "numberOfAnalysts": 0, "growth": {}}, "revenueEstimate": {"avg": 21232400000, "low": 21232400000, "high": 21232400000, "numberOfAnalysts": 1, "yearAgoRevenue": 16803300000, "growth": 0.264}, "epsTrend": {"current": 0.0, "7daysAgo": 0.0, "30daysAgo": 0.0, "60daysAgo": 0.0, "90daysAgo": 0.0}, "epsRevisions": {"upLast7days": 0, "upLast30days": 0, "downLast30days": 0, "downLast90days": {}}}, {"maxAge": 1, "period": "+1y", "endDate": "2018-03-31", "growth": {}, "earningsEstimate": {"avg": 0.0, "low": 0.0, "high": 0.0, "yearAgoEps": {}, "numberOfAnalysts": 0, "growth": {}}, "revenueEstimate": {"avg": 16803300000, "low": 18463000000, "high": 18463000000, "numberOfAnalysts": 1, "yearAgoRevenue": 21232400000, "growth": -0.20899999}, "epsTrend": {"current": 0.0, "7daysAgo": 29.12, "30daysAgo": 29.12, "60daysAgo": 29.12, "90daysAgo": 29.12}, "epsRevisions": {"upLast7days": 0, "upLast30days": 0, "downLast30days": 0, "downLast90days": {}}}, {"maxAge": 1, "period": "+5y", "endDate": null, "growth": {}, "earningsEstimate": {"avg": {}, "low": {}, "high": {}, "yearAgoEps": {}, "numberOfAnalysts": {}, "growth": {}}, "revenueEstimate": {"avg": {}, "low": {}, "high": {}, "numberOfAnalysts": {}, "yearAgoRevenue": {}, "growth": {}}, "epsTrend": {"current": {}, "7daysAgo": {}, "30daysAgo": {}, "60daysAgo": {}, "90daysAgo": {}}, "epsRevisions": {"upLast7days": {}, "upLast30days": {}, "downLast30days": {}, "downLast90days": {}}}, {"maxAge": 1, "period": "-5y", "endDate": null, "growth": {}, "earningsEstimate": {"avg": {}, "low": {}, "high": {}, "yearAgoEps": {}, "numberOfAnalysts": {}, "growth": {}}, "revenueEstimate": {"avg": {}, "low": {}, "high": {}, "numberOfAnalysts": {}, "yearAgoRevenue": {}, "growth": {}}, "epsTrend": {"current": {}, "7daysAgo": {}, "30daysAgo": {}, "60daysAgo": {}, "90daysAgo": {}}, "epsRevisions": {"upLast7days": {}, "upLast30days": {}, "downLast30days": {}, "downLast90days": {}}}], "maxAge": 1}, "financialData": {"maxAge": 86400, "currentPrice": 67.9, "recommendationKey": "none", "grossProfits": 1695681011, "financialCurrency": "INR"}}}