{"VERTOZ.NS": {"assetProfile": {"address1": "602, Avior Nirmal Galaxy", "address2": "Opp. Johnson & Johnson, LBS Marg Mulund (West)", "city": "Mumbai", "zip": "400080", "country": "India", "phone": "91 22 6142 6030", "fax": "91 22 6142 6061", "website": "http://www.vertoz.com", "industry": "Advertising Agencies", "sector": "Communication Services", "longBusinessSummary": "Vertoz Advertising Limited provides media buying and programmatic advertising solutions worldwide. Its Ingenious Plex media buying platform offers real-time trading of digital advertising between advertisers and publishers. The company was formerly known as Vertoz Media Limited and changed its name to Vertoz Advertising Limited in June 2017. Vertoz Advertising Limited was founded in 2012 and is based in Mumbai, India.", "fullTimeEmployees": 112, "companyOfficers": [{"maxAge": 1, "name": "Mr. Ashish Rasiklal Shah", "age": 39, "title": "Founder, CEO & Whole-Time Director", "yearBorn": 1981, "fiscalYear": 2020, "totalPay": 5418968, "exercisedValue": 0, "unexercisedValue": 0}, {"maxAge": 1, "name": "Mr. Akshay Ashok Sonar Parolkar", "age": 33, "title": "Chief Financial Officer", "yearBorn": 1987, "fiscalYear": 2020, "totalPay": 1866816, "exercisedValue": 0, "unexercisedValue": 0}, {"maxAge": 1, "name": "Ms. Zill Pankaj Shah", "title": "Company Sec. & Compliance Officer", "fiscalYear": 2020, "totalPay": 695520, "exercisedValue": 0, "unexercisedValue": 0}, {"maxAge": 1, "name": "Mr. Hirenkumar Rasiklal Shah", "age": 40, "title": "Whole-Time Director", "yearBorn": 1980, "fiscalYear": 2020, "totalPay": 5954400, "exercisedValue": 0, "unexercisedValue": 0}, {"maxAge": 1, "name": "Anand  Dixit", "age": 36, "title": "Head of Technology", "yearBorn": 1984, "exercisedValue": 0, "unexercisedValue": 0}, {"maxAge": 1, "name": "Amit  Gandhi", "age": 33, "title": "Director of Sales", "yearBorn": 1987, "fiscalYear": 2019, "exercisedValue": 0, "unexercisedValue": 0}, {"maxAge": 1, "name": "Mr. Kishore M. Naidu", "age": 45, "title": "Chief Revenue Officer", "yearBorn": 1975, "fiscalYear": 2019, "exercisedValue": 0, "unexercisedValue": 0}, {"maxAge": 1, "name": "Taranath  Shetty", "age": 41, "title": "Regional Head of West", "yearBorn": 1979, "exercisedValue": 0, "unexercisedValue": 0}, {"maxAge": 1, "name": "Sonia  Coutinho", "age": 37, "title": "Bus. Head of Strategic Initiatives", "yearBorn": 1983, "exercisedValue": 0, "unexercisedValue": 0}, {"maxAge": 1, "name": "Gaurav  Modi", "age": 35, "title": "Director of Bus. Devel.", "yearBorn": 1985, "fiscalYear": 2019, "exercisedValue": 0, "unexercisedValue": 0}], "compensationAsOfEpochDate": "2020-12-31 05:30:00", "maxAge": 86400}, "cashflowStatementHistory": {"cashflowStatements": [{"maxAge": 1, "endDate": "2020-03-31", "netIncome": 42066388, "depreciation": 5143896, "changeToNetincome": 28734065, "changeToAccountReceivables": 39971435, "changeToLiabilities": -6024562, "changeToOperatingActivities": 262299900, "totalCashFromOperatingActivities": 383802323, "capitalExpenditures": -506007420, "otherCashflowsFromInvestingActivities": 17497757, "totalCashflowsFromInvestingActivities": -488509663, "netBorrowings": 46542133, "otherCashflowsFromFinancingActivities": -8932222, "totalCashFromFinancingActivities": 97459911, "changeInCash": -7247430, "issuanceOfStock": 59850000}, {"maxAge": 1, "endDate": "2019-03-31", "netIncome": 73380456, "depreciation": 18795787, "changeToNetincome": 4071961, "changeToAccountReceivables": 43942683, "changeToLiabilities": 2078388, "changeToOperatingActivities": -220787303, "totalCashFromOperatingActivities": -78518028, "capitalExpenditures": -10119707, "otherCashflowsFromInvestingActivities": 6533541, "totalCashflowsFromInvestingActivities": -3586166, "netBorrowings": -3429903, "otherCashflowsFromFinancingActivities": -3768450, "totalCashFromFinancingActivities": -7198353, "changeInCash": -89302547, "issuanceOfStock": 59850000}, {"maxAge": 1, "endDate": "2018-03-31", "netIncome": 57374354, "depreciation": 13664531, "changeToNetincome": -523414, "changeToAccountReceivables": -106358900, "changeToLiabilities": 7932376, "changeToOperatingActivities": -18152077, "totalCashFromOperatingActivities": -46063130, "capitalExpenditures": -54425839, "otherCashflowsFromInvestingActivities": 6294775, "totalCashflowsFromInvestingActivities": -48131064, "netBorrowings": -3429903, "otherCashflowsFromFinancingActivities": -5097427, "totalCashFromFinancingActivities": 189184573, "changeInCash": 94990379, "issuanceOfStock": 194282000}, {"maxAge": 1, "endDate": "2017-03-31", "netIncome": 30592454, "depreciation": 8639000, "changeToNetincome": 3931000, "changeToAccountReceivables": -59292000, "changeToLiabilities": 39511000, "changeToOperatingActivities": 25516000, "totalCashFromOperatingActivities": 48934000, "capitalExpenditures": -25415000, "otherCashflowsFromInvestingActivities": 1718000, "totalCashflowsFromInvestingActivities": -23076000, "netBorrowings": 13024000, "otherCashflowsFromFinancingActivities": -1034000, "totalCashFromFinancingActivities": 11990000, "changeInCash": 37848000, "issuanceOfStock": 194282000}], "maxAge": 86400}, "institutionOwnership": {"ownershipList": [], "maxAge": 1}, "majorHoldersBreakdown": {"maxAge": 1}, "balanceSheetHistoryQuarterly": {"balanceSheetStatements": [{"maxAge": 1, "endDate": "2020-12-31", "totalStockholderEquity": 523028000, "netTangibleAssets": 464062000}, {"maxAge": 1, "endDate": "2020-09-30", "cash": 31544000, "netReceivables": 161205000, "otherCurrentAssets": 7712000, "totalCurrentAssets": 200461000, "propertyPlantEquipment": 525797000, "intangibleAssets": 58966000, "otherAssets": 3455000, "totalAssets": 788679000, "accountsPayable": 80993000, "otherCurrentLiab": 50630000, "longTermDebt": 14552000, "otherLiab": 7013000, "totalCurrentLiabilities": 233180000, "totalLiab": 265651000, "commonStock": 119700000, "treasuryStock": 403328000, "otherStockholderEquity": 403328000, "totalStockholderEquity": 523028000, "netTangibleAssets": 464062000}, {"maxAge": 1, "endDate": "2020-06-30", "totalStockholderEquity": 500146000, "netTangibleAssets": 500146000}, {"maxAge": 1, "endDate": "2020-03-31", "cash": 29741000, "netReceivables": 100447000, "totalCurrentAssets": 130188000, "propertyPlantEquipment": 574610000, "otherAssets": 1691000, "totalAssets": 706489000, "accountsPayable": 65025000, "otherCurrentLiab": 34380000, "longTermDebt": 52664000, "otherLiab": 6533000, "totalCurrentLiabilities": 147146000, "totalLiab": 206343000, "commonStock": 119700000, "treasuryStock": 380446000, "otherStockholderEquity": 380446000, "totalStockholderEquity": 500146000, "netTangibleAssets": 500146000}], "maxAge": 86400}, "indexTrend": {"maxAge": 1, "symbol": "SP5", "peRatio": 19.7411, "pegRatio": 1.34172, "estimates": [{"period": "0q", "growth": 0.549}, {"period": "+1q", "growth": 0.431}, {"period": "0y", "growth": 0.305}, {"period": "+1y", "growth": 0.109}, {"period": "+5y", "growth": 0.120865}, {"period": "-5y"}]}, "defaultKeyStatistics": {"maxAge": 1, "priceHint": 2, "enterpriseValue": 3024327936, "profitMargins": 0.112320006, "floatShares": 4258842, "sharesOutstanding": 11970000, "beta": 1.136348, "category": null, "bookValue": 43.793, "priceToBook": 5.601352, "fundFamily": null, "legalType": null, "lastFiscalYearEnd": "2020-03-31 05:30:00", "nextFiscalYearEnd": "2022-03-31 05:30:00", "mostRecentQuarter": "2020-12-31 05:30:00", "earningsQuarterlyGrowth": 2.515, "netIncomeToCommon": 41501388, "trailingEps": 3.461, "lastSplitFactor": "2:1", "lastSplitDate": "2020-01-02 05:30:00", "enterpriseToRevenue": 8.185, "enterpriseToEbitda": 121.289}, "summaryProfile": {"address1": "602, Avior Nirmal Galaxy", "address2": "Opp. Johnson & Johnson, LBS Marg Mulund (West)", "city": "Mumbai", "zip": "400080", "country": "India", "phone": "91 22 6142 6030", "fax": "91 22 6142 6061", "website": "http://www.vertoz.com", "industry": "Advertising Agencies", "sector": "Communication Services", "longBusinessSummary": "Vertoz Advertising Limited provides media buying and programmatic advertising solutions worldwide. Its Ingenious Plex media buying platform offers real-time trading of digital advertising between advertisers and publishers. The company was formerly known as Vertoz Media Limited and changed its name to Vertoz Advertising Limited in June 2017. Vertoz Advertising Limited was founded in 2012 and is based in Mumbai, India.", "fullTimeEmployees": 112, "companyOfficers": [], "maxAge": 86400}, "netSharePurchaseActivity": {"maxAge": 1, "period": "6m", "buyInfoCount": 0, "buyInfoShares": 0, "sellInfoCount": 0, "netInfoCount": 0, "netInfoShares": 0, "totalInsiderShares": 0}, "quoteType": {"exchange": "NSI", "quoteType": "EQUITY", "symbol": "VERTOZ.NS", "underlyingSymbol": "VERTOZ.NS", "shortName": "Vertoz Advertising Ltd", "longName": "Vertoz Advertising Limited", "firstTradeDateEpochUtc": "2017-11-24 09:15:00", "timeZoneFullName": "Asia/Kolkata", "timeZoneShortName": "IST", "uuid": "17ad0cc0-855d-3aa0-be43-e5a8ef8ad552", "gmtOffSetMilliseconds": 19800000, "maxAge": 1}, "incomeStatementHistory": {"incomeStatementHistory": [{"maxAge": 1, "endDate": "2020-03-31", "totalRevenue": 405312252, "costOfRevenue": 318450928, "grossProfit": 86861324, "researchDevelopment": {}, "sellingGeneralAdministrative": 11251092, "nonRecurring": {}, "otherOperatingExpenses": 11725563, "totalOperatingExpenses": 358276412, "operatingIncome": 47035840, "totalOtherIncomeExpenseNet": 6774024, "ebit": 47035840, "interestExpense": -8281502, "incomeBeforeTax": 53809864, "incomeTaxExpense": 11743476, "minorityInterest": {}, "netIncomeFromContinuingOps": 42066388, "discontinuedOperations": {}, "extraordinaryItems": {}, "effectOfAccountingCharges": {}, "otherItems": {}, "netIncome": 42066388, "netIncomeApplicableToCommonShares": 42066388}, {"maxAge": 1, "endDate": "2019-03-31", "totalRevenue": 462324058, "costOfRevenue": 319102341, "grossProfit": 143221717, "researchDevelopment": {}, "sellingGeneralAdministrative": 14330765, "nonRecurring": {}, "otherOperatingExpenses": 22133246, "totalOperatingExpenses": 376021009, "operatingIncome": 86303049, "totalOtherIncomeExpenseNet": 1624774, "ebit": 86303049, "interestExpense": -2997067, "incomeBeforeTax": 87927823, "incomeTaxExpense": 14547367, "minorityInterest": {}, "netIncomeFromContinuingOps": 73380456, "discontinuedOperations": {}, "extraordinaryItems": {}, "effectOfAccountingCharges": {}, "otherItems": {}, "netIncome": 73380456, "netIncomeApplicableToCommonShares": 73380456}, {"maxAge": 1, "endDate": "2018-03-31", "totalRevenue": 368394576, "costOfRevenue": 257416482, "grossProfit": 110978094, "researchDevelopment": {}, "sellingGeneralAdministrative": 12972796, "nonRecurring": {}, "otherOperatingExpenses": 17518585, "totalOperatingExpenses": 301572394, "operatingIncome": 66822182, "totalOtherIncomeExpenseNet": 490891, "ebit": 66822182, "interestExpense": -4381886, "incomeBeforeTax": 67313073, "incomeTaxExpense": 9938719, "minorityInterest": {}, "netIncomeFromContinuingOps": 57374354, "discontinuedOperations": {}, "extraordinaryItems": {}, "effectOfAccountingCharges": {}, "otherItems": {}, "netIncome": 57374354, "netIncomeApplicableToCommonShares": 57374354}, {"maxAge": 1, "endDate": "2017-03-31", "totalRevenue": 203030792, "costOfRevenue": 131096562, "grossProfit": 71934230, "researchDevelopment": {}, "sellingGeneralAdministrative": 4477787, "nonRecurring": {}, "otherOperatingExpenses": 16710193, "totalOperatingExpenses": 160923768, "operatingIncome": 42107024, "totalOtherIncomeExpenseNet": -3505769, "ebit": 42107024, "interestExpense": -1888583, "incomeBeforeTax": 38601255, "incomeTaxExpense": 8008801, "minorityInterest": {}, "netIncomeFromContinuingOps": 30592454, "discontinuedOperations": {}, "extraordinaryItems": {}, "effectOfAccountingCharges": {}, "otherItems": {}, "netIncome": 30592454, "netIncomeApplicableToCommonShares": 30592454}], "maxAge": 86400}, "fundOwnership": {"ownershipList": [], "maxAge": 1}, "summaryDetail": {"maxAge": 1, "priceHint": 2, "previousClose": 248.2, "open": 248.2, "dayLow": 244.5, "dayHigh": 254.35, "regularMarketPreviousClose": 248.2, "regularMarketOpen": 248.2, "regularMarketDayLow": 244.5, "regularMarketDayHigh": 254.35, "dividendRate": 0.1, "dividendYield": 0.0004, "exDividendDate": "2020-10-19 05:30:00", "payoutRatio": 0.028900001, "beta": 1.136348, "trailingPE": 70.87547, "volume": 174014, "regularMarketVolume": 174014, "averageVolume": 185508, "averageVolume10days": 238435, "averageDailyVolume10Day": 238435, "bid": 0.0, "ask": 0.0, "marketCap": 2936241152, "fiftyTwoWeekLow": 59.25, "fiftyTwoWeekHigh": 322.0, "priceToSalesTrailing12Months": 7.9470572, "fiftyDayAverage": 274.75735, "twoHundredDayAverage": 212.71915, "trailingAnnualDividendRate": 0.1, "trailingAnnualDividendYield": 0.00040290089, "currency": "INR", "fromCurrency": null, "lastMarket": null, "algorithm": null, "tradeable": false}, "incomeStatementHistoryQuarterly": {"incomeStatementHistory": [{"maxAge": 1, "endDate": "2020-12-31", "totalRevenue": 139860000, "costOfRevenue": 97828000, "grossProfit": 42032000, "researchDevelopment": {}, "sellingGeneralAdministrative": {}, "nonRecurring": {}, "otherOperatingExpenses": 4144000, "totalOperatingExpenses": 111166000, "operatingIncome": 28694000, "totalOtherIncomeExpenseNet": -2029000, "ebit": 28694000, "interestExpense": -2548000, "incomeBeforeTax": 26665000, "incomeTaxExpense": 3024000, "minorityInterest": {}, "netIncomeFromContinuingOps": 23641000, "discontinuedOperations": {}, "extraordinaryItems": {}, "effectOfAccountingCharges": {}, "otherItems": {}, "netIncome": 23641000, "netIncomeApplicableToCommonShares": 23641000}, {"maxAge": 1, "endDate": "2020-09-30", "totalRevenue": 86147000, "costOfRevenue": 63493000, "grossProfit": 22654000, "researchDevelopment": {}, "sellingGeneralAdministrative": {}, "nonRecurring": {}, "otherOperatingExpenses": 5771000, "totalOperatingExpenses": 78468000, "operatingIncome": 7679000, "totalOtherIncomeExpenseNet": 15722000, "ebit": 7679000, "interestExpense": -2900000, "incomeBeforeTax": 23401000, "incomeTaxExpense": 10383000, "minorityInterest": {}, "netIncomeFromContinuingOps": 13018000, "discontinuedOperations": {}, "extraordinaryItems": {}, "effectOfAccountingCharges": {}, "otherItems": {}, "netIncome": 13018000, "netIncomeApplicableToCommonShares": 13018000}, {"maxAge": 1, "endDate": "2020-06-30", "totalRevenue": 83772000, "costOfRevenue": 63418000, "grossProfit": 20354000, "researchDevelopment": {}, "sellingGeneralAdministrative": {}, "nonRecurring": {}, "otherOperatingExpenses": 4233000, "totalOperatingExpenses": 76911000, "operatingIncome": 6861000, "totalOtherIncomeExpenseNet": -1114000, "ebit": 6861000, "interestExpense": -1581000, "incomeBeforeTax": 5747000, "incomeTaxExpense": 571000, "minorityInterest": {}, "netIncomeFromContinuingOps": 5176000, "discontinuedOperations": {}, "extraordinaryItems": {}, "effectOfAccountingCharges": {}, "otherItems": {}, "netIncome": 5176000, "netIncomeApplicableToCommonShares": 5176000}, {"maxAge": 1, "endDate": "2020-03-31", "totalRevenue": 117862000, "costOfRevenue": 104595000, "grossProfit": 13267000, "researchDevelopment": {}, "sellingGeneralAdministrative": {}, "nonRecurring": {}, "otherOperatingExpenses": 14816000, "totalOperatingExpenses": 127421000, "operatingIncome": -9559000, "totalOtherIncomeExpenseNet": 10107000, "ebit": -9559000, "interestExpense": -5609000, "incomeBeforeTax": 548000, "incomeTaxExpense": 3305000, "minorityInterest": {}, "netIncomeFromContinuingOps": -2757000, "discontinuedOperations": {}, "extraordinaryItems": {}, "effectOfAccountingCharges": {}, "otherItems": {}, "netIncome": -2757000, "netIncomeApplicableToCommonShares": -2757000}], "maxAge": 86400}, "cashflowStatementHistoryQuarterly": {"cashflowStatements": [{"maxAge": 1, "endDate": "2020-12-31", "netIncome": 23641000, "changeToLiabilities": 0}, {"maxAge": 1, "endDate": "2020-09-30", "netIncome": 13018000, "changeToLiabilities": 0}, {"maxAge": 1, "endDate": "2020-06-30", "netIncome": 5176000, "changeToLiabilities": 0}, {"maxAge": 1, "endDate": "2020-03-31", "netIncome": -2757000, "changeToLiabilities": 0}], "maxAge": 86400}, "insiderHolders": {"holders": [], "maxAge": 1}, "calendarEvents": {"maxAge": 1, "earnings": {"earningsDate": ["2020-09-16 05:30:S"]}, "exDividendDate": "2020-10-19 05:30:00"}, "upgradeDowngradeHistory": {"history": [], "maxAge": 86400}, "price": {"maxAge": 1, "regularMarketChangePercent": -0.011684101, "regularMarketChange": -2.899994, "regularMarketTime": "2021-04-30 15:29:56", "priceHint": 2, "regularMarketPrice": 245.3, "regularMarketDayHigh": 254.35, "regularMarketDayLow": 244.5, "regularMarketVolume": 174014, "averageDailyVolume10Day": 238435, "averageDailyVolume3Month": 185508, "regularMarketPreviousClose": 248.2, "regularMarketSource": "FREE_REALTIME", "regularMarketOpen": 248.2, "exchange": "NSI", "exchangeName": "NSE", "exchangeDataDelayedBy": 15, "marketState": "CLOSED", "quoteType": "EQUITY", "symbol": "VERTOZ.NS", "underlyingSymbol": null, "shortName": "Vertoz Advertising Ltd", "longName": "Vertoz Advertising Limited", "currency": "INR", "quoteSourceName": "Delayed Quote", "currencySymbol": "\u20b9", "fromCurrency": null, "lastMarket": null, "marketCap": 2936241152}, "balanceSheetHistory": {"balanceSheetStatements": [{"maxAge": 1, "endDate": "2020-03-31", "cash": 29741026, "netReceivables": 95268911, "otherCurrentAssets": 5177526, "totalCurrentAssets": 130187463, "propertyPlantEquipment": 8805613, "intangibleAssets": 565804324, "otherAssets": 1691475, "totalAssets": 706488875, "accountsPayable": 65024900, "shortLongTermDebt": 4447762, "otherCurrentLiab": 20178185, "longTermDebt": 52663812, "otherLiab": 6533432, "totalCurrentLiabilities": 147145522, "totalLiab": 206342766, "commonStock": 119700000, "retainedEarnings": 291849169, "capitalSurplus": 88596940, "totalStockholderEquity": 500146109, "netTangibleAssets": -65658215}, {"maxAge": 1, "endDate": "2019-03-31", "cash": 36988456, "netReceivables": 391305297, "otherCurrentAssets": 1353626, "totalCurrentAssets": 429647379, "propertyPlantEquipment": 19163090, "intangibleAssets": 68440575, "otherAssets": 3772776, "totalAssets": 521023820, "accountsPayable": 71049463, "shortLongTermDebt": 4081101, "otherCurrentLiab": 19500752, "longTermDebt": 6121679, "otherLiab": 3803985, "totalCurrentLiabilities": 147921984, "totalLiab": 157847648, "commonStock": 59850000, "retainedEarnings": 154309232, "capitalSurplus": 149016940, "totalStockholderEquity": 363176172, "netTangibleAssets": 294735597}, {"maxAge": 1, "endDate": "2018-03-31", "cash": 126291002, "netReceivables": 180699068, "otherCurrentAssets": 6131825, "totalCurrentAssets": 313121895, "propertyPlantEquipment": 16775783, "intangibleAssets": 80143239, "otherAssets": 3445655, "totalAssets": 413486572, "accountsPayable": 68971075, "shortLongTermDebt": 4380367, "otherCurrentLiab": 11395112, "longTermDebt": 9551582, "otherLiab": 4690484, "totalCurrentLiabilities": 115646565, "totalLiab": 129888631, "commonStock": 59850000, "retainedEarnings": 74731001, "capitalSurplus": 149016940, "totalStockholderEquity": 283597941, "netTangibleAssets": 203454702}, {"maxAge": 1, "endDate": "2017-03-31", "cash": 31300624, "netReceivables": 72652133, "otherCurrentAssets": 12126, "totalCurrentAssets": 103964883, "propertyPlantEquipment": 23209342, "intangibleAssets": 32956223, "otherAssets": 1882687, "totalAssets": 162013135, "accountsPayable": 61038699, "otherCurrentLiab": 6388832, "longTermDebt": 13474581, "otherLiab": 4667187, "totalCurrentLiabilities": 106292508, "totalLiab": 124434276, "commonStock": 200000, "retainedEarnings": 37378859, "totalStockholderEquity": 37578859, "netTangibleAssets": 4622636}], "maxAge": 86400}, "financialData": {"maxAge": 86400, "currentPrice": 245.3, "recommendationKey": "none", "totalCash": 31544000, "totalCashPerShare": 2.642, "ebitda": 24934818, "totalDebt": 127015000, "totalRevenue": 369475264, "debtToEquity": 24.285, "revenuePerShare": 30.852, "grossProfits": 86861324, "earningsGrowth": 2.536, "revenueGrowth": 1.405, "grossMargins": 0.2157, "ebitdaMargins": 0.067490004, "operatingMargins": 0.08128, "profitMargins": 0.112320006, "financialCurrency": "INR"}}}