{"VESUVIUS.NS": {"assetProfile": {"address1": "P-104 Taratala Road", "city": "Kolkata", "zip": "700088", "country": "India", "phone": "91 33 3041 0600", "fax": "91 33 2401 3976", "website": "http://www.vesuviusindia.com", "industry": "Specialty Industrial Machinery", "sector": "Industrials", "longBusinessSummary": "Vesuvius India Limited manufactures and trades in refractory products in India. The company offers shaped refractories, such as shrouds, stoppers, pre-cast products, nozzles, and crucibles; and unshaped refractories, including castables, and taphole clay, as well as repairs and maintenance services. Vesuvius India Limited also exports its products. The company was incorporated in 1991 and is headquartered in Kolkata, India. Vesuvius India Limited is a subsidiary of Vesuvius Group Limited, United Kingdom.", "fullTimeEmployees": 446, "companyOfficers": [{"maxAge": 1, "name": "Mr. Sivasis Salilkumar Sen", "age": 49, "title": "Chief Financial Officer", "yearBorn": 1971, "exercisedValue": 0, "unexercisedValue": 0}, {"maxAge": 1, "name": "Saibal  Bandyopadhyay", "age": 49, "title": "Chief Operations Officer", "yearBorn": 1971, "exercisedValue": 0, "unexercisedValue": 0}, {"maxAge": 1, "name": "Mr. Taposh Dominic Roy", "age": 58, "title": "Corp. Affairs & Compliance Officer", "yearBorn": 1962, "exercisedValue": 0, "unexercisedValue": 0}, {"maxAge": 1, "name": "Mr. U. K. Shashi Kumar", "age": 49, "title": "Chief of Flow Control Sales", "yearBorn": 1971, "exercisedValue": 0, "unexercisedValue": 0}, {"maxAge": 1, "name": "Mr. Vikram  Singh", "age": 43, "title": "Legal Director & Company Sec.", "yearBorn": 1977, "exercisedValue": 0, "unexercisedValue": 0}, {"maxAge": 1, "name": "Arijit  Dutta", "age": 47, "title": "Financial Controller of Advanced Refractories", "yearBorn": 1973, "exercisedValue": 0, "unexercisedValue": 0}, {"maxAge": 1, "name": "Subhabrata  Nandi", "age": 46, "title": "Fin. Controller of Flow Control", "yearBorn": 1974, "exercisedValue": 0, "unexercisedValue": 0}, {"maxAge": 1, "name": "Rajeev  Chalana", "title": "HR Director of Flow Control & Advanced Refractory South Asia", "exercisedValue": 0, "unexercisedValue": 0}, {"maxAge": 1, "name": "Mr. Nitin  Jain", "age": 49, "title": "MD & Director", "yearBorn": 1971, "exercisedValue": 0, "unexercisedValue": 0}, {"maxAge": 1, "name": "Mr. Tarun Kanti Basu BE, MBA", "age": 69, "title": "Chief Exec. of Marketing & Bus. Devel. and Member of Exec. Council", "yearBorn": 1951, "fiscalYear": 2009, "totalPay": 0, "exercisedValue": 0, "unexercisedValue": 0}], "compensationAsOfEpochDate": "2009-12-31 05:30:00", "maxAge": 86400}, "cashflowStatementHistory": {"cashflowStatements": [{"maxAge": 1, "endDate": "2020-12-31", "netIncome": 530500000, "depreciation": 255300000, "changeToNetincome": -208700000, "changeToAccountReceivables": 248500000, "changeToLiabilities": 336400000, "changeToInventory": -94300000, "changeToOperatingActivities": -53700000, "totalCashFromOperatingActivities": 1021100000, "capitalExpenditures": -151700000, "investments": -5063000000, "otherCashflowsFromInvestingActivities": 180800000, "totalCashflowsFromInvestingActivities": -5033800000, "dividendsPaid": -142100000, "totalCashFromFinancingActivities": -142100000, "changeInCash": -4154800000}, {"maxAge": 1, "endDate": "2019-12-31", "netIncome": 855500000, "depreciation": 258400000, "changeToNetincome": -186800000, "changeToAccountReceivables": -157000000, "changeToLiabilities": -198900000, "changeToInventory": 155700000, "changeToOperatingActivities": 8500000, "totalCashFromOperatingActivities": 742500000, "capitalExpenditures": -313000000, "investments": 3050000000, "otherCashflowsFromInvestingActivities": 232800000, "totalCashflowsFromInvestingActivities": 2969800000, "dividendsPaid": -142100000, "otherCashflowsFromFinancingActivities": -29200000, "totalCashFromFinancingActivities": -171300000, "changeInCash": 3541000000}, {"maxAge": 1, "endDate": "2018-12-31", "netIncome": 925200000, "depreciation": 271600000, "changeToNetincome": -242900000, "changeToAccountReceivables": 383800000, "changeToLiabilities": -88200000, "changeToInventory": -283600000, "changeToOperatingActivities": -26000000, "totalCashFromOperatingActivities": 946400000, "capitalExpenditures": -250600000, "investments": -3050000000, "otherCashflowsFromInvestingActivities": 198500000, "totalCashflowsFromInvestingActivities": -3095400000, "dividendsPaid": -137000000, "otherCashflowsFromFinancingActivities": -28200000, "totalCashFromFinancingActivities": -165200000, "changeInCash": -2314200000}, {"maxAge": 1, "endDate": "2017-12-31", "netIncome": 944500000, "depreciation": 297300000, "changeToNetincome": -182800000, "changeToAccountReceivables": 471900000, "changeToLiabilities": 327200000, "changeToInventory": -3900000, "changeToOperatingActivities": 54700000, "totalCashFromOperatingActivities": 1909400000, "capitalExpenditures": -398300000, "investments": 300000000, "otherCashflowsFromInvestingActivities": 114400000, "totalCashflowsFromInvestingActivities": 16200000, "dividendsPaid": -131900000, "otherCashflowsFromFinancingActivities": -26900000, "totalCashFromFinancingActivities": -158800000, "changeInCash": 1766800000}], "maxAge": 86400}, "institutionOwnership": {"ownershipList": [], "maxAge": 1}, "majorHoldersBreakdown": {"maxAge": 1, "insidersPercentHeld": 0.57791, "institutionsPercentHeld": 0.23944001, "institutionsFloatPercentHeld": 0.56727004, "institutionsCount": 11}, "balanceSheetHistoryQuarterly": {"balanceSheetStatements": [{"maxAge": 1, "endDate": "2021-03-31", "totalStockholderEquity": 8418000000, "netTangibleAssets": 8404900000}, {"maxAge": 1, "endDate": "2020-12-31", "cash": 524500000, "shortTermInvestments": 5063000000, "netReceivables": 1674000000, "inventory": 1190800000, "otherCurrentAssets": 92600000, "totalCurrentAssets": 8643600000, "propertyPlantEquipment": 1398500000, "intangibleAssets": 13100000, "otherAssets": 524300000, "deferredLongTermAssetCharges": 143700000, "totalAssets": 10579500000, "accountsPayable": 1574500000, "otherCurrentLiab": 206300000, "otherLiab": 223300000, "totalCurrentLiabilities": 1938200000, "totalLiab": 2161500000, "commonStock": 203000000, "retainedEarnings": 8043700000, "treasuryStock": 1800000, "capitalSurplus": 169500000, "otherStockholderEquity": 1800000, "totalStockholderEquity": 8418000000, "netTangibleAssets": 8404900000}, {"maxAge": 1, "endDate": "2020-09-30", "totalStockholderEquity": 8280300000, "netTangibleAssets": 8276000000}, {"maxAge": 1, "endDate": "2020-06-30", "cash": 5136300000, "shortTermInvestments": 30000000, "netReceivables": 1538900000, "inventory": 1059700000, "otherCurrentAssets": 126900000, "totalCurrentAssets": 7891800000, "propertyPlantEquipment": 1450800000, "intangibleAssets": 4300000, "otherAssets": 522100000, "deferredLongTermAssetCharges": 124300000, "totalAssets": 9869000000, "accountsPayable": 1078400000, "otherCurrentLiab": 298600000, "otherLiab": 210200000, "totalCurrentLiabilities": 1378500000, "totalLiab": 1588700000, "commonStock": 203000000, "treasuryStock": 8077300000, "otherStockholderEquity": 8077300000, "totalStockholderEquity": 8280300000, "netTangibleAssets": 8276000000}], "maxAge": 86400}, "indexTrend": {"maxAge": 1, "symbol": "SP5", "peRatio": 19.7411, "pegRatio": 1.34172, "estimates": [{"period": "0q", "growth": 0.549}, {"period": "+1q", "growth": 0.431}, {"period": "0y", "growth": 0.305}, {"period": "+1y", "growth": 0.109}, {"period": "+5y", "growth": 0.120865}, {"period": "-5y"}]}, "defaultKeyStatistics": {"maxAge": 1, "priceHint": 2, "enterpriseValue": 15687866368, "profitMargins": 0.060549997, "floatShares": 8364218, "sharesOutstanding": 20296100, "heldPercentInsiders": 0.57791, "heldPercentInstitutions": 0.23944001, "beta": 0.767473, "category": null, "bookValue": 414.76, "priceToBook": 2.5515962, "fundFamily": null, "legalType": null, "lastFiscalYearEnd": "2020-12-31 05:30:00", "nextFiscalYearEnd": "2022-12-31 05:30:00", "mostRecentQuarter": "2021-03-31 05:30:00", "earningsQuarterlyGrowth": -0.135, "netIncomeToCommon": 505300000, "trailingEps": 24.89, "lastSplitFactor": null, "enterpriseToRevenue": 1.88, "enterpriseToEbitda": 20.823}, "summaryProfile": {"address1": "P-104 Taratala Road", "city": "Kolkata", "zip": "700088", "country": "India", "phone": "91 33 3041 0600", "fax": "91 33 2401 3976", "website": "http://www.vesuviusindia.com", "industry": "Specialty Industrial Machinery", "sector": "Industrials", "longBusinessSummary": "Vesuvius India Limited manufactures and trades in refractory products in India. The company offers shaped refractories, such as shrouds, stoppers, pre-cast products, nozzles, and crucibles; and unshaped refractories, including castables, and taphole clay, as well as repairs and maintenance services. Vesuvius India Limited also exports its products. The company was incorporated in 1991 and is headquartered in Kolkata, India. Vesuvius India Limited is a subsidiary of Vesuvius Group Limited, United Kingdom.", "fullTimeEmployees": 446, "companyOfficers": [], "maxAge": 86400}, "netSharePurchaseActivity": {"maxAge": 1, "period": "6m", "buyInfoCount": 0, "buyInfoShares": 0, "sellInfoCount": 0, "netInfoCount": 0, "netInfoShares": 0, "netPercentInsiderShares": 0.0, "totalInsiderShares": 11729308}, "insiderTransactions": {"transactions": [{"maxAge": 1, "shares": 1660, "value": 21909, "filerUrl": "", "transactionText": "Acquisition at price 13.20 per share.", "filerName": "Gupta (Anirudha)", "filerRelation": "UNREPORTED", "moneyText": "", "startDate": "2020-08-31", "ownership": "D"}, {"maxAge": 1, "shares": 169, "value": 2269, "filerUrl": "", "transactionText": "Acquisition at price 13.43 per share.", "filerName": "Gupta (Anirudha)", "filerRelation": "UNREPORTED", "moneyText": "", "startDate": "2020-08-28", "ownership": "D"}, {"maxAge": 1, "shares": 1829, "value": 24243, "filerUrl": "", "transactionText": "Sale at price 13.25 per share.", "filerName": "Gupta (Anirudha)", "filerRelation": "Promoter", "moneyText": "", "startDate": "2020-08-21", "ownership": "D"}, {"maxAge": 1, "shares": 2300, "filerUrl": "", "transactionText": "", "filerName": "Dutta (Monika)", "filerRelation": "UNREPORTED", "moneyText": "", "startDate": "2018-12-28", "ownership": "D"}, {"maxAge": 1, "shares": 1000, "filerUrl": "", "transactionText": "", "filerName": "Dutta (Monika)", "filerRelation": "UNREPORTED", "moneyText": "", "startDate": "2018-12-17", "ownership": "D"}, {"maxAge": 1, "shares": 8956, "filerUrl": "", "transactionText": "", "filerName": "Gupta (Biswadip)", "filerRelation": "Non Executive Chairman", "moneyText": "", "startDate": "2018-02-28", "ownership": "D"}, {"maxAge": 1, "shares": 5508, "filerUrl": "", "transactionText": "", "filerName": "Gupta (Biswadip)", "filerRelation": "Non Executive Chairman", "moneyText": "", "startDate": "2018-02-27", "ownership": "D"}, {"maxAge": 1, "shares": 2073, "filerUrl": "", "transactionText": "", "filerName": "Gupta (Biswadip)", "filerRelation": "Non Executive Chairman", "moneyText": "", "startDate": "2018-02-26", "ownership": "D"}, {"maxAge": 1, "shares": 4700, "filerUrl": "", "transactionText": "", "filerName": "Gupta (Biswadip)", "filerRelation": "Non Executive Chairman", "moneyText": "", "startDate": "2018-02-23", "ownership": "D"}, {"maxAge": 1, "shares": 3280, "filerUrl": "", "transactionText": "", "filerName": "Gupta (Biswadip)", "filerRelation": "Non Executive Chairman", "moneyText": "", "startDate": "2018-02-21", "ownership": "D"}, {"maxAge": 1, "shares": 4785, "filerUrl": "", "transactionText": "", "filerName": "Gupta (Biswadip)", "filerRelation": "Non Executive Chairman", "moneyText": "", "startDate": "2018-02-21", "ownership": "D"}, {"maxAge": 1, "shares": 12258, "filerUrl": "", "transactionText": "", "filerName": "Gupta (Biswadip)", "filerRelation": "Non Executive Chairman", "moneyText": "", "startDate": "2018-02-20", "ownership": "D"}, {"maxAge": 1, "shares": 38165, "filerUrl": "", "transactionText": "", "filerName": "Gupta (Biswadip)", "filerRelation": "Director (Non-Executive)", "moneyText": "", "startDate": "2014-11-24", "ownership": "D"}, {"maxAge": 1, "shares": 37096, "filerUrl": "", "transactionText": "", "filerName": "Ganguly (Tanmay)", "filerRelation": "Managing Director", "moneyText": "", "startDate": "2013-11-14", "ownership": "D"}, {"maxAge": 1, "shares": 20000, "filerUrl": "", "transactionText": "", "filerName": "Ganguly (Tanmay)", "filerRelation": "Managing Director", "moneyText": "", "startDate": "2013-11-09", "ownership": "D"}, {"maxAge": 1, "shares": 2278, "filerUrl": "", "transactionText": "", "filerName": "Noorani (Anees Yusuf)", "filerRelation": "Executive Vice Chairman", "moneyText": "", "startDate": "2013-09-25", "ownership": "D"}, {"maxAge": 1, "shares": 50, "filerUrl": "", "transactionText": "", "filerName": "Ganguly (Tanmay)", "filerRelation": "Managing Director", "moneyText": "", "startDate": "2013-09-19", "ownership": "D"}, {"maxAge": 1, "shares": 5325, "filerUrl": "", "transactionText": "", "filerName": "Ganguly (Tanmay)", "filerRelation": "Managing Director", "moneyText": "", "startDate": "2013-09-12", "ownership": "D"}, {"maxAge": 1, "shares": 10000, "filerUrl": "", "transactionText": "", "filerName": "Ganguly (Tanmay)", "filerRelation": "Managing Director", "moneyText": "", "startDate": "2013-09-12", "ownership": "D"}, {"maxAge": 1, "shares": 4500, "filerUrl": "", "transactionText": "", "filerName": "Ganguly (Tanmay)", "filerRelation": "Managing Director", "moneyText": "", "startDate": "2012-08-21", "ownership": "D"}, {"maxAge": 1, "shares": 500, "filerUrl": "", "transactionText": "", "filerName": "Ganguly (Tanmay)", "filerRelation": "Managing Director", "moneyText": "", "startDate": "2012-08-17", "ownership": "D"}, {"maxAge": 1, "shares": 6000, "filerUrl": "", "transactionText": "", "filerName": "Ganguly (Tanmay)", "filerRelation": "Managing Director", "moneyText": "", "startDate": "2011-03-16", "ownership": "D"}, {"maxAge": 1, "shares": 7000, "filerUrl": "", "transactionText": "", "filerName": "Ganguly (Tanmay)", "filerRelation": "Managing Director", "moneyText": "", "startDate": "2011-03-04", "ownership": "D"}, {"maxAge": 1, "shares": 584, "filerUrl": "", "transactionText": "", "filerName": "Gupta (Biswadip)", "filerRelation": "Director (Non-Executive)", "moneyText": "", "startDate": "2010-06-11", "ownership": "D"}, {"maxAge": 1, "shares": 416, "filerUrl": "", "transactionText": "", "filerName": "Gupta (Biswadip)", "filerRelation": "Director (Non-Executive)", "moneyText": "", "startDate": "2010-05-12", "ownership": "D"}, {"maxAge": 1, "shares": 1000, "filerUrl": "", "transactionText": "", "filerName": "Gupta (Biswadip)", "filerRelation": "Director (Non-Executive)", "moneyText": "", "startDate": "2010-02-25", "ownership": "D"}, {"maxAge": 1, "shares": 15000, "filerUrl": "", "transactionText": "", "filerName": "Ganguly (Tanmay)", "filerRelation": "Managing Director", "moneyText": "", "startDate": "2009-11-04", "ownership": "D"}], "maxAge": 1}, "quoteType": {"exchange": "NSI", "quoteType": "EQUITY", "symbol": "VESUVIUS.NS", "underlyingSymbol": "VESUVIUS.NS", "shortName": "VESUVIUS INDIA", "longName": "Vesuvius India Limited", "firstTradeDateEpochUtc": "2002-07-01 09:15:00", "timeZoneFullName": "Asia/Kolkata", "timeZoneShortName": "IST", "uuid": "ec769940-3e57-3bb4-ab4d-e0359df9f3d1", "gmtOffSetMilliseconds": 19800000, "maxAge": 1}, "incomeStatementHistory": {"incomeStatementHistory": [{"maxAge": 1, "endDate": "2020-12-31", "totalRevenue": 7915100000, "costOfRevenue": 4866600000, "grossProfit": 3048500000, "researchDevelopment": {}, "sellingGeneralAdministrative": 683700000, "nonRecurring": {}, "otherOperatingExpenses": 1588400000, "totalOperatingExpenses": 7398800000, "operatingIncome": 516300000, "totalOtherIncomeExpenseNet": 199200000, "ebit": 516300000, "interestExpense": {}, "incomeBeforeTax": 715500000, "incomeTaxExpense": 185000000, "minorityInterest": {}, "netIncomeFromContinuingOps": 530500000, "discontinuedOperations": {}, "extraordinaryItems": {}, "effectOfAccountingCharges": {}, "otherItems": {}, "netIncome": 530500000, "netIncomeApplicableToCommonShares": 530500000}, {"maxAge": 1, "endDate": "2019-12-31", "totalRevenue": 8870400000, "costOfRevenue": 5285900000, "grossProfit": 3584500000, "researchDevelopment": {}, "sellingGeneralAdministrative": 696400000, "nonRecurring": {}, "otherOperatingExpenses": 1676100000, "totalOperatingExpenses": 7921000000, "operatingIncome": 949400000, "totalOtherIncomeExpenseNet": 284700000, "ebit": 949400000, "interestExpense": {}, "incomeBeforeTax": 1234100000, "incomeTaxExpense": 378600000, "minorityInterest": {}, "netIncomeFromContinuingOps": 855500000, "discontinuedOperations": {}, "extraordinaryItems": {}, "effectOfAccountingCharges": {}, "otherItems": {}, "netIncome": 855500000, "netIncomeApplicableToCommonShares": 855500000}, {"maxAge": 1, "endDate": "2018-12-31", "totalRevenue": 9250700000, "costOfRevenue": 5518300000, "grossProfit": 3732400000, "researchDevelopment": {}, "sellingGeneralAdministrative": 623800000, "nonRecurring": {}, "otherOperatingExpenses": 1604200000, "totalOperatingExpenses": 8021500000, "operatingIncome": 1229200000, "totalOtherIncomeExpenseNet": 194500000, "ebit": 1229200000, "interestExpense": {}, "incomeBeforeTax": 1423700000, "incomeTaxExpense": 498500000, "minorityInterest": {}, "netIncomeFromContinuingOps": 925200000, "discontinuedOperations": {}, "extraordinaryItems": {}, "effectOfAccountingCharges": {}, "otherItems": {}, "netIncome": 925200000, "netIncomeApplicableToCommonShares": 925200000}, {"maxAge": 1, "endDate": "2017-12-31", "totalRevenue": 9112700000, "costOfRevenue": 5207700000, "grossProfit": 3905000000, "researchDevelopment": {}, "sellingGeneralAdministrative": 594700000, "nonRecurring": {}, "otherOperatingExpenses": 1632700000, "totalOperatingExpenses": 7729800000, "operatingIncome": 1382900000, "totalOtherIncomeExpenseNet": 66200000, "ebit": 1382900000, "interestExpense": {}, "incomeBeforeTax": 1449100000, "incomeTaxExpense": 504600000, "minorityInterest": {}, "netIncomeFromContinuingOps": 944500000, "discontinuedOperations": {}, "extraordinaryItems": {}, "effectOfAccountingCharges": {}, "otherItems": {}, "netIncome": 944500000, "netIncomeApplicableToCommonShares": 944500000}], "maxAge": 86400}, "fundOwnership": {"ownershipList": [{"maxAge": 1, "reportDate": "2021-01-31", "organization": "DFA Emerging Markets Small Cap Series", "pctHeld": 0.0005, "position": 9930, "value": 10317766}, {"maxAge": 1, "reportDate": "2021-01-31", "organization": "DFA Emerging Markets Core Equity Portfolio", "pctHeld": 0.0005, "position": 9860, "value": 10245033}, {"maxAge": 1, "reportDate": "2021-01-31", "organization": "DFA Investment Dimensions-DFA Emerging Markets Targeted Value Port", "pctHeld": 0.0001, "position": 1292, "value": 1342452}, {"maxAge": 1, "reportDate": "2021-01-31", "organization": "DFA Investment Dimensions-World Ex U.S. Core Equity Port", "pctHeld": 0.0001, "position": 1110, "value": 1153345}, {"maxAge": 1, "reportDate": "2021-01-31", "organization": "DFA T.A. World Ex U.S. Core Equity Portfolio", "pctHeld": 0.0001, "position": 1061, "value": 1102432}], "maxAge": 1}, "summaryDetail": {"maxAge": 1, "priceHint": 2, "previousClose": 1048.25, "open": 1052.0, "dayLow": 1045.0, "dayHigh": 1075.0, "regularMarketPreviousClose": 1048.25, "regularMarketOpen": 1052.0, "regularMarketDayLow": 1045.0, "regularMarketDayHigh": 1075.0, "dividendRate": 7.0, "dividendYield": 0.0067000003, "exDividendDate": "2021-04-19 05:30:00", "payoutRatio": 0.26790002, "beta": 0.767473, "trailingPE": 42.51909, "volume": 10341, "regularMarketVolume": 10341, "averageVolume": 13915, "averageVolume10days": 8369, "averageDailyVolume10Day": 8369, "bid": 0.0, "ask": 0.0, "bidSize": 0, "askSize": 0, "marketCap": 21476294656, "fiftyTwoWeekLow": 788.6, "fiftyTwoWeekHigh": 1200.0, "priceToSalesTrailing12Months": 2.573614, "fiftyDayAverage": 1018.47797, "twoHundredDayAverage": 991.79755, "trailingAnnualDividendRate": 7.0, "trailingAnnualDividendYield": 0.006677796, "currency": "INR", "fromCurrency": null, "lastMarket": null, "algorithm": null, "tradeable": false}, "incomeStatementHistoryQuarterly": {"incomeStatementHistory": [{"maxAge": 1, "endDate": "2021-03-31", "totalRevenue": 2485400000, "costOfRevenue": 1503900000, "grossProfit": 981500000, "researchDevelopment": {}, "sellingGeneralAdministrative": 190800000, "nonRecurring": {}, "otherOperatingExpenses": 555000000, "totalOperatingExpenses": 2314600000, "operatingIncome": 170800000, "totalOtherIncomeExpenseNet": 44900000, "ebit": 170800000, "interestExpense": {}, "incomeBeforeTax": 215700000, "incomeTaxExpense": 54400000, "minorityInterest": {}, "netIncomeFromContinuingOps": 161300000, "discontinuedOperations": {}, "extraordinaryItems": {}, "effectOfAccountingCharges": {}, "otherItems": {}, "netIncome": 161300000, "netIncomeApplicableToCommonShares": 161300000}, {"maxAge": 1, "endDate": "2020-12-31", "totalRevenue": 2344600000, "costOfRevenue": 1609500000, "grossProfit": 735100000, "researchDevelopment": {}, "sellingGeneralAdministrative": 176400000, "nonRecurring": {}, "otherOperatingExpenses": 300700000, "totalOperatingExpenses": 2155200000, "operatingIncome": 189400000, "totalOtherIncomeExpenseNet": 32500000, "ebit": 189400000, "interestExpense": {}, "incomeBeforeTax": 221900000, "incomeTaxExpense": 59500000, "minorityInterest": {}, "netIncomeFromContinuingOps": 162400000, "discontinuedOperations": {}, "extraordinaryItems": {}, "effectOfAccountingCharges": {}, "otherItems": {}, "netIncome": 162400000, "netIncomeApplicableToCommonShares": 162400000}, {"maxAge": 1, "endDate": "2020-09-30", "totalRevenue": 2123200000, "costOfRevenue": 1275100000, "grossProfit": 848100000, "researchDevelopment": {}, "sellingGeneralAdministrative": 169700000, "nonRecurring": {}, "otherOperatingExpenses": 498300000, "totalOperatingExpenses": 2004800000, "operatingIncome": 118400000, "totalOtherIncomeExpenseNet": 46600000, "ebit": 118400000, "interestExpense": {}, "incomeBeforeTax": 165000000, "incomeTaxExpense": 42700000, "minorityInterest": {}, "netIncomeFromContinuingOps": 122300000, "discontinuedOperations": {}, "extraordinaryItems": {}, "effectOfAccountingCharges": {}, "otherItems": {}, "netIncome": 122300000, "netIncomeApplicableToCommonShares": 122300000}, {"maxAge": 1, "endDate": "2020-06-30", "totalRevenue": 1391600000, "costOfRevenue": 810500000, "grossProfit": 581100000, "researchDevelopment": {}, "sellingGeneralAdministrative": 163200000, "nonRecurring": {}, "otherOperatingExpenses": 335300000, "totalOperatingExpenses": 1371200000, "operatingIncome": 20400000, "totalOtherIncomeExpenseNet": 58600000, "ebit": 20400000, "interestExpense": {}, "incomeBeforeTax": 79000000, "incomeTaxExpense": 19700000, "minorityInterest": {}, "netIncomeFromContinuingOps": 59300000, "discontinuedOperations": {}, "extraordinaryItems": {}, "effectOfAccountingCharges": {}, "otherItems": {}, "netIncome": 59300000, "netIncomeApplicableToCommonShares": 59300000}], "maxAge": 86400}, "cashflowStatementHistoryQuarterly": {"cashflowStatements": [{"maxAge": 1, "endDate": "2021-03-31", "netIncome": 161300000, "changeToLiabilities": 0}, {"maxAge": 1, "endDate": "2020-12-31", "netIncome": 162400000, "changeToLiabilities": 0}, {"maxAge": 1, "endDate": "2020-09-30", "netIncome": 122300000, "changeToLiabilities": 0}, {"maxAge": 1, "endDate": "2020-06-30", "netIncome": 59300000, "changeToLiabilities": 0}], "maxAge": 86400}, "insiderHolders": {"holders": [{"maxAge": 1, "name": "Dutta (Monika)", "relation": "UNREPORTED", "url": "", "transactionDescription": "Sale", "latestTransDate": "2018-12-28", "positionDirect": 0, "positionDirectDate": "2018-12-28"}, {"maxAge": 1, "name": "Ganguly (Tanmay)", "relation": "Managing Director", "url": "", "transactionDescription": "Sale", "latestTransDate": "2013-11-14", "positionDirect": 0, "positionDirectDate": "2013-11-14"}, {"maxAge": 1, "name": "Gupta (Anirudha)", "relation": "UNREPORTED", "url": "", "transactionDescription": "Acquisition", "latestTransDate": "2020-08-31", "positionDirect": 5035, "positionDirectDate": "2020-08-31"}, {"maxAge": 1, "name": "Gupta (Biswadip)", "relation": "Non Executive Chairman", "url": "", "transactionDescription": "Sale", "latestTransDate": "2018-02-28", "positionDirect": 3749, "positionDirectDate": "2018-02-28"}, {"maxAge": 1, "name": "Noorani (Anees Yusuf)", "relation": "Executive Vice Chairman", "url": "", "transactionDescription": "Acquisition", "latestTransDate": "2013-09-25", "positionDirect": 22938, "positionDirectDate": "2013-09-25"}], "maxAge": 1}, "calendarEvents": {"maxAge": 1, "earnings": {"earningsDate": []}, "exDividendDate": "2021-04-19 05:30:00"}, "upgradeDowngradeHistory": {"history": [], "maxAge": 86400}, "price": {"maxAge": 1, "regularMarketChangePercent": 0.009587455, "regularMarketChange": 10.050049, "regularMarketTime": "2021-04-30 15:29:57", "priceHint": 2, "regularMarketPrice": 1058.3, "regularMarketDayHigh": 1075.0, "regularMarketDayLow": 1045.0, "regularMarketVolume": 10341, "averageDailyVolume10Day": 8369, "averageDailyVolume3Month": 13915, "regularMarketPreviousClose": 1048.25, "regularMarketSource": "FREE_REALTIME", "regularMarketOpen": 1052.0, "exchange": "NSI", "exchangeName": "NSE", "exchangeDataDelayedBy": 15, "marketState": "CLOSED", "quoteType": "EQUITY", "symbol": "VESUVIUS.NS", "underlyingSymbol": null, "shortName": "VESUVIUS INDIA", "longName": "Vesuvius India Limited", "currency": "INR", "quoteSourceName": "Delayed Quote", "currencySymbol": "\u20b9", "fromCurrency": null, "lastMarket": null, "marketCap": 21476294656}, "balanceSheetHistory": {"balanceSheetStatements": [{"maxAge": 1, "endDate": "2020-12-31", "cash": 524500000, "shortTermInvestments": 5063000000, "netReceivables": 1674000000, "inventory": 1190800000, "otherCurrentAssets": 92600000, "totalCurrentAssets": 8643600000, "propertyPlantEquipment": 1398500000, "intangibleAssets": 13100000, "otherAssets": 524300000, "deferredLongTermAssetCharges": 143700000, "totalAssets": 10579500000, "accountsPayable": 1574500000, "otherCurrentLiab": 206300000, "otherLiab": 223300000, "totalCurrentLiabilities": 1938200000, "totalLiab": 2161500000, "commonStock": 203000000, "retainedEarnings": 8043700000, "treasuryStock": 1800000, "capitalSurplus": 169500000, "otherStockholderEquity": 1800000, "totalStockholderEquity": 8418000000, "netTangibleAssets": 8404900000}, {"maxAge": 1, "endDate": "2019-12-31", "cash": 4679300000, "netReceivables": 1926300000, "inventory": 1090000000, "otherCurrentAssets": 68500000, "totalCurrentAssets": 7811200000, "propertyPlantEquipment": 1508700000, "intangibleAssets": 7800000, "otherAssets": 483700000, "deferredLongTermAssetCharges": 117700000, "totalAssets": 9811400000, "accountsPayable": 1244200000, "otherCurrentLiab": 197500000, "otherLiab": 178600000, "totalCurrentLiabilities": 1588300000, "totalLiab": 1766900000, "commonStock": 203000000, "retainedEarnings": 7670200000, "treasuryStock": 1800000, "capitalSurplus": 169500000, "otherStockholderEquity": 1800000, "totalStockholderEquity": 8044500000, "netTangibleAssets": 8036700000}, {"maxAge": 1, "endDate": "2018-12-31", "cash": 1138300000, "shortTermInvestments": 3050000000, "netReceivables": 1877200000, "inventory": 1249700000, "otherCurrentAssets": 50200000, "totalCurrentAssets": 7402900000, "propertyPlantEquipment": 1453300000, "intangibleAssets": 14900000, "otherAssets": 383000000, "deferredLongTermAssetCharges": 115300000, "totalAssets": 9254100000, "accountsPayable": 1434000000, "otherCurrentLiab": 184900000, "otherLiab": 124700000, "totalCurrentLiabilities": 1751500000, "totalLiab": 1876200000, "commonStock": 203000000, "retainedEarnings": 7003600000, "treasuryStock": 1800000, "capitalSurplus": 169500000, "otherStockholderEquity": 1800000, "totalStockholderEquity": 7377900000, "netTangibleAssets": 7363000000}, {"maxAge": 1, "endDate": "2017-12-31", "cash": 3452500000, "netReceivables": 2231100000, "inventory": 947400000, "otherCurrentAssets": 73400000, "totalCurrentAssets": 6727700000, "propertyPlantEquipment": 1511200000, "intangibleAssets": 600000, "otherAssets": 300600000, "deferredLongTermAssetCharges": 93500000, "totalAssets": 8540100000, "accountsPayable": 1530700000, "otherCurrentLiab": 152600000, "otherLiab": 124800000, "totalCurrentLiabilities": 1806200000, "totalLiab": 1931000000, "commonStock": 203000000, "retainedEarnings": 6234800000, "treasuryStock": 1800000, "capitalSurplus": 169500000, "otherStockholderEquity": 1800000, "totalStockholderEquity": 6609100000, "netTangibleAssets": 6608500000}], "maxAge": 86400}, "financialData": {"maxAge": 86400, "currentPrice": 1058.3, "recommendationKey": "none", "totalCash": 5587500032, "totalCashPerShare": 275.299, "ebitda": 753400000, "totalDebt": 0, "totalRevenue": 8344800256, "revenuePerShare": 411.176, "grossProfits": 3048500000, "earningsGrowth": -0.135, "revenueGrowth": 0.209, "grossMargins": 0.37698, "ebitdaMargins": 0.09028, "operatingMargins": 0.0598, "profitMargins": 0.060549997, "financialCurrency": "INR"}}}