{"VESUVIUS.BO": {"recommendationTrend": {"trend": [{"period": "0m", "strongBuy": 0, "buy": 0, "hold": 0, "sell": 0, "strongSell": 0}, {"period": "-1m", "strongBuy": 0, "buy": 0, "hold": 0, "sell": 0, "strongSell": 0}, {"period": "-2m", "strongBuy": 0, "buy": 0, "hold": 0, "sell": 0, "strongSell": 0}, {"period": "-3m", "strongBuy": 0, "buy": 0, "hold": 0, "sell": 0, "strongSell": 0}], "maxAge": 86400}, "cashflowStatementHistory": {"cashflowStatements": [{"maxAge": 1, "endDate": "2019-12-31", "netIncome": 855500000, "depreciation": 258400000, "changeToNetincome": -186800000, "changeToAccountReceivables": -157000000, "changeToLiabilities": -198900000, "changeToInventory": 155700000, "changeToOperatingActivities": 8500000, "totalCashFromOperatingActivities": 742500000, "capitalExpenditures": -313000000, "investments": 3050000000, "otherCashflowsFromInvestingActivities": 232800000, "totalCashflowsFromInvestingActivities": 2969800000, "dividendsPaid": -142100000, "otherCashflowsFromFinancingActivities": -29200000, "totalCashFromFinancingActivities": -171300000, "changeInCash": 3541000000}, {"maxAge": 1, "endDate": "2018-12-31", "netIncome": 925200000, "depreciation": 271600000, "changeToNetincome": -242900000, "changeToAccountReceivables": 383800000, "changeToLiabilities": -88200000, "changeToInventory": -283600000, "changeToOperatingActivities": -26000000, "totalCashFromOperatingActivities": 946400000, "capitalExpenditures": -250600000, "investments": -3050000000, "otherCashflowsFromInvestingActivities": 198500000, "totalCashflowsFromInvestingActivities": -3095400000, "dividendsPaid": -137000000, "otherCashflowsFromFinancingActivities": -28200000, "totalCashFromFinancingActivities": -165200000, "changeInCash": -2314200000}, {"maxAge": 1, "endDate": "2017-12-31", "netIncome": 944500000, "depreciation": 297300000, "changeToNetincome": -182800000, "changeToAccountReceivables": 471900000, "changeToLiabilities": 327200000, "changeToInventory": -3900000, "changeToOperatingActivities": 54700000, "totalCashFromOperatingActivities": 1909400000, "capitalExpenditures": -398300000, "investments": 300000000, "otherCashflowsFromInvestingActivities": 114400000, "totalCashflowsFromInvestingActivities": 16200000, "dividendsPaid": -131900000, "otherCashflowsFromFinancingActivities": -26900000, "totalCashFromFinancingActivities": -158800000, "changeInCash": 1766800000}, {"maxAge": 1, "endDate": "2016-12-31", "netIncome": 888800000, "depreciation": 274100000, "changeToNetincome": -164800000, "changeToAccountReceivables": -442800000, "changeToLiabilities": 175100000, "changeToInventory": -217300000, "changeToOperatingActivities": -11600000, "totalCashFromOperatingActivities": 501900000, "capitalExpenditures": -212800000, "investments": 300000000, "otherCashflowsFromInvestingActivities": 117600000, "totalCashflowsFromInvestingActivities": 206400000, "dividendsPaid": -126800000, "otherCashflowsFromFinancingActivities": -25800000, "totalCashFromFinancingActivities": -152600000, "changeInCash": 555700000}], "maxAge": 86400}, "institutionOwnership": {"maxAge": 1, "ownershipList": []}, "balanceSheetHistoryQuarterly": {"balanceSheetStatements": [{"maxAge": 1, "endDate": "2020-06-30", "cash": 5136300000, "shortTermInvestments": 30000000, "netReceivables": 1538900000, "inventory": 1059700000, "otherCurrentAssets": 126900000, "totalCurrentAssets": 7891800000, "propertyPlantEquipment": 1450800000, "intangibleAssets": 4300000, "otherAssets": 522100000, "deferredLongTermAssetCharges": 124300000, "totalAssets": 9869000000, "accountsPayable": 1078400000, "otherCurrentLiab": 298600000, "otherLiab": 210200000, "totalCurrentLiabilities": 1378500000, "totalLiab": 1588700000, "commonStock": 203000000, "treasuryStock": 8077300000, "otherStockholderEquity": 8077300000, "totalStockholderEquity": 8280300000, "netTangibleAssets": 8276000000}, {"maxAge": 1, "endDate": "2020-03-31", "totalStockholderEquity": 8044500000, "netTangibleAssets": 8036700000}, {"maxAge": 1, "endDate": "2019-12-31", "cash": 4679300000, "netReceivables": 1926300000, "inventory": 1075300000, "otherCurrentAssets": 83200000, "totalCurrentAssets": 7811200000, "propertyPlantEquipment": 1508700000, "intangibleAssets": 7800000, "otherAssets": 483700000, "deferredLongTermAssetCharges": 117700000, "totalAssets": 9811400000, "accountsPayable": 1244200000, "otherCurrentLiab": 197500000, "otherLiab": 178600000, "totalCurrentLiabilities": 1588300000, "totalLiab": 1766900000, "commonStock": 203000000, "retainedEarnings": 7670200000, "treasuryStock": 1800000, "capitalSurplus": 169500000, "otherStockholderEquity": 1800000, "totalStockholderEquity": 8044500000, "netTangibleAssets": 8036700000}, {"maxAge": 1, "endDate": "2019-09-30", "totalStockholderEquity": 7615400000, "netTangibleAssets": 7604100000}], "maxAge": 86400}, "earningsHistory": {"history": [{"maxAge": 1, "epsActual": {}, "epsEstimate": {}, "epsDifference": {}, "surprisePercent": {}, "quarter": {}, "period": "-4q"}, {"maxAge": 1, "epsActual": {}, "epsEstimate": {}, "epsDifference": {}, "surprisePercent": {}, "quarter": {}, "period": "-3q"}, {"maxAge": 1, "epsActual": 9.12, "epsEstimate": 9.1, "epsDifference": 0.02, "surprisePercent": 0.002, "quarter": "2015-12-31", "period": "-2q"}, {"maxAge": 1, "epsActual": 11.09, "epsEstimate": 14.07, "epsDifference": -2.98, "surprisePercent": -0.21200001, "quarter": "2017-09-30", "period": "-1q"}], "maxAge": 86400}, "indexTrend": {"maxAge": 1, "symbol": "SP5", "peRatio": 19.7411, "pegRatio": 1.34172, "estimates": [{"period": "0q", "growth": 0.549}, {"period": "+1q", "growth": 0.431}, {"period": "0y", "growth": 0.305}, {"period": "+1y", "growth": 0.109}, {"period": "+5y", "growth": 0.120865}, {"period": "-5y"}]}, "industryTrend": {"maxAge": 1, "symbol": null, "estimates": []}, "insiderTransactions": {"transactions": [{"maxAge": 1, "shares": 1660, "value": 21909, "filerUrl": "", "transactionText": "Acquisition at price 13.20 per share.", "filerName": "Gupta (Anirudha)", "filerRelation": "UNREPORTED", "moneyText": "", "startDate": "2020-08-31", "ownership": "D"}, {"maxAge": 1, "shares": 169, "value": 2269, "filerUrl": "", "transactionText": "Acquisition at price 13.43 per share.", "filerName": "Gupta (Anirudha)", "filerRelation": "UNREPORTED", "moneyText": "", "startDate": "2020-08-28", "ownership": "D"}, {"maxAge": 1, "shares": 1829, "value": 24243, "filerUrl": "", "transactionText": "Sale at price 13.25 per share.", "filerName": "Gupta (Anirudha)", "filerRelation": "Promoter", "moneyText": "", "startDate": "2020-08-21", "ownership": "D"}, {"maxAge": 1, "shares": 2300, "filerUrl": "", "transactionText": "", "filerName": "Dutta (Monika)", "filerRelation": "UNREPORTED", "moneyText": "", "startDate": "2018-12-28", "ownership": "D"}, {"maxAge": 1, "shares": 1000, "filerUrl": "", "transactionText": "", "filerName": "Dutta (Monika)", "filerRelation": "UNREPORTED", "moneyText": "", "startDate": "2018-12-17", "ownership": "D"}], "maxAge": 1}, "quoteType": {"exchange": "BSE", "quoteType": "EQUITY", "symbol": "VESUVIUS.BO", "underlyingSymbol": "VESUVIUS.BO", "shortName": "VESUVIUS INDIA LTD.", "longName": "Vesuvius India Limited", "firstTradeDateEpochUtc": "2000-01-03 09:15:00", "timeZoneFullName": "Asia/Kolkata", "timeZoneShortName": "IST", "uuid": "b7eba249-2c05-3c72-8b40-ea6f97b3ec4f", "messageBoardId": null, "gmtOffSetMilliseconds": 19800000, "maxAge": 1}, "incomeStatementHistory": {"incomeStatementHistory": [{"maxAge": 1, "endDate": "2019-12-31", "totalRevenue": 8870400000, "costOfRevenue": 5285900000, "grossProfit": 3584500000, "researchDevelopment": {}, "sellingGeneralAdministrative": 696400000, "nonRecurring": {}, "otherOperatingExpenses": 1676100000, "totalOperatingExpenses": 7921000000, "operatingIncome": 949400000, "totalOtherIncomeExpenseNet": 284700000, "ebit": 949400000, "interestExpense": {}, "incomeBeforeTax": 1234100000, "incomeTaxExpense": 378600000, "minorityInterest": {}, "netIncomeFromContinuingOps": 855500000, "discontinuedOperations": {}, "extraordinaryItems": {}, "effectOfAccountingCharges": {}, "otherItems": {}, "netIncome": 855500000, "netIncomeApplicableToCommonShares": 855500000}, {"maxAge": 1, "endDate": "2018-12-31", "totalRevenue": 9250700000, "costOfRevenue": 5518300000, "grossProfit": 3732400000, "researchDevelopment": {}, "sellingGeneralAdministrative": 623800000, "nonRecurring": {}, "otherOperatingExpenses": 1604200000, "totalOperatingExpenses": 8021500000, "operatingIncome": 1229200000, "totalOtherIncomeExpenseNet": 194500000, "ebit": 1229200000, "interestExpense": {}, "incomeBeforeTax": 1423700000, "incomeTaxExpense": 498500000, "minorityInterest": {}, "netIncomeFromContinuingOps": 925200000, "discontinuedOperations": {}, "extraordinaryItems": {}, "effectOfAccountingCharges": {}, "otherItems": {}, "netIncome": 925200000, "netIncomeApplicableToCommonShares": 925200000}, {"maxAge": 1, "endDate": "2017-12-31", "totalRevenue": 9112700000, "costOfRevenue": 5207700000, "grossProfit": 3905000000, "researchDevelopment": {}, "sellingGeneralAdministrative": 594700000, "nonRecurring": {}, "otherOperatingExpenses": 1632700000, "totalOperatingExpenses": 7729800000, "operatingIncome": 1382900000, "totalOtherIncomeExpenseNet": 66200000, "ebit": 1382900000, "interestExpense": {}, "incomeBeforeTax": 1449100000, "incomeTaxExpense": 504600000, "minorityInterest": {}, "netIncomeFromContinuingOps": 944500000, "discontinuedOperations": {}, "extraordinaryItems": {}, "effectOfAccountingCharges": {}, "otherItems": {}, "netIncome": 944500000, "netIncomeApplicableToCommonShares": 944500000}, {"maxAge": 1, "endDate": "2016-12-31", "totalRevenue": 8215100000, "costOfRevenue": 4616200000, "grossProfit": 3598900000, "researchDevelopment": {}, "sellingGeneralAdministrative": 575300000, "nonRecurring": {}, "otherOperatingExpenses": 1508900000, "totalOperatingExpenses": 6971600000, "operatingIncome": 1243500000, "totalOtherIncomeExpenseNet": 116900000, "ebit": 1243500000, "interestExpense": {}, "incomeBeforeTax": 1360400000, "incomeTaxExpense": 471600000, "minorityInterest": {}, "netIncomeFromContinuingOps": 888800000, "discontinuedOperations": {}, "extraordinaryItems": {}, "effectOfAccountingCharges": {}, "otherItems": {}, "netIncome": 888800000, "netIncomeApplicableToCommonShares": 888800000}], "maxAge": 86400}, "fundOwnership": {"maxAge": 1, "ownershipList": [{"maxAge": 1, "reportDate": "2020-07-31", "organization": "DFA Emerging Markets Small Cap Series", "pctHeld": 0.0005, "position": 9930, "value": 8583492}, {"maxAge": 1, "reportDate": "2020-07-31", "organization": "DFA Emerging Markets Core Equity Portfolio", "pctHeld": 0.0005, "position": 9596, "value": 8294782}, {"maxAge": 1, "reportDate": "2020-07-31", "organization": "DFA Investment Dimensions-World Ex U.S. Core Equity Port", "pctHeld": 0.0001, "position": 1110, "value": 959484}, {"maxAge": 1, "reportDate": "2020-07-31", "organization": "DFA T.A. World Ex U.S. Core Equity Portfolio", "pctHeld": 0.0001, "position": 1061, "value": 917128}]}, "summaryDetail": {"maxAge": 1, "priceHint": 2, "previousClose": 1048.1, "open": 1058.95, "dayLow": 1048.55, "dayHigh": 1071.45, "regularMarketPreviousClose": 1048.1, "regularMarketOpen": 1058.95, "regularMarketDayLow": 1048.55, "regularMarketDayHigh": 1071.45, "trailingPE": 31.28239, "forwardPE": 21.310932, "volume": 405, "regularMarketVolume": 405, "averageVolume": 8983, "averageVolume10days": 1198, "averageDailyVolume10Day": 1198, "bid": 1040.0, "ask": 1075.0, "bidSize": 0, "askSize": 0, "marketCap": 21561561088, "fiftyTwoWeekLow": 746.65, "fiftyTwoWeekHigh": 1226.55, "fiftyDayAverage": 1080.6162, "twoHundredDayAverage": 972.92426, "trailingAnnualDividendRate": 7.0, "trailingAnnualDividendYield": 0.006678752, "currency": "INR", "fromCurrency": null, "toCurrency": null, "lastMarket": null, "algorithm": null, "tradeable": false}, "sectorTrend": {"maxAge": 1, "symbol": null, "estimates": []}, "incomeStatementHistoryQuarterly": {"incomeStatementHistory": [{"maxAge": 1, "endDate": "2020-06-30", "totalRevenue": 1391600000, "costOfRevenue": 810500000, "grossProfit": 581100000, "researchDevelopment": {}, "sellingGeneralAdministrative": 163200000, "nonRecurring": {}, "otherOperatingExpenses": 335300000, "totalOperatingExpenses": 1371200000, "operatingIncome": 20400000, "totalOtherIncomeExpenseNet": 58600000, "ebit": 20400000, "interestExpense": {}, "incomeBeforeTax": 79000000, "incomeTaxExpense": 19700000, "minorityInterest": {}, "netIncomeFromContinuingOps": 59300000, "discontinuedOperations": {}, "extraordinaryItems": {}, "effectOfAccountingCharges": {}, "otherItems": {}, "netIncome": 59300000, "netIncomeApplicableToCommonShares": 59300000}, {"maxAge": 1, "endDate": "2020-03-31", "totalRevenue": 2055700000, "costOfRevenue": 1171500000, "grossProfit": 884200000, "researchDevelopment": {}, "sellingGeneralAdministrative": 174400000, "nonRecurring": {}, "otherOperatingExpenses": 454100000, "totalOperatingExpenses": 1867600000, "operatingIncome": 188100000, "totalOtherIncomeExpenseNet": 61500000, "ebit": 188100000, "interestExpense": {}, "incomeBeforeTax": 249600000, "incomeTaxExpense": 63100000, "minorityInterest": {}, "netIncomeFromContinuingOps": 186500000, "discontinuedOperations": {}, "extraordinaryItems": {}, "effectOfAccountingCharges": {}, "otherItems": {}, "netIncome": 186500000, "netIncomeApplicableToCommonShares": 186500000}, {"maxAge": 1, "endDate": "2019-12-31", "totalRevenue": 2280900000, "costOfRevenue": 1505500000, "grossProfit": 775400000, "researchDevelopment": {}, "sellingGeneralAdministrative": 210500000, "nonRecurring": {}, "otherOperatingExpenses": 255600000, "totalOperatingExpenses": 2030700000, "operatingIncome": 250200000, "totalOtherIncomeExpenseNet": 55700000, "ebit": 250200000, "interestExpense": {}, "incomeBeforeTax": 305900000, "incomeTaxExpense": 78900000, "minorityInterest": {}, "netIncomeFromContinuingOps": 227000000, "discontinuedOperations": {}, "extraordinaryItems": {}, "effectOfAccountingCharges": {}, "otherItems": {}, "netIncome": 227000000, "netIncomeApplicableToCommonShares": 227000000}, {"maxAge": 1, "endDate": "2019-09-30", "totalRevenue": 2176100000, "costOfRevenue": 1265000000, "grossProfit": 911100000, "researchDevelopment": {}, "sellingGeneralAdministrative": 151000000, "nonRecurring": {}, "otherOperatingExpenses": 499300000, "totalOperatingExpenses": 1984100000, "operatingIncome": 192000000, "totalOtherIncomeExpenseNet": 101300000, "ebit": 192000000, "interestExpense": {}, "incomeBeforeTax": 293300000, "incomeTaxExpense": 76800000, "minorityInterest": {}, "netIncomeFromContinuingOps": 216500000, "discontinuedOperations": {}, "extraordinaryItems": {}, "effectOfAccountingCharges": {}, "otherItems": {}, "netIncome": 216500000, "netIncomeApplicableToCommonShares": 216500000}], "maxAge": 86400}, "cashflowStatementHistoryQuarterly": {"cashflowStatements": [{"maxAge": 1, "endDate": "2020-06-30", "netIncome": 59300000, "changeToLiabilities": 0}, {"maxAge": 1, "endDate": "2020-03-31", "netIncome": 186500000, "changeToLiabilities": 0}, {"maxAge": 1, "endDate": "2019-12-31", "netIncome": 227000000, "changeToLiabilities": 0}, {"maxAge": 1, "endDate": "2019-09-30", "netIncome": 216500000, "changeToLiabilities": 0}], "maxAge": 86400}, "insiderHolders": {"holders": [{"maxAge": 1, "name": "Dutta (Monika)", "relation": "UNREPORTED", "url": "", "transactionDescription": "Sale", "latestTransDate": "2018-12-28", "positionDirect": 0, "positionDirectDate": "2018-12-28"}, {"maxAge": 1, "name": "Gupta (Anirudha)", "relation": "UNREPORTED", "url": "", "transactionDescription": "Acquisition", "latestTransDate": "2020-08-31", "positionDirect": 5035, "positionDirectDate": "2020-08-31"}], "maxAge": 1}, "earnings": {"maxAge": 86400, "earningsChart": {"quarterly": [{"date": "4Q2015", "actual": 9.12, "estimate": 9.1}, {"date": "3Q2017", "actual": 11.09, "estimate": 14.07}], "currentQuarterEstimateDate": "4Q", "currentQuarterEstimateYear": 2017, "earningsDate": []}, "financialsChart": {"yearly": [{"date": 2016, "revenue": 8215100000, "earnings": 888800000}, {"date": 2017, "revenue": 9112700000, "earnings": 944500000}, {"date": 2018, "revenue": 9250700000, "earnings": 925200000}, {"date": 2019, "revenue": 8870400000, "earnings": 855500000}], "quarterly": [{"date": "3Q2019", "revenue": 2176100000, "earnings": 216500000}, {"date": "4Q2019", "revenue": 2280900000, "earnings": 227000000}, {"date": "1Q2020", "revenue": 2055700000, "earnings": 186500000}, {"date": "2Q2020", "revenue": 1391600000, "earnings": 59300000}]}, "financialCurrency": "INR"}, "calendarEvents": {"maxAge": 1, "earnings": {"earningsDate": [], "revenueAverage": 2285200000, "revenueLow": 2353000000, "revenueHigh": 2353000000}}, "price": {"maxAge": 1, "regularMarketChangePercent": 0.013596031, "regularMarketChange": 14.25, "regularMarketTime": "2021-04-30 15:26:17", "priceHint": 2, "regularMarketPrice": 1062.35, "regularMarketDayHigh": 1071.45, "regularMarketDayLow": 1048.55, "regularMarketVolume": 405, "averageDailyVolume10Day": 1198, "averageDailyVolume3Month": 8983, "regularMarketPreviousClose": 1048.1, "regularMarketSource": "FREE_REALTIME", "regularMarketOpen": 1058.95, "exchange": "BSE", "exchangeName": "BSE", "exchangeDataDelayedBy": 0, "marketState": "CLOSED", "quoteType": "EQUITY", "symbol": "VESUVIUS.BO", "underlyingSymbol": null, "shortName": "VESUVIUS INDIA LTD.", "longName": "Vesuvius India Limited", "currency": "INR", "quoteSourceName": "Delayed Quote", "currencySymbol": "\u20b9", "fromCurrency": null, "toCurrency": null, "lastMarket": null, "marketCap": 21561561088}, "balanceSheetHistory": {"balanceSheetStatements": [{"maxAge": 1, "endDate": "2019-12-31", "cash": 4679300000, "netReceivables": 1926300000, "inventory": 1075300000, "otherCurrentAssets": 83200000, "totalCurrentAssets": 7811200000, "propertyPlantEquipment": 1508700000, "intangibleAssets": 7800000, "otherAssets": 483700000, "deferredLongTermAssetCharges": 117700000, "totalAssets": 9811400000, "accountsPayable": 1244200000, "otherCurrentLiab": 197500000, "otherLiab": 178600000, "totalCurrentLiabilities": 1588300000, "totalLiab": 1766900000, "commonStock": 203000000, "retainedEarnings": 7670200000, "treasuryStock": 1800000, "capitalSurplus": 169500000, "otherStockholderEquity": 1800000, "totalStockholderEquity": 8044500000, "netTangibleAssets": 8036700000}, {"maxAge": 1, "endDate": "2018-12-31", "cash": 1138300000, "shortTermInvestments": 3050000000, "netReceivables": 1877200000, "inventory": 1231000000, "otherCurrentAssets": 68900000, "totalCurrentAssets": 7402900000, "propertyPlantEquipment": 1453300000, "intangibleAssets": 14900000, "otherAssets": 383000000, "deferredLongTermAssetCharges": 115300000, "totalAssets": 9254100000, "accountsPayable": 1434000000, "otherCurrentLiab": 184900000, "otherLiab": 124700000, "totalCurrentLiabilities": 1751500000, "totalLiab": 1876200000, "commonStock": 203000000, "retainedEarnings": 7003600000, "treasuryStock": 1800000, "capitalSurplus": 169500000, "otherStockholderEquity": 1800000, "totalStockholderEquity": 7377900000, "netTangibleAssets": 7363000000}, {"maxAge": 1, "endDate": "2017-12-31", "cash": 3452500000, "netReceivables": 2231100000, "inventory": 947400000, "otherCurrentAssets": 73400000, "totalCurrentAssets": 6727700000, "propertyPlantEquipment": 1511200000, "intangibleAssets": 600000, "otherAssets": 300600000, "deferredLongTermAssetCharges": 93500000, "totalAssets": 8540100000, "accountsPayable": 1530700000, "otherCurrentLiab": 152600000, "otherLiab": 124800000, "totalCurrentLiabilities": 1806200000, "totalLiab": 1931000000, "commonStock": 203000000, "retainedEarnings": 6234800000, "treasuryStock": 1800000, "capitalSurplus": 169500000, "otherStockholderEquity": 1800000, "totalStockholderEquity": 6609100000, "netTangibleAssets": 6608500000}, {"maxAge": 1, "endDate": "2016-12-31", "cash": 1685700000, "shortTermInvestments": 300000000, "netReceivables": 2692400000, "inventory": 943500000, "otherCurrentAssets": 122700000, "totalCurrentAssets": 5773700000, "propertyPlantEquipment": 1401400000, "intangibleAssets": 1100000, "otherAssets": 256700000, "deferredLongTermAssetCharges": 51800000, "totalAssets": 7432900000, "accountsPayable": 1204700000, "otherCurrentLiab": 132700000, "otherLiab": 118400000, "totalCurrentLiabilities": 1496500000, "totalLiab": 1614900000, "commonStock": 203000000, "retainedEarnings": 5443700000, "treasuryStock": 1800000, "capitalSurplus": 169500000, "otherStockholderEquity": 1800000, "totalStockholderEquity": 5818000000, "netTangibleAssets": 5816900000}], "maxAge": 86400}, "earningsTrend": {"trend": [{"maxAge": 1, "period": "0q", "endDate": "2017-12-31", "growth": {}, "earningsEstimate": {"avg": 0.0, "low": 0.0, "high": 0.0, "yearAgoEps": {}, "numberOfAnalysts": 0, "growth": {}}, "revenueEstimate": {"avg": 2285200000, "low": 2353000000, "high": 2353000000, "numberOfAnalysts": 1, "yearAgoRevenue": 2113900000, "growth": 0.081}, "epsTrend": {"current": 0.0, "7daysAgo": 0.0, "30daysAgo": 0.0, "60daysAgo": 0.0, "90daysAgo": 0.0}, "epsRevisions": {"upLast7days": 0, "upLast30days": 0, "downLast30days": 0, "downLast90days": {}}}, {"maxAge": 1, "period": "+1q", "endDate": "2018-03-31", "growth": {}, "earningsEstimate": {"avg": 0.0, "low": 0.0, "high": 0.0, "yearAgoEps": {}, "numberOfAnalysts": 0, "growth": {}}, "revenueEstimate": {"avg": 2265100000, "low": 2406000000, "high": 2552000000, "numberOfAnalysts": 2, "yearAgoRevenue": 2273800000, "growth": -0.004}, "epsTrend": {"current": 0.0, "7daysAgo": 0.0, "30daysAgo": 0.0, "60daysAgo": 0.0, "90daysAgo": 0.0}, "epsRevisions": {"upLast7days": 0, "upLast30days": 0, "downLast30days": 0, "downLast90days": {}}}, {"maxAge": 1, "period": "0y", "endDate": "2017-12-31", "growth": {}, "earningsEstimate": {"avg": 0.0, "low": 0.0, "high": 0.0, "yearAgoEps": {}, "numberOfAnalysts": 0, "growth": {}}, "revenueEstimate": {"avg": 9091100000, "low": 9206000000, "high": 9367000000, "numberOfAnalysts": 2, "yearAgoRevenue": 8191500000, "growth": 0.11}, "epsTrend": {"current": 0.0, "7daysAgo": 50.4, "30daysAgo": 50.4, "60daysAgo": 50.4, "90daysAgo": 50.4}, "epsRevisions": {"upLast7days": 0, "upLast30days": 0, "downLast30days": 0, "downLast90days": {}}}, {"maxAge": 1, "period": "+1y", "endDate": "2018-12-31", "growth": {}, "earningsEstimate": {"avg": 0.0, "low": 0.0, "high": 0.0, "yearAgoEps": {}, "numberOfAnalysts": 0, "growth": {}}, "revenueEstimate": {"avg": 9570500000, "low": 9523000000, "high": 9618000000, "numberOfAnalysts": 2, "yearAgoRevenue": 9091100000, "growth": 0.053000003}, "epsTrend": {"current": 0.0, "7daysAgo": 49.85, "30daysAgo": 49.85, "60daysAgo": 49.85, "90daysAgo": 49.85}, "epsRevisions": {"upLast7days": 0, "upLast30days": 0, "downLast30days": 0, "downLast90days": {}}}, {"maxAge": 1, "period": "+5y", "endDate": null, "growth": 0.71300006, "earningsEstimate": {"avg": {}, "low": {}, "high": {}, "yearAgoEps": {}, "numberOfAnalysts": {}, "growth": {}}, "revenueEstimate": {"avg": {}, "low": {}, "high": {}, "numberOfAnalysts": {}, "yearAgoRevenue": {}, "growth": {}}, "epsTrend": {"current": {}, "7daysAgo": {}, "30daysAgo": {}, "60daysAgo": {}, "90daysAgo": {}}, "epsRevisions": {"upLast7days": {}, "upLast30days": {}, "downLast30days": {}, "downLast90days": {}}}, {"maxAge": 1, "period": "-5y", "endDate": null, "growth": {}, "earningsEstimate": {"avg": {}, "low": {}, "high": {}, "yearAgoEps": {}, "numberOfAnalysts": {}, "growth": {}}, "revenueEstimate": {"avg": {}, "low": {}, "high": {}, "numberOfAnalysts": {}, "yearAgoRevenue": {}, "growth": {}}, "epsTrend": {"current": {}, "7daysAgo": {}, "30daysAgo": {}, "60daysAgo": {}, "90daysAgo": {}}, "epsRevisions": {"upLast7days": {}, "upLast30days": {}, "downLast30days": {}, "downLast90days": {}}}], "maxAge": 1}, "financialData": {"maxAge": 86400, "currentPrice": 1062.35, "targetHighPrice": 1500.0, "targetLowPrice": 1205.0, "targetMeanPrice": 1390.0, "targetMedianPrice": 1465.0, "recommendationKey": "none", "numberOfAnalystOpinions": 3, "grossProfits": 3584500000, "financialCurrency": "INR"}}}