{"VETO.BO": {"cashflowStatementHistory": {"cashflowStatements": [{"maxAge": 1, "endDate": "2020-03-31", "netIncome": 92799787, "depreciation": 18989318, "changeToNetincome": 44839913, "changeToAccountReceivables": 12688284, "changeToLiabilities": 14557788, "changeToInventory": 79943782, "changeToOperatingActivities": 54752182, "totalCashFromOperatingActivities": 318571054, "capitalExpenditures": -131123957, "otherCashflowsFromInvestingActivities": 5711002, "totalCashflowsFromInvestingActivities": -125412955, "netBorrowings": -150264475, "otherCashflowsFromFinancingActivities": -37317372, "totalCashFromFinancingActivities": -187581847, "changeInCash": 5576252}, {"maxAge": 1, "endDate": "2019-03-31", "netIncome": 115730484, "depreciation": 14668187, "changeToNetincome": 24523208, "changeToAccountReceivables": 450028966, "changeToLiabilities": 5256694, "changeToInventory": -534746921, "changeToOperatingActivities": 34158428, "totalCashFromOperatingActivities": 109619046, "capitalExpenditures": -17623835, "investments": 98000, "otherCashflowsFromInvestingActivities": -632418, "totalCashflowsFromInvestingActivities": -18158253, "netBorrowings": 25037357, "otherCashflowsFromFinancingActivities": -38557419, "totalCashFromFinancingActivities": 26122135, "changeInCash": 117582928, "issuanceOfStock": 39642197}, {"maxAge": 1, "endDate": "2018-03-31", "netIncome": 289707614, "depreciation": 15817074, "changeToNetincome": 76501266, "changeToAccountReceivables": -510823290, "changeToLiabilities": -9933016, "changeToInventory": -55360550, "changeToOperatingActivities": -56353939, "totalCashFromOperatingActivities": -250444841, "capitalExpenditures": -40667849, "investments": 98000, "otherCashflowsFromInvestingActivities": 80113987, "totalCashflowsFromInvestingActivities": 39446138, "dividendsPaid": -18327100, "netBorrowings": 67588514, "otherCashflowsFromFinancingActivities": 159976314, "totalCashFromFinancingActivities": 209237728, "effectOfExchangeRate": 3528560, "changeInCash": 1767585, "issuanceOfStock": 191250000}, {"maxAge": 1, "endDate": "2017-03-31", "netIncome": 183246058, "depreciation": 16644051, "changeToNetincome": 81225086, "changeToAccountReceivables": -154535372, "changeToLiabilities": -19939841, "changeToInventory": -39707662, "changeToOperatingActivities": 129151777, "totalCashFromOperatingActivities": 196084097, "capitalExpenditures": -55124709, "investments": 5644309, "otherCashflowsFromInvestingActivities": -60569117, "totalCashflowsFromInvestingActivities": -110049517, "dividendsPaid": -45817750, "netBorrowings": -113443505, "otherCashflowsFromFinancingActivities": -47564784, "totalCashFromFinancingActivities": -206826039, "effectOfExchangeRate": -5263543, "changeInCash": -126055002, "issuanceOfStock": 191250000}], "maxAge": 86400}, "institutionOwnership": {"maxAge": 1, "ownershipList": []}, "balanceSheetHistoryQuarterly": {"balanceSheetStatements": [{"maxAge": 1, "endDate": "2020-06-30", "totalStockholderEquity": 1777653754, "netTangibleAssets": 1777642976}, {"maxAge": 1, "endDate": "2020-03-31", "cash": 151027636, "netReceivables": 594817116, "inventory": 901133532, "otherCurrentAssets": 79879007, "totalCurrentAssets": 1728946266, "longTermInvestments": 51000, "propertyPlantEquipment": 284808734, "goodWill": 10778, "otherAssets": 186336261, "deferredLongTermAssetCharges": 24727369, "totalAssets": 2200153039, "accountsPayable": 96358242, "shortLongTermDebt": 11000000, "otherCurrentLiab": 44074169, "otherLiab": 2605819, "totalCurrentLiabilities": 412689627, "totalLiab": 422499285, "commonStock": 191149550, "retainedEarnings": 1112666772, "treasuryStock": 231404483, "capitalSurplus": 242432949, "otherStockholderEquity": 231404483, "totalStockholderEquity": 1777653754, "netTangibleAssets": 1777642976}, {"maxAge": 1, "endDate": "2019-12-31", "totalStockholderEquity": 1715451000, "netTangibleAssets": 1710277000}, {"maxAge": 1, "endDate": "2019-09-30", "cash": 135493000, "shortTermInvestments": 132785000, "netReceivables": 581523000, "inventory": 865222000, "otherCurrentAssets": -1000, "totalCurrentAssets": 1715022000, "longTermInvestments": 16091000, "propertyPlantEquipment": 150441000, "intangibleAssets": 5174000, "otherAssets": 221527000, "deferredLongTermAssetCharges": 22430000, "totalAssets": 2108255000, "accountsPayable": 87682000, "otherCurrentLiab": 63992000, "longTermDebt": 856000, "otherLiab": 1920000, "totalCurrentLiabilities": 390028000, "totalLiab": 392804000, "commonStock": 191150000, "treasuryStock": 1524301000, "otherStockholderEquity": 1524301000, "totalStockholderEquity": 1715451000, "netTangibleAssets": 1710277000}], "maxAge": 86400}, "indexTrend": {"maxAge": 1, "symbol": "SP5", "peRatio": 19.7411, "pegRatio": 1.34172, "estimates": [{"period": "0q", "growth": 0.549}, {"period": "+1q", "growth": 0.431}, {"period": "0y", "growth": 0.305}, {"period": "+1y", "growth": 0.109}, {"period": "+5y", "growth": 0.120865}, {"period": "-5y"}]}, "insiderTransactions": {"transactions": [{"maxAge": 1, "shares": 741736, "filerUrl": "", "transactionText": "", "filerName": "Gurani (Pushpa Devi)", "filerRelation": "Promoter", "moneyText": "", "startDate": "2019-06-07", "ownership": "D"}, {"maxAge": 1, "shares": 50500, "filerUrl": "", "transactionText": "", "filerName": "Gurani (Pushpa Devi)", "filerRelation": "Promoter", "moneyText": "", "startDate": "2019-06-06", "ownership": "D"}, {"maxAge": 1, "shares": 50000, "filerUrl": "", "transactionText": "", "filerName": "Gurnani (Babulal)", "filerRelation": "UNREPORTED", "moneyText": "", "startDate": "2019-02-19", "ownership": "D"}, {"maxAge": 1, "shares": 60210, "filerUrl": "", "transactionText": "", "filerName": "Gurani (Pushpa Devi)", "filerRelation": "Promoter", "moneyText": "", "startDate": "2018-11-29", "ownership": "D"}, {"maxAge": 1, "shares": 192098, "filerUrl": "", "transactionText": "", "filerName": "Gurani (Pushpa Devi)", "filerRelation": "Promoter", "moneyText": "", "startDate": "2018-11-27", "ownership": "D"}, {"maxAge": 1, "shares": 25000, "filerUrl": "", "transactionText": "", "filerName": "Gurani (Pushpa Devi)", "filerRelation": "Promoter", "moneyText": "", "startDate": "2018-11-27", "ownership": "D"}, {"maxAge": 1, "shares": 50000, "filerUrl": "", "transactionText": "", "filerName": "Gurani (Pushpa Devi)", "filerRelation": "Promoter", "moneyText": "", "startDate": "2018-11-26", "ownership": "D"}], "maxAge": 1}, "quoteType": {"exchange": "BSE", "quoteType": "EQUITY", "symbol": "VETO.BO", "underlyingSymbol": "VETO.BO", "shortName": "VETO SWITCHGEARS AND CABLES LI", "longName": "Veto Switchgears and Cables Limited", "firstTradeDateEpochUtc": "2015-09-09 09:15:00", "timeZoneFullName": "Asia/Kolkata", "timeZoneShortName": "IST", "uuid": "f6c95a31-d196-36e4-8035-8dc57e3b0fac", "messageBoardId": null, "gmtOffSetMilliseconds": 19800000, "maxAge": 1}, "incomeStatementHistory": {"incomeStatementHistory": [{"maxAge": 1, "endDate": "2020-03-31", "totalRevenue": 1502180960, "costOfRevenue": 1068896722, "grossProfit": 433284238, "researchDevelopment": {}, "sellingGeneralAdministrative": 134180625, "nonRecurring": {}, "otherOperatingExpenses": 104662735, "totalOperatingExpenses": 1326729400, "operatingIncome": 175451560, "totalOtherIncomeExpenseNet": -36289356, "ebit": 175451560, "interestExpense": -31073648, "incomeBeforeTax": 139162204, "incomeTaxExpense": 46362417, "minorityInterest": {}, "netIncomeFromContinuingOps": 92799787, "discontinuedOperations": {}, "extraordinaryItems": {}, "effectOfAccountingCharges": {}, "otherItems": {}, "netIncome": 92799787, "netIncomeApplicableToCommonShares": 92799787}, {"maxAge": 1, "endDate": "2019-03-31", "totalRevenue": 2183012514, "costOfRevenue": 1731771701, "grossProfit": 451240813, "researchDevelopment": {}, "sellingGeneralAdministrative": 118384240, "nonRecurring": {}, "otherOperatingExpenses": 120833476, "totalOperatingExpenses": 1985657604, "operatingIncome": 197354910, "totalOtherIncomeExpenseNet": -37799997, "ebit": 197354910, "interestExpense": -37277088, "incomeBeforeTax": 159554913, "incomeTaxExpense": 43824429, "minorityInterest": {}, "netIncomeFromContinuingOps": 115730484, "discontinuedOperations": {}, "extraordinaryItems": {}, "effectOfAccountingCharges": {}, "otherItems": {}, "netIncome": 115730484, "netIncomeApplicableToCommonShares": 115730484}, {"maxAge": 1, "endDate": "2018-03-31", "totalRevenue": 2538332055, "costOfRevenue": 1903722338, "grossProfit": 634609717, "researchDevelopment": {}, "sellingGeneralAdministrative": 114509156, "nonRecurring": {}, "otherOperatingExpenses": 99846124, "totalOperatingExpenses": 2133764169, "operatingIncome": 404567886, "totalOtherIncomeExpenseNet": -15345165, "ebit": 404567886, "interestExpense": -22492744, "incomeBeforeTax": 389222721, "incomeTaxExpense": 99515107, "minorityInterest": {}, "netIncomeFromContinuingOps": 289707614, "discontinuedOperations": {}, "extraordinaryItems": {}, "effectOfAccountingCharges": {}, "otherItems": {}, "netIncome": 289707614, "netIncomeApplicableToCommonShares": 289707614}, {"maxAge": 1, "endDate": "2017-03-31", "totalRevenue": 2390750869, "costOfRevenue": 1899551398, "grossProfit": 491199471, "researchDevelopment": {}, "sellingGeneralAdministrative": 141617249, "nonRecurring": {}, "otherOperatingExpenses": 92304196, "totalOperatingExpenses": 2150116894, "operatingIncome": 240633975, "totalOtherIncomeExpenseNet": -27503869, "ebit": 240633975, "interestExpense": -40135319, "incomeBeforeTax": 213130106, "incomeTaxExpense": 29884048, "minorityInterest": {}, "netIncomeFromContinuingOps": 183246058, "discontinuedOperations": {}, "extraordinaryItems": {}, "effectOfAccountingCharges": {}, "otherItems": {}, "netIncome": 183246058, "netIncomeApplicableToCommonShares": 183246058}], "maxAge": 86400}, "fundOwnership": {"maxAge": 1, "ownershipList": []}, "summaryDetail": {"maxAge": 1, "priceHint": 2, "previousClose": 132.7, "open": 131.9, "dayLow": 130.3, "dayHigh": 133.85, "regularMarketPreviousClose": 132.7, "regularMarketOpen": 131.9, "regularMarketDayLow": 130.3, "regularMarketDayHigh": 133.85, "trailingPE": 25.293325, "volume": 4567, "regularMarketVolume": 4567, "averageVolume": 16537, "averageVolume10days": 7531, "averageDailyVolume10Day": 7531, "bid": 130.9, "ask": 133.05, "bidSize": 0, "askSize": 0, "marketCap": 2498276352, "fiftyTwoWeekLow": 25.75, "fiftyTwoWeekHigh": 133.85, "fiftyDayAverage": 91.79706, "twoHundredDayAverage": 61.982353, "trailingAnnualDividendRate": 2.0, "trailingAnnualDividendYield": 0.01507159, "currency": "INR", "fromCurrency": null, "toCurrency": null, "lastMarket": null, "algorithm": null, "tradeable": false}, "incomeStatementHistoryQuarterly": {"incomeStatementHistory": [{"maxAge": 1, "endDate": "2020-06-30", "totalRevenue": 230523000, "costOfRevenue": 151895000, "grossProfit": 78628000, "researchDevelopment": {}, "sellingGeneralAdministrative": 19817000, "nonRecurring": {}, "otherOperatingExpenses": 16026000, "totalOperatingExpenses": 193385000, "operatingIncome": 37138000, "totalOtherIncomeExpenseNet": -4931000, "ebit": 37138000, "interestExpense": -4932000, "incomeBeforeTax": 32207000, "incomeTaxExpense": 9628000, "minorityInterest": {}, "netIncomeFromContinuingOps": 22579000, "discontinuedOperations": {}, "extraordinaryItems": {}, "effectOfAccountingCharges": {}, "otherItems": {}, "netIncome": 22579000, "netIncomeApplicableToCommonShares": 22579000}, {"maxAge": 1, "endDate": "2020-03-31", "totalRevenue": 383530960, "costOfRevenue": 277743722, "grossProfit": 105787238, "researchDevelopment": {}, "sellingGeneralAdministrative": 58342625, "nonRecurring": {}, "otherOperatingExpenses": 5115735, "totalOperatingExpenses": 348015400, "operatingIncome": 35515560, "totalOtherIncomeExpenseNet": -6514356, "ebit": 35515560, "interestExpense": -1297648, "incomeBeforeTax": 29001204, "incomeTaxExpense": 11741417, "minorityInterest": {}, "netIncomeFromContinuingOps": 17259787, "discontinuedOperations": {}, "extraordinaryItems": {}, "effectOfAccountingCharges": {}, "otherItems": {}, "netIncome": 17259787, "netIncomeApplicableToCommonShares": 17259787}, {"maxAge": 1, "endDate": "2019-12-31", "totalRevenue": 389491000, "costOfRevenue": 265316000, "grossProfit": 124175000, "researchDevelopment": {}, "sellingGeneralAdministrative": 25861000, "nonRecurring": {}, "otherOperatingExpenses": 34209000, "totalOperatingExpenses": 329425000, "operatingIncome": 60066000, "totalOtherIncomeExpenseNet": -8797000, "ebit": 60066000, "interestExpense": -8798000, "incomeBeforeTax": 51269000, "incomeTaxExpense": 15178000, "minorityInterest": {}, "netIncomeFromContinuingOps": 36091000, "discontinuedOperations": {}, "extraordinaryItems": {}, "effectOfAccountingCharges": {}, "otherItems": {}, "netIncome": 36091000, "netIncomeApplicableToCommonShares": 36091000}, {"maxAge": 1, "endDate": "2019-09-30", "totalRevenue": 372772000, "costOfRevenue": 265495000, "grossProfit": 107277000, "researchDevelopment": {}, "sellingGeneralAdministrative": 24856000, "nonRecurring": {}, "otherOperatingExpenses": 35192000, "totalOperatingExpenses": 329561000, "operatingIncome": 43211000, "totalOtherIncomeExpenseNet": -10539000, "ebit": 43211000, "interestExpense": -10539000, "incomeBeforeTax": 32672000, "incomeTaxExpense": 9573000, "minorityInterest": {}, "netIncomeFromContinuingOps": 23099000, "discontinuedOperations": {}, "extraordinaryItems": {}, "effectOfAccountingCharges": {}, "otherItems": {}, "netIncome": 23099000, "netIncomeApplicableToCommonShares": 23099000}], "maxAge": 86400}, "cashflowStatementHistoryQuarterly": {"cashflowStatements": [{"maxAge": 1, "endDate": "2020-06-30", "netIncome": 22579000, "changeToLiabilities": 0}, {"maxAge": 1, "endDate": "2020-03-31", "netIncome": 17259787, "changeToLiabilities": 0}, {"maxAge": 1, "endDate": "2019-12-31", "netIncome": 36091000, "changeToLiabilities": 0}, {"maxAge": 1, "endDate": "2019-09-30", "netIncome": 23099000, "changeToLiabilities": 0}], "maxAge": 86400}, "insiderHolders": {"holders": [{"maxAge": 1, "name": "Gurani (Pushpa Devi)", "relation": "Promoter", "url": "", "transactionDescription": "Acquisition", "latestTransDate": "2019-06-07", "positionDirect": 1276744, "positionDirectDate": "2019-06-07"}, {"maxAge": 1, "name": "Gurnani (Babulal)", "relation": "UNREPORTED", "url": "", "transactionDescription": "Acquisition", "latestTransDate": "2019-02-19", "positionDirect": 50000, "positionDirectDate": "2019-02-19"}], "maxAge": 1}, "calendarEvents": {"maxAge": 1, "earnings": {"earningsDate": []}}, "price": {"maxAge": 1, "regularMarketChangePercent": -0.009042931, "regularMarketChange": -1.199997, "regularMarketTime": "2021-04-30 15:25:40", "priceHint": 2, "regularMarketPrice": 131.5, "regularMarketDayHigh": 133.85, "regularMarketDayLow": 130.3, "regularMarketVolume": 4567, "averageDailyVolume10Day": 7531, "averageDailyVolume3Month": 16537, "regularMarketPreviousClose": 132.7, "regularMarketSource": "FREE_REALTIME", "regularMarketOpen": 131.9, "exchange": "BSE", "exchangeName": "BSE", "exchangeDataDelayedBy": 0, "marketState": "CLOSED", "quoteType": "EQUITY", "symbol": "VETO.BO", "underlyingSymbol": null, "shortName": "VETO SWITCHGEARS AND CABLES LI", "longName": "Veto Switchgears and Cables Limited", "currency": "INR", "quoteSourceName": "Delayed Quote", "currencySymbol": "\u20b9", "fromCurrency": null, "toCurrency": null, "lastMarket": null, "marketCap": 2498276352}, "balanceSheetHistory": {"balanceSheetStatements": [{"maxAge": 1, "endDate": "2020-03-31", "cash": 151027636, "netReceivables": 594817116, "inventory": 901133532, "otherCurrentAssets": 79879007, "totalCurrentAssets": 1728946266, "longTermInvestments": 51000, "propertyPlantEquipment": 284808734, "goodWill": 10778, "otherAssets": 186336261, "deferredLongTermAssetCharges": 24727369, "totalAssets": 2200153039, "accountsPayable": 96358242, "shortLongTermDebt": 11000000, "otherCurrentLiab": 44074169, "otherLiab": 2605819, "totalCurrentLiabilities": 412689627, "totalLiab": 422499285, "commonStock": 191149550, "retainedEarnings": 1112666772, "treasuryStock": 231404483, "capitalSurplus": 242432949, "otherStockholderEquity": 231404483, "totalStockholderEquity": 1777653754, "netTangibleAssets": 1777642976}, {"maxAge": 1, "endDate": "2019-03-31", "cash": 145451384, "netReceivables": 609762824, "inventory": 981077314, "otherCurrentAssets": 116979922, "totalCurrentAssets": 1853906197, "longTermInvestments": 51000, "propertyPlantEquipment": 159383908, "goodWill": 10778, "otherAssets": 190748535, "deferredLongTermAssetCharges": 22932227, "totalAssets": 2204100418, "accountsPayable": 81800454, "shortLongTermDebt": 20000000, "otherCurrentLiab": 23961019, "longTermDebt": 6000000, "otherLiab": 1436685, "totalCurrentLiabilities": 521756347, "totalLiab": 530970289, "commonStock": 191149550, "retainedEarnings": 1019952218, "treasuryStock": 219595412, "capitalSurplus": 242432949, "otherStockholderEquity": 219595412, "totalStockholderEquity": 1673130129, "netTangibleAssets": 1673119351}, {"maxAge": 1, "endDate": "2018-03-31", "cash": 27868456, "netReceivables": 1065468400, "inventory": 446330393, "otherCurrentAssets": 127421827, "totalCurrentAssets": 1667837004, "longTermInvestments": 149000, "propertyPlantEquipment": 301694900, "goodWill": 10778, "intangibleAssets": 2800, "otherAssets": 46459852, "deferredLongTermAssetCharges": 27323368, "totalAssets": 2016154334, "accountsPayable": 76543760, "shortLongTermDebt": 20000000, "otherCurrentLiab": 63900806, "longTermDebt": 29894704, "otherLiab": -1, "totalCurrentLiabilities": 499201137, "totalLiab": 531711321, "commonStock": 183271000, "retainedEarnings": 904221734, "treasuryStock": 237478462, "capitalSurplus": 159471817, "otherStockholderEquity": 237478462, "totalStockholderEquity": 1484443013, "netTangibleAssets": 1484429435}, {"maxAge": 1, "endDate": "2017-03-31", "cash": 26100872, "netReceivables": 560152167, "inventory": 390969843, "otherCurrentAssets": 117374869, "totalCurrentAssets": 1095199304, "longTermInvestments": 8307597, "propertyPlantEquipment": 276405903, "goodWill": 10778, "intangibleAssets": 14988, "otherAssets": 74823175, "deferredLongTermAssetCharges": 22695156, "totalAssets": 1454761745, "accountsPayable": 86476776, "shortLongTermDebt": 20000000, "otherCurrentLiab": 15682234, "longTermDebt": 51701976, "totalCurrentLiabilities": 386939122, "totalLiab": 440232803, "commonStock": 183271000, "retainedEarnings": 636550874, "treasuryStock": 35235251, "capitalSurplus": 159471817, "otherStockholderEquity": 35235251, "totalStockholderEquity": 1014528942, "netTangibleAssets": 1014503176}], "maxAge": 86400}, "financialData": {"maxAge": 86400, "currentPrice": 131.5, "recommendationKey": "none", "grossProfits": 433284238, "financialCurrency": "INR"}}}