{"VHL.BO": {"recommendationTrend": {"trend": [{"period": "0m", "strongBuy": 0, "buy": 0, "hold": 0, "sell": 0, "strongSell": 0}, {"period": "-1m", "strongBuy": 0, "buy": 0, "hold": 0, "sell": 0, "strongSell": 0}, {"period": "-2m", "strongBuy": 0, "buy": 0, "hold": 0, "sell": 0, "strongSell": 0}, {"period": "-3m", "strongBuy": 0, "buy": 0, "hold": 0, "sell": 0, "strongSell": 0}], "maxAge": 86400}, "cashflowStatementHistory": {"cashflowStatements": [{"maxAge": 1, "endDate": "2020-03-31", "netIncome": 1597145000, "depreciation": 88000, "changeToNetincome": -1601121000, "changeToAccountReceivables": -972416000, "changeToLiabilities": 30579000, "totalCashFromOperatingActivities": -945725000, "capitalExpenditures": -1882000, "investments": 991419000, "otherCashflowsFromInvestingActivities": 1000, "totalCashflowsFromInvestingActivities": 989538000, "dividendsPaid": -15884000, "otherCashflowsFromFinancingActivities": -3280000, "totalCashFromFinancingActivities": -19164000, "changeInCash": 24650000}, {"maxAge": 1, "endDate": "2019-03-31", "netIncome": 2018285000, "depreciation": 88000, "changeToNetincome": -1961661000, "changeToAccountReceivables": 3520000, "changeToLiabilities": -298000, "totalCashFromOperatingActivities": 59934000, "capitalExpenditures": -209000, "investments": -34311000, "otherCashflowsFromInvestingActivities": 1000, "totalCashflowsFromInvestingActivities": -34520000, "dividendsPaid": -19047000, "otherCashflowsFromFinancingActivities": -3280000, "totalCashFromFinancingActivities": -19047000, "changeInCash": 6366000}, {"maxAge": 1, "endDate": "2018-03-31", "netIncome": 1786705000, "depreciation": 144000, "changeToNetincome": -1773441000, "changeToAccountReceivables": 13163000, "changeToLiabilities": -4259000, "totalCashFromOperatingActivities": 22312000, "capitalExpenditures": -26228000, "investments": 22384000, "otherCashflowsFromInvestingActivities": -1000, "totalCashflowsFromInvestingActivities": 755000, "dividendsPaid": -16035000, "otherCashflowsFromFinancingActivities": -3249000, "totalCashFromFinancingActivities": -19284000, "changeInCash": 3783000}, {"maxAge": 1, "endDate": "2017-03-31", "netIncome": 3032116000, "depreciation": 395000, "changeToNetincome": -3353002000, "changeToAccountReceivables": -25444000, "changeToLiabilities": 2409000, "totalCashFromOperatingActivities": -343526000, "capitalExpenditures": -83000, "investments": 361001000, "otherCashflowsFromInvestingActivities": -1000, "totalCashflowsFromInvestingActivities": 361738000, "dividendsPaid": -11354000, "otherCashflowsFromFinancingActivities": -3249000, "totalCashFromFinancingActivities": -11354000, "changeInCash": 6858000}], "maxAge": 86400}, "institutionOwnership": {"ownershipList": [], "maxAge": 1}, "balanceSheetHistoryQuarterly": {"balanceSheetStatements": [{"maxAge": 1, "endDate": "2020-06-30", "totalStockholderEquity": 21256800000, "netTangibleAssets": 21256800000}, {"maxAge": 1, "endDate": "2020-03-31", "cash": 46875000, "shortTermInvestments": 1797725000, "netReceivables": 81056000, "otherCurrentAssets": 1635000, "totalCurrentAssets": 1927694000, "longTermInvestments": 18945797000, "propertyPlantEquipment": 32255000, "otherAssets": 391851000, "deferredLongTermAssetCharges": 391852000, "totalAssets": 21297597000, "otherCurrentLiab": 36853000, "otherLiab": 213000, "totalCurrentLiabilities": 40595000, "totalLiab": 40808000, "commonStock": 31915000, "retainedEarnings": 21068996000, "treasuryStock": 77750000, "capitalSurplus": 78128000, "otherStockholderEquity": 77750000, "totalStockholderEquity": 21256789000, "netTangibleAssets": 21256789000}, {"maxAge": 1, "endDate": "2019-12-31", "totalStockholderEquity": 20444800000, "netTangibleAssets": 20444800000}, {"maxAge": 1, "endDate": "2019-09-30", "cash": 25100000, "netReceivables": 55200000, "totalCurrentAssets": 80300000, "longTermInvestments": 20000300000, "propertyPlantEquipment": 30400000, "otherAssets": 406100000, "deferredLongTermAssetCharges": 400500000, "totalAssets": 20517100000, "otherCurrentLiab": 71600000, "otherLiab": 100000, "totalCurrentLiabilities": 72200000, "totalLiab": 72300000, "commonStock": 31900000, "treasuryStock": 20412900000, "otherStockholderEquity": 20412900000, "totalStockholderEquity": 20444800000, "netTangibleAssets": 20444800000}], "maxAge": 86400}, "earningsHistory": {"history": [{"maxAge": 1, "epsActual": {}, "epsEstimate": {}, "epsDifference": {}, "surprisePercent": {}, "quarter": {}, "period": "-4q"}, {"maxAge": 1, "epsActual": {}, "epsEstimate": {}, "epsDifference": {}, "surprisePercent": {}, "quarter": {}, "period": "-3q"}, {"maxAge": 1, "epsActual": {}, "epsEstimate": {}, "epsDifference": {}, "surprisePercent": {}, "quarter": {}, "period": "-2q"}, {"maxAge": 1, "epsActual": {}, "epsEstimate": {}, "epsDifference": {}, "surprisePercent": {}, "quarter": {}, "period": "-1q"}], "maxAge": 86400}, "indexTrend": {"maxAge": 1, "symbol": "SP5", "peRatio": 19.7411, "pegRatio": 1.34172, "estimates": [{"period": "0q", "growth": 0.549}, {"period": "+1q", "growth": 0.431}, {"period": "0y", "growth": 0.305}, {"period": "+1y", "growth": 0.109}, {"period": "+5y", "growth": 0.120865}, {"period": "-5y"}]}, "industryTrend": {"maxAge": 1, "symbol": null, "estimates": []}, "insiderTransactions": {"transactions": [{"maxAge": 1, "shares": 248952, "filerUrl": "", "transactionText": "", "filerName": "Pradeep Mercantile Company Pvt Ltd", "filerRelation": "Institution- Corporation", "moneyText": "", "startDate": "2010-01-16", "ownership": "D"}], "maxAge": 1}, "quoteType": {"exchange": "BSE", "quoteType": "EQUITY", "symbol": "VHL.BO", "underlyingSymbol": "VHL.BO", "shortName": "VARDHMAN HOLDINGS LTD.", "longName": "Vardhman Holdings Limited", "firstTradeDateEpochUtc": "2000-01-03 09:15:00", "timeZoneFullName": "Asia/Kolkata", "timeZoneShortName": "IST", "uuid": "7f928918-9280-3235-82cd-55e4b29b7643", "gmtOffSetMilliseconds": 19800000, "maxAge": 1}, "incomeStatementHistory": {"incomeStatementHistory": [{"maxAge": 1, "endDate": "2020-03-31", "totalRevenue": 137970000, "costOfRevenue": 0, "grossProfit": 137970000, "researchDevelopment": {}, "sellingGeneralAdministrative": 5352000, "nonRecurring": {}, "otherOperatingExpenses": 54215000, "totalOperatingExpenses": 59655000, "operatingIncome": 78315000, "totalOtherIncomeExpenseNet": 1532174000, "ebit": 78315000, "interestExpense": {}, "incomeBeforeTax": 1610489000, "incomeTaxExpense": 13344000, "minorityInterest": {}, "netIncomeFromContinuingOps": 1597145000, "discontinuedOperations": {}, "extraordinaryItems": {}, "effectOfAccountingCharges": {}, "otherItems": {}, "netIncome": 1597145000, "netIncomeApplicableToCommonShares": 1597145000}, {"maxAge": 1, "endDate": "2019-03-31", "totalRevenue": 104230000, "costOfRevenue": 42000, "grossProfit": 104188000, "researchDevelopment": {}, "sellingGeneralAdministrative": 4071000, "nonRecurring": {}, "otherOperatingExpenses": 25403000, "totalOperatingExpenses": 29604000, "operatingIncome": 74626000, "totalOtherIncomeExpenseNet": 1945528000, "ebit": 74626000, "interestExpense": {}, "incomeBeforeTax": 2020154000, "incomeTaxExpense": 1869000, "minorityInterest": {}, "netIncomeFromContinuingOps": 2018285000, "discontinuedOperations": {}, "extraordinaryItems": {}, "effectOfAccountingCharges": {}, "otherItems": {}, "netIncome": 2018285000, "netIncomeApplicableToCommonShares": 2018285000}, {"maxAge": 1, "endDate": "2018-03-31", "totalRevenue": 291079000, "costOfRevenue": 50000, "grossProfit": 291029000, "researchDevelopment": {}, "sellingGeneralAdministrative": 4041000, "nonRecurring": {}, "otherOperatingExpenses": 30675000, "totalOperatingExpenses": 34910000, "operatingIncome": 256169000, "totalOtherIncomeExpenseNet": 1554588000, "ebit": 256169000, "interestExpense": {}, "incomeBeforeTax": 1810757000, "incomeTaxExpense": 24052000, "minorityInterest": {}, "netIncomeFromContinuingOps": 1786705000, "discontinuedOperations": {}, "extraordinaryItems": {}, "effectOfAccountingCharges": {}, "otherItems": {}, "netIncome": 1786705000, "netIncomeApplicableToCommonShares": 1786705000}, {"maxAge": 1, "endDate": "2017-03-31", "totalRevenue": 3115179000, "costOfRevenue": 0, "grossProfit": 3115179000, "researchDevelopment": {}, "sellingGeneralAdministrative": 2417000, "nonRecurring": {}, "otherOperatingExpenses": 22165000, "totalOperatingExpenses": 24977000, "operatingIncome": 3090202000, "totalOtherIncomeExpenseNet": 4853000, "ebit": 3090202000, "interestExpense": {}, "incomeBeforeTax": 3095055000, "incomeTaxExpense": 62939000, "minorityInterest": {}, "netIncomeFromContinuingOps": 3032116000, "discontinuedOperations": {}, "extraordinaryItems": {}, "effectOfAccountingCharges": {}, "otherItems": {}, "netIncome": 3032116000, "netIncomeApplicableToCommonShares": 3032116000}], "maxAge": 86400}, "fundOwnership": {"ownershipList": [], "maxAge": 1}, "summaryDetail": {"maxAge": 1, "priceHint": 2, "previousClose": 1718.0, "open": 1707.0, "dayLow": 1707.0, "dayHigh": 1707.0, "regularMarketPreviousClose": 1718.0, "regularMarketOpen": 1707.0, "regularMarketDayLow": 1707.0, "regularMarketDayHigh": 1707.0, "trailingPE": 4.840315, "volume": 20, "regularMarketVolume": 20, "averageVolume": 311, "averageVolume10days": 72, "averageDailyVolume10Day": 72, "bid": 1701.25, "ask": 1768.0, "bidSize": 0, "askSize": 0, "marketCap": 5447958528, "fiftyTwoWeekLow": 710.05, "fiftyTwoWeekHigh": 1707.0, "fiftyDayAverage": 1435.0652, "twoHundredDayAverage": 1332.9841, "trailingAnnualDividendRate": 5.0, "trailingAnnualDividendYield": 0.002910361, "currency": "INR", "fromCurrency": null, "lastMarket": null, "algorithm": null, "tradeable": false}, "sectorTrend": {"maxAge": 1, "symbol": null, "estimates": []}, "incomeStatementHistoryQuarterly": {"incomeStatementHistory": [{"maxAge": 1, "endDate": "2020-06-30", "totalRevenue": 64700000, "costOfRevenue": 0, "grossProfit": 64700000, "researchDevelopment": {}, "sellingGeneralAdministrative": 900000, "nonRecurring": {}, "otherOperatingExpenses": 1500000, "totalOperatingExpenses": 2400000, "operatingIncome": 62300000, "totalOtherIncomeExpenseNet": -171500000, "ebit": 62300000, "interestExpense": {}, "incomeBeforeTax": -109200000, "incomeTaxExpense": 15000000, "minorityInterest": {}, "netIncomeFromContinuingOps": -124200000, "discontinuedOperations": {}, "extraordinaryItems": {}, "effectOfAccountingCharges": {}, "otherItems": {}, "netIncome": -124200000, "netIncomeApplicableToCommonShares": -124200000}, {"maxAge": 1, "endDate": "2020-03-31", "totalRevenue": -3530000, "costOfRevenue": 0, "grossProfit": -3530000, "researchDevelopment": {}, "sellingGeneralAdministrative": 1452000, "nonRecurring": {}, "otherOperatingExpenses": 35015000, "totalOperatingExpenses": 36455000, "operatingIncome": -39985000, "totalOtherIncomeExpenseNet": 378874000, "ebit": -39985000, "interestExpense": {}, "incomeBeforeTax": 338889000, "incomeTaxExpense": -22056000, "minorityInterest": {}, "netIncomeFromContinuingOps": 360945000, "discontinuedOperations": {}, "extraordinaryItems": {}, "effectOfAccountingCharges": {}, "otherItems": {}, "netIncome": 360945000, "netIncomeApplicableToCommonShares": 360945000}, {"maxAge": 1, "endDate": "2019-12-31", "totalRevenue": 94700000, "costOfRevenue": 0, "grossProfit": 94700000, "researchDevelopment": {}, "sellingGeneralAdministrative": 1300000, "nonRecurring": {}, "otherOperatingExpenses": 5000000, "totalOperatingExpenses": 6300000, "operatingIncome": 88400000, "totalOtherIncomeExpenseNet": 533500000, "ebit": 88400000, "interestExpense": {}, "incomeBeforeTax": 621900000, "incomeTaxExpense": 22000000, "minorityInterest": {}, "netIncomeFromContinuingOps": 599900000, "discontinuedOperations": {}, "extraordinaryItems": {}, "effectOfAccountingCharges": {}, "otherItems": {}, "netIncome": 599900000, "netIncomeApplicableToCommonShares": 599900000}, {"maxAge": 1, "endDate": "2019-09-30", "totalRevenue": -8500000, "costOfRevenue": 0, "grossProfit": -8500000, "researchDevelopment": {}, "sellingGeneralAdministrative": 1300000, "nonRecurring": {}, "otherOperatingExpenses": 3900000, "totalOperatingExpenses": 5200000, "operatingIncome": -13700000, "totalOtherIncomeExpenseNet": 310400000, "ebit": -13700000, "interestExpense": {}, "incomeBeforeTax": 296700000, "incomeTaxExpense": 7900000, "minorityInterest": {}, "netIncomeFromContinuingOps": 288800000, "discontinuedOperations": {}, "extraordinaryItems": {}, "effectOfAccountingCharges": {}, "otherItems": {}, "netIncome": 288800000, "netIncomeApplicableToCommonShares": 288800000}], "maxAge": 86400}, "cashflowStatementHistoryQuarterly": {"cashflowStatements": [{"maxAge": 1, "endDate": "2020-06-30", "netIncome": -124200000, "changeToLiabilities": 0}, {"maxAge": 1, "endDate": "2020-03-31", "netIncome": 360945000, "changeToLiabilities": 0}, {"maxAge": 1, "endDate": "2019-12-31", "netIncome": 599900000, "changeToLiabilities": 0}, {"maxAge": 1, "endDate": "2019-09-30", "netIncome": 288800000, "changeToLiabilities": 0}], "maxAge": 86400}, "insiderHolders": {"holders": [{"maxAge": 1, "name": "Pradeep Mercantile Company Pvt Ltd", "relation": "Institution- Corporation", "url": "", "transactionDescription": "Acquisition", "latestTransDate": "2010-01-16", "positionDirect": 249072, "positionDirectDate": "2010-01-16"}], "maxAge": 1}, "earnings": {"maxAge": 86400, "earningsChart": {"quarterly": [], "earningsDate": ["2020-08-11 05:30:S"]}, "financialsChart": {"yearly": [{"date": 2017, "revenue": 3115179000, "earnings": 3032116000}, {"date": 2018, "revenue": 291079000, "earnings": 1786705000}, {"date": 2019, "revenue": 104230000, "earnings": 2018285000}, {"date": 2020, "revenue": 137970000, "earnings": 1597145000}], "quarterly": [{"date": "3Q2019", "revenue": -8500000, "earnings": 288800000}, {"date": "4Q2019", "revenue": 94700000, "earnings": 599900000}, {"date": "1Q2020", "revenue": -3530000, "earnings": 360945000}, {"date": "2Q2020", "revenue": 64700000, "earnings": -124200000}]}, "financialCurrency": "INR"}, "calendarEvents": {"maxAge": 1, "earnings": {"earningsDate": ["2020-08-11 05:30:S"]}}, "upgradeDowngradeHistory": {"history": [{"epochGradeDate": "2020-09-04 05:30:00", "firm": "William Blair", "toGrade": "Outperform", "fromGrade": "", "action": "init"}, {"epochGradeDate": "2020-07-24 05:30:00", "firm": "Roth Capital", "toGrade": "Buy", "fromGrade": "Neutral", "action": "up"}, {"epochGradeDate": "2020-04-16 05:30:00", "firm": "Stifel", "toGrade": "Buy", "fromGrade": "", "action": "main"}, {"epochGradeDate": "2019-10-11 05:30:00", "firm": "Jefferies", "toGrade": "Buy", "fromGrade": "", "action": "init"}, {"epochGradeDate": "2019-08-15 05:30:00", "firm": "DA Davidson", "toGrade": "Neutral", "fromGrade": "Buy", "action": "down"}, {"epochGradeDate": "2019-08-06 05:30:00", "firm": "Roth Capital", "toGrade": "Neutral", "fromGrade": "Buy", "action": "down"}, {"epochGradeDate": "2019-07-12 05:30:00", "firm": "Macquarie", "toGrade": "Outperform", "fromGrade": "", "action": "init"}, {"epochGradeDate": "2018-10-01 05:30:00", "firm": "Roth Capital", "toGrade": "Buy", "fromGrade": "Neutral", "action": "up"}, {"epochGradeDate": "2018-08-07 05:30:00", "firm": "Stifel Nicolaus", "toGrade": "Buy", "fromGrade": "Buy", "action": "main"}, {"epochGradeDate": "2018-04-26 05:30:00", "firm": "Lake Street", "toGrade": "Buy", "fromGrade": "", "action": "init"}], "maxAge": 86400}, "price": {"maxAge": 1, "regularMarketChangePercent": -0.0064027933, "regularMarketChange": -11.0, "regularMarketTime": "2021-04-30 15:23:14", "priceHint": 2, "regularMarketPrice": 1707.0, "regularMarketDayHigh": 1707.0, "regularMarketDayLow": 1707.0, "regularMarketVolume": 20, "averageDailyVolume10Day": 72, "averageDailyVolume3Month": 311, "regularMarketPreviousClose": 1718.0, "regularMarketSource": "FREE_REALTIME", "regularMarketOpen": 1707.0, "exchange": "BSE", "exchangeName": "BSE", "exchangeDataDelayedBy": 0, "marketState": "CLOSED", "quoteType": "EQUITY", "symbol": "VHL.BO", "underlyingSymbol": null, "shortName": "VARDHMAN HOLDINGS LTD.", "longName": "Vardhman Holdings Limited", "currency": "INR", "quoteSourceName": "Delayed Quote", "currencySymbol": "\u20b9", "fromCurrency": null, "lastMarket": null, "marketCap": 5447958528}, "balanceSheetHistory": {"balanceSheetStatements": [{"maxAge": 1, "endDate": "2020-03-31", "cash": 46875000, "shortTermInvestments": 1797725000, "netReceivables": 81056000, "otherCurrentAssets": 1635000, "totalCurrentAssets": 1927694000, "longTermInvestments": 18945797000, "propertyPlantEquipment": 32255000, "otherAssets": 391851000, "deferredLongTermAssetCharges": 391852000, "totalAssets": 21297597000, "otherCurrentLiab": 36853000, "otherLiab": 213000, "totalCurrentLiabilities": 40595000, "totalLiab": 40808000, "commonStock": 31915000, "retainedEarnings": 21068996000, "treasuryStock": 77750000, "capitalSurplus": 78128000, "otherStockholderEquity": 77750000, "totalStockholderEquity": 21256789000, "netTangibleAssets": 21256789000}, {"maxAge": 1, "endDate": "2019-03-31", "cash": 22225000, "shortTermInvestments": 2477912000, "netReceivables": 59117000, "otherCurrentAssets": 1561000, "totalCurrentAssets": 2560815000, "longTermInvestments": 17044001000, "propertyPlantEquipment": 30461000, "otherAssets": 394265000, "deferredLongTermAssetCharges": 394266000, "totalAssets": 20029542000, "otherCurrentLiab": 51385000, "otherLiab": 134000, "totalCurrentLiabilities": 54675000, "totalLiab": 54809000, "commonStock": 31915000, "retainedEarnings": 19491133000, "treasuryStock": 373557000, "capitalSurplus": 78128000, "otherStockholderEquity": 373557000, "totalStockholderEquity": 19974733000, "netTangibleAssets": 19974733000}, {"maxAge": 1, "endDate": "2018-03-31", "cash": 15858000, "shortTermInvestments": 2244316000, "netReceivables": 62509000, "otherCurrentAssets": 1370000, "totalCurrentAssets": 2324370000, "longTermInvestments": 15517498000, "propertyPlantEquipment": 30340000, "otherAssets": 377084000, "deferredLongTermAssetCharges": 377083000, "totalAssets": 18249292000, "otherCurrentLiab": 26058000, "otherLiab": 57000, "totalCurrentLiabilities": 29878000, "totalLiab": 29935000, "commonStock": 31915000, "retainedEarnings": 17492100000, "treasuryStock": 617214000, "capitalSurplus": 78128000, "otherStockholderEquity": 617214000, "totalStockholderEquity": 18219357000, "netTangibleAssets": 18219357000}, {"maxAge": 1, "endDate": "2017-03-31", "cash": 13096000, "shortTermInvestments": 3331031000, "netReceivables": 49398000, "otherCurrentAssets": 371449000, "totalCurrentAssets": 3765262000, "longTermInvestments": 11729225000, "propertyPlantEquipment": 8214000, "otherAssets": 28663000, "deferredLongTermAssetCharges": 2010000, "totalAssets": 15531364000, "otherCurrentLiab": 47526000, "otherLiab": 47000, "totalCurrentLiabilities": 47529000, "totalLiab": 47576000, "commonStock": 31915000, "retainedEarnings": 15366725000, "treasuryStock": 7020000, "capitalSurplus": 78128000, "otherStockholderEquity": 7020000, "totalStockholderEquity": 15483788000, "netTangibleAssets": 15483788000}], "maxAge": 86400}, "earningsTrend": {"trend": [{"maxAge": 1, "period": "0q", "endDate": null, "growth": {}, "earningsEstimate": {"avg": 0.0, "low": 0.0, "high": 0.0, "yearAgoEps": {}, "numberOfAnalysts": 0, "growth": {}}, "revenueEstimate": {"avg": 0, "low": 0, "high": 0, "numberOfAnalysts": 0, "yearAgoRevenue": {}, "growth": {}}, "epsTrend": {"current": 0.0, "7daysAgo": 0.0, "30daysAgo": 0.0, "60daysAgo": 0.0, "90daysAgo": 0.0}, "epsRevisions": {"upLast7days": 0, "upLast30days": 0, "downLast30days": 0, "downLast90days": {}}}, {"maxAge": 1, "period": "+1q", "endDate": null, "growth": {}, "earningsEstimate": {"avg": 0.0, "low": 0.0, "high": 0.0, "yearAgoEps": {}, "numberOfAnalysts": 0, "growth": {}}, "revenueEstimate": {"avg": 0, "low": 0, "high": 0, "numberOfAnalysts": 0, "yearAgoRevenue": {}, "growth": {}}, "epsTrend": {"current": 0.0, "7daysAgo": 0.0, "30daysAgo": 0.0, "60daysAgo": 0.0, "90daysAgo": 0.0}, "epsRevisions": {"upLast7days": 0, "upLast30days": 0, "downLast30days": 0, "downLast90days": {}}}, {"maxAge": 1, "period": "0y", "endDate": null, "growth": {}, "earningsEstimate": {"avg": 0.0, "low": 0.0, "high": 0.0, "yearAgoEps": {}, "numberOfAnalysts": 0, "growth": {}}, "revenueEstimate": {"avg": 0, "low": 0, "high": 0, "numberOfAnalysts": 0, "yearAgoRevenue": {}, "growth": {}}, "epsTrend": {"current": 0.0, "7daysAgo": 0.0, "30daysAgo": 0.0, "60daysAgo": 0.0, "90daysAgo": 0.0}, "epsRevisions": {"upLast7days": 0, "upLast30days": 0, "downLast30days": 0, "downLast90days": {}}}, {"maxAge": 1, "period": "+1y", "endDate": null, "growth": {}, "earningsEstimate": {"avg": 0.0, "low": 0.0, "high": 0.0, "yearAgoEps": {}, "numberOfAnalysts": 0, "growth": {}}, "revenueEstimate": {"avg": 0, "low": 0, "high": 0, "numberOfAnalysts": 0, "yearAgoRevenue": {}, "growth": {}}, "epsTrend": {"current": 0.0, "7daysAgo": 0.0, "30daysAgo": 0.0, "60daysAgo": 0.0, "90daysAgo": 0.0}, "epsRevisions": {"upLast7days": 0, "upLast30days": 0, "downLast30days": 0, "downLast90days": {}}}, {"maxAge": 1, "period": "+5y", "endDate": null, "growth": {}, "earningsEstimate": {"avg": {}, "low": {}, "high": {}, "yearAgoEps": {}, "numberOfAnalysts": {}, "growth": {}}, "revenueEstimate": {"avg": {}, "low": {}, "high": {}, "numberOfAnalysts": {}, "yearAgoRevenue": {}, "growth": {}}, "epsTrend": {"current": {}, "7daysAgo": {}, "30daysAgo": {}, "60daysAgo": {}, "90daysAgo": {}}, "epsRevisions": {"upLast7days": {}, "upLast30days": {}, "downLast30days": {}, "downLast90days": {}}}, {"maxAge": 1, "period": "-5y", "endDate": null, "growth": {}, "earningsEstimate": {"avg": {}, "low": {}, "high": {}, "yearAgoEps": {}, "numberOfAnalysts": {}, "growth": {}}, "revenueEstimate": {"avg": {}, "low": {}, "high": {}, "numberOfAnalysts": {}, "yearAgoRevenue": {}, "growth": {}}, "epsTrend": {"current": {}, "7daysAgo": {}, "30daysAgo": {}, "60daysAgo": {}, "90daysAgo": {}}, "epsRevisions": {"upLast7days": {}, "upLast30days": {}, "downLast30days": {}, "downLast90days": {}}}], "maxAge": 1}, "financialData": {"maxAge": 86400, "currentPrice": 1707.0, "targetHighPrice": 546.0, "targetLowPrice": 546.0, "targetMeanPrice": 546.0, "targetMedianPrice": 546.0, "recommendationKey": "none", "numberOfAnalystOpinions": 1, "grossProfits": 137970000, "financialCurrency": "INR"}}}