{"VICEROY.BO": {"recommendationTrend": {"trend": [{"period": "0m", "strongBuy": 0, "buy": 0, "hold": 0, "sell": 0, "strongSell": 0}, {"period": "-1m", "strongBuy": 0, "buy": 0, "hold": 0, "sell": 0, "strongSell": 0}, {"period": "-2m", "strongBuy": 0, "buy": 0, "hold": 0, "sell": 0, "strongSell": 0}, {"period": "-3m", "strongBuy": 0, "buy": 0, "hold": 0, "sell": 0, "strongSell": 0}], "maxAge": 86400}, "cashflowStatementHistory": {"cashflowStatements": [{"maxAge": 1, "endDate": "2020-03-31", "netIncome": -168562427, "depreciation": 104930390, "changeToNetincome": 24831842, "changeToAccountReceivables": 18111492, "changeToLiabilities": -9604211, "changeToInventory": -449910, "changeToOperatingActivities": -85669583, "totalCashFromOperatingActivities": -116412407, "capitalExpenditures": -1302676, "totalCashflowsFromInvestingActivities": -1302676, "netBorrowings": 71118498, "otherCashflowsFromFinancingActivities": -7710108, "totalCashFromFinancingActivities": 63408390, "changeInCash": -54306693}, {"maxAge": 1, "endDate": "2019-03-31", "netIncome": -157573103, "depreciation": 108348138, "changeToNetincome": 43947827, "changeToAccountReceivables": -21986379, "changeToLiabilities": 13139782, "changeToInventory": -4782900, "changeToOperatingActivities": 33580992, "totalCashFromOperatingActivities": 14674357, "capitalExpenditures": -20885673, "otherCashflowsFromInvestingActivities": 32410, "totalCashflowsFromInvestingActivities": -20853263, "netBorrowings": 95767943, "otherCashflowsFromFinancingActivities": -24200598, "totalCashFromFinancingActivities": 71567345, "changeInCash": 65388439}, {"maxAge": 1, "endDate": "2018-03-31", "netIncome": -4433631824, "depreciation": 103907171, "changeToNetincome": 4466246938, "changeToAccountReceivables": 6147676, "changeToLiabilities": 87050015, "changeToInventory": 1148826, "changeToOperatingActivities": -295048419, "totalCashFromOperatingActivities": -64179617, "capitalExpenditures": -1124159726, "investments": 201158819, "otherCashflowsFromInvestingActivities": 1214312129, "totalCashflowsFromInvestingActivities": -441892691, "netBorrowings": 683313402, "otherCashflowsFromFinancingActivities": -227655162, "totalCashFromFinancingActivities": 455658240, "changeInCash": -50414068}, {"maxAge": 1, "endDate": "2017-03-31", "netIncome": -145760129, "depreciation": 88388367, "changeToNetincome": 185006910, "changeToAccountReceivables": 114409222, "changeToLiabilities": 6232827, "changeToInventory": 1937830, "changeToOperatingActivities": 326447850, "totalCashFromOperatingActivities": 576662877, "capitalExpenditures": -281171567, "investments": 54774216, "otherCashflowsFromInvestingActivities": 1214312129, "totalCashflowsFromInvestingActivities": -146666539, "netBorrowings": -254458088, "otherCashflowsFromFinancingActivities": -145060669, "totalCashFromFinancingActivities": -399518757, "changeInCash": 30477581}], "maxAge": 86400}, "institutionOwnership": {"ownershipList": [], "maxAge": 1}, "balanceSheetHistoryQuarterly": {"balanceSheetStatements": [{"maxAge": 1, "endDate": "2020-06-30", "totalStockholderEquity": -3978613829, "netTangibleAssets": -3978613829}, {"maxAge": 1, "endDate": "2020-03-31", "cash": 2966345, "netReceivables": 119776053, "inventory": 21158152, "otherCurrentAssets": 197579558, "totalCurrentAssets": 375094796, "propertyPlantEquipment": 3548572970, "otherAssets": 369258998, "totalAssets": 4292926764, "accountsPayable": 304547764, "otherCurrentLiab": 37106428, "longTermDebt": 5454769308, "otherLiab": 349813853, "deferredLongTermLiab": 144781553, "totalCurrentLiabilities": 2466957432, "totalLiab": 8271540593, "commonStock": 424052240, "retainedEarnings": -6185805165, "treasuryStock": 65353426, "capitalSurplus": 1717785670, "otherStockholderEquity": 65353426, "totalStockholderEquity": -3978613829, "netTangibleAssets": -3978613829}, {"maxAge": 1, "endDate": "2019-12-31", "totalStockholderEquity": -3852918000, "netTangibleAssets": -3852918000}, {"maxAge": 1, "endDate": "2019-09-30", "cash": 8276000, "netReceivables": 137379000, "inventory": 24035000, "otherCurrentAssets": 180274000, "totalCurrentAssets": 349964000, "propertyPlantEquipment": 3599274000, "otherAssets": 481654000, "totalAssets": 4430892000, "accountsPayable": 282457000, "otherCurrentLiab": 2220553000, "longTermDebt": 5318601000, "otherLiab": 367954000, "totalCurrentLiabilities": 2597255000, "totalLiab": 8283810000, "commonStock": 424052000, "treasuryStock": -4276970000, "otherStockholderEquity": -4276970000, "totalStockholderEquity": -3852918000, "netTangibleAssets": -3852918000}], "maxAge": 86400}, "earningsHistory": {"history": [{"maxAge": 1, "epsActual": {}, "epsEstimate": {}, "epsDifference": {}, "surprisePercent": {}, "quarter": {}, "period": "-4q"}, {"maxAge": 1, "epsActual": {}, "epsEstimate": {}, "epsDifference": {}, "surprisePercent": {}, "quarter": {}, "period": "-3q"}, {"maxAge": 1, "epsActual": {}, "epsEstimate": {}, "epsDifference": {}, "surprisePercent": {}, "quarter": {}, "period": "-2q"}, {"maxAge": 1, "epsActual": {}, "epsEstimate": {}, "epsDifference": {}, "surprisePercent": {}, "quarter": {}, "period": "-1q"}], "maxAge": 86400}, "indexTrend": {"maxAge": 1, "symbol": "SP5", "peRatio": 19.7411, "pegRatio": 1.34172, "estimates": [{"period": "0q", "growth": 0.549}, {"period": "+1q", "growth": 0.431}, {"period": "0y", "growth": 0.305}, {"period": "+1y", "growth": 0.109}, {"period": "+5y", "growth": 0.120859005}, {"period": "-5y"}]}, "industryTrend": {"maxAge": 1, "symbol": null, "estimates": []}, "insiderTransactions": {"transactions": [{"maxAge": 1, "shares": 537801, "filerUrl": "", "transactionText": "", "filerName": "Reddy (Prabhakar P)", "filerRelation": "Chairman of the Board", "moneyText": "", "startDate": "2017-08-03", "ownership": "D"}, {"maxAge": 1, "shares": 147300, "filerUrl": "", "transactionText": "", "filerName": "PH Financial Services Ltd", "filerRelation": "Promoter", "moneyText": "", "startDate": "2017-08-03", "ownership": "D"}, {"maxAge": 1, "shares": 50000, "filerUrl": "", "transactionText": "", "filerName": "Reddy (Chakradhar Parvath)", "filerRelation": "Promoter", "moneyText": "", "startDate": "2017-07-31", "ownership": "D"}, {"maxAge": 1, "shares": 50000, "filerUrl": "", "transactionText": "", "filerName": "PH Financial Services Ltd", "filerRelation": "Promoter", "moneyText": "", "startDate": "2017-07-31", "ownership": "D"}, {"maxAge": 1, "shares": 50000, "filerUrl": "", "transactionText": "", "filerName": "Reddy (Chakradhar Parvath)", "filerRelation": "Promoter", "moneyText": "", "startDate": "2017-07-28", "ownership": "D"}, {"maxAge": 1, "shares": 50000, "filerUrl": "", "transactionText": "", "filerName": "PH Financial Services Ltd", "filerRelation": "Promoter", "moneyText": "", "startDate": "2017-07-28", "ownership": "D"}, {"maxAge": 1, "shares": 75000, "filerUrl": "", "transactionText": "", "filerName": "Reddy (Chakradhar Parvath)", "filerRelation": "Promoter", "moneyText": "", "startDate": "2017-07-27", "ownership": "D"}, {"maxAge": 1, "shares": 75000, "filerUrl": "", "transactionText": "", "filerName": "PH Financial Services Ltd", "filerRelation": "Promoter", "moneyText": "", "startDate": "2017-07-27", "ownership": "D"}, {"maxAge": 1, "shares": 25000, "filerUrl": "", "transactionText": "", "filerName": "PH Financial Services Ltd", "filerRelation": "Promoter", "moneyText": "", "startDate": "2017-07-26", "ownership": "D"}, {"maxAge": 1, "shares": 50000, "filerUrl": "", "transactionText": "", "filerName": "Reddy (Chakradhar Parvath)", "filerRelation": "Promoter", "moneyText": "", "startDate": "2017-07-26", "ownership": "D"}, {"maxAge": 1, "shares": 25000, "filerUrl": "", "transactionText": "", "filerName": "Reddy (Chakradhar Parvath)", "filerRelation": "Promoter", "moneyText": "", "startDate": "2017-07-26", "ownership": "D"}, {"maxAge": 1, "shares": 50000, "filerUrl": "", "transactionText": "", "filerName": "PH Financial Services Ltd", "filerRelation": "Promoter", "moneyText": "", "startDate": "2017-07-26", "ownership": "D"}, {"maxAge": 1, "shares": 50000, "filerUrl": "", "transactionText": "", "filerName": "Reddy (Chakradhar Parvath)", "filerRelation": "Promoter", "moneyText": "", "startDate": "2017-07-25", "ownership": "D"}, {"maxAge": 1, "shares": 50000, "filerUrl": "", "transactionText": "", "filerName": "PH Financial Services Ltd", "filerRelation": "Promoter", "moneyText": "", "startDate": "2017-07-25", "ownership": "D"}, {"maxAge": 1, "shares": 45000, "filerUrl": "", "transactionText": "", "filerName": "Reddy (Chakradhar Parvath)", "filerRelation": "Promoter", "moneyText": "", "startDate": "2017-07-24", "ownership": "D"}, {"maxAge": 1, "shares": 55000, "filerUrl": "", "transactionText": "", "filerName": "Reddy (Chakradhar Parvath)", "filerRelation": "Promoter", "moneyText": "", "startDate": "2017-07-24", "ownership": "D"}, {"maxAge": 1, "shares": 850000, "filerUrl": "", "transactionText": "", "filerName": "Reddy (Chakradhar Parvath)", "filerRelation": "Promoter", "moneyText": "", "startDate": "2017-07-24", "ownership": "D"}, {"maxAge": 1, "shares": 45000, "filerUrl": "", "transactionText": "", "filerName": "PH Financial Services Ltd", "filerRelation": "Promoter", "moneyText": "", "startDate": "2017-07-24", "ownership": "D"}, {"maxAge": 1, "shares": 55000, "filerUrl": "", "transactionText": "", "filerName": "PH Financial Services Ltd", "filerRelation": "Promoter", "moneyText": "", "startDate": "2017-07-24", "ownership": "D"}, {"maxAge": 1, "shares": 811816, "filerUrl": "", "transactionText": "", "filerName": "PH Financial Services Ltd", "filerRelation": "Promoter", "moneyText": "", "startDate": "2017-07-24", "ownership": "D"}, {"maxAge": 1, "shares": 72437, "filerUrl": "", "transactionText": "", "filerName": "Parvath Reddy Investments Pvt. Ltd.", "filerRelation": "Promoter", "moneyText": "", "startDate": "2012-04-04", "ownership": "D"}, {"maxAge": 1, "shares": 1457566, "filerUrl": "", "transactionText": "", "filerName": "Jhunjhunwala (Rakesh Radheshyam)", "filerRelation": "Director (Non-Executive)", "moneyText": "", "startDate": "2012-04-04", "ownership": "D"}, {"maxAge": 1, "shares": 362563, "filerUrl": "", "transactionText": "", "filerName": "Reddy (Prabhakar P)", "filerRelation": "Chairman of the Board", "moneyText": "", "startDate": "2012-04-04", "ownership": "D"}, {"maxAge": 1, "shares": 610000, "filerUrl": "", "transactionText": "", "filerName": "Parvath Investments Pvt. Ltd.", "filerRelation": "Promoter", "moneyText": "", "startDate": "2012-04-04", "ownership": "D"}, {"maxAge": 1, "shares": 600000, "filerUrl": "", "transactionText": "", "filerName": "PH Financial Services Ltd", "filerRelation": "Promoter", "moneyText": "", "startDate": "2012-04-04", "ownership": "D"}, {"maxAge": 1, "shares": 428867, "filerUrl": "", "transactionText": "", "filerName": "Parvath Reddy Investments Pvt. Ltd.", "filerRelation": "Promoter", "moneyText": "", "startDate": "2012-04-03", "ownership": "D"}, {"maxAge": 1, "shares": 88696, "filerUrl": "", "transactionText": "", "filerName": "Parvath Reddy Investments Pvt. Ltd.", "filerRelation": "Promoter", "moneyText": "", "startDate": "2012-04-02", "ownership": "D"}, {"maxAge": 1, "shares": 1068430, "filerUrl": "", "transactionText": "", "filerName": "PH Financial Services Ltd", "filerRelation": "Promoter", "moneyText": "", "startDate": "2012-03-29", "ownership": "D"}, {"maxAge": 1, "shares": 95000, "filerUrl": "", "transactionText": "", "filerName": "Minerva Enterprises Pvt Ltd", "filerRelation": "Promoter", "moneyText": "", "startDate": "2012-03-29", "ownership": "D"}, {"maxAge": 1, "shares": 44716, "filerUrl": "", "transactionText": "", "filerName": "P H Infotech Pvt Ltd", "filerRelation": "Promoter", "moneyText": "", "startDate": "2012-03-28", "ownership": "D"}, {"maxAge": 1, "shares": 71641, "filerUrl": "", "transactionText": "", "filerName": "PH Financial Services Ltd", "filerRelation": "Promoter", "moneyText": "", "startDate": "2012-03-27", "ownership": "D"}, {"maxAge": 1, "shares": 16922, "filerUrl": "", "transactionText": "", "filerName": "PH Financial Services Ltd", "filerRelation": "Promoter", "moneyText": "", "startDate": "2012-03-26", "ownership": "D"}, {"maxAge": 1, "shares": 1079867, "filerUrl": "", "transactionText": "", "filerName": "PH Financial Services Ltd", "filerRelation": "Promoter", "moneyText": "", "startDate": "2012-03-20", "ownership": "D"}, {"maxAge": 1, "shares": 100000, "filerUrl": "", "transactionText": "", "filerName": "PH Financial Services Ltd", "filerRelation": "Promoter", "moneyText": "", "startDate": "2012-03-20", "ownership": "D"}, {"maxAge": 1, "shares": 35579, "filerUrl": "", "transactionText": "", "filerName": "Rao (Narasimha K)", "filerRelation": "Director (Non-Executive)", "moneyText": "", "startDate": "2011-10-28", "ownership": "D"}], "maxAge": 1}, "quoteType": {"exchange": "BSE", "quoteType": "EQUITY", "symbol": "VICEROY.BO", "underlyingSymbol": "VICEROY.BO", "shortName": "VICEROY HOTELS LTD.", "longName": "Viceroy Hotels Limited", "firstTradeDateEpochUtc": "2000-10-12 09:15:00", "timeZoneFullName": "Asia/Kolkata", "timeZoneShortName": "IST", "uuid": "6bdcaf2b-553e-338f-9788-b8f38f15ca0a", "gmtOffSetMilliseconds": 19800000, "maxAge": 1}, "incomeStatementHistory": {"incomeStatementHistory": [{"maxAge": 1, "endDate": "2020-03-31", "totalRevenue": 1223858216, "costOfRevenue": 624537646, "grossProfit": 599320570, "researchDevelopment": {}, "sellingGeneralAdministrative": 683932481, "nonRecurring": {}, "otherOperatingExpenses": -75910, "totalOperatingExpenses": 1413324607, "operatingIncome": -189466391, "totalOtherIncomeExpenseNet": 38025696, "ebit": -189466391, "interestExpense": -689690, "incomeBeforeTax": -151440695, "incomeTaxExpense": 17121732, "minorityInterest": {}, "netIncomeFromContinuingOps": -168562427, "discontinuedOperations": {}, "extraordinaryItems": {}, "effectOfAccountingCharges": {}, "otherItems": {}, "netIncome": -168562427, "netIncomeApplicableToCommonShares": -168562427}, {"maxAge": 1, "endDate": "2019-03-31", "totalRevenue": 1224267631, "costOfRevenue": 635205178, "grossProfit": 589062453, "researchDevelopment": {}, "sellingGeneralAdministrative": 624988839, "nonRecurring": {}, "otherOperatingExpenses": 109866, "totalOperatingExpenses": 1368652021, "operatingIncome": -144384390, "totalOtherIncomeExpenseNet": 6558515, "ebit": -144384390, "interestExpense": -17161013, "incomeBeforeTax": -137825875, "incomeTaxExpense": 19747228, "minorityInterest": {}, "netIncomeFromContinuingOps": -157573103, "discontinuedOperations": {}, "extraordinaryItems": {}, "effectOfAccountingCharges": {}, "otherItems": {}, "netIncome": -157573103, "netIncomeApplicableToCommonShares": -157573103}, {"maxAge": 1, "endDate": "2018-03-31", "totalRevenue": 1181039091, "costOfRevenue": 667294880, "grossProfit": 513744211, "researchDevelopment": {}, "sellingGeneralAdministrative": 425655897, "nonRecurring": {}, "otherOperatingExpenses": 109866, "totalOperatingExpenses": 1196857948, "operatingIncome": -15818857, "totalOtherIncomeExpenseNet": -4318171898, "ebit": -15818857, "interestExpense": -217057787, "incomeBeforeTax": -4333990755, "incomeTaxExpense": 99641069, "minorityInterest": {}, "netIncomeFromContinuingOps": -4433631824, "discontinuedOperations": {}, "extraordinaryItems": {}, "effectOfAccountingCharges": {}, "otherItems": {}, "netIncome": -4433631824, "netIncomeApplicableToCommonShares": -4433631824}, {"maxAge": 1, "endDate": "2017-03-31", "totalRevenue": 1244816159, "costOfRevenue": 621621412, "grossProfit": 623194747, "researchDevelopment": {}, "sellingGeneralAdministrative": 122669366, "nonRecurring": {}, "otherOperatingExpenses": 251481756, "totalOperatingExpenses": 1084160901, "operatingIncome": 160655258, "totalOtherIncomeExpenseNet": -296423956, "ebit": 160655258, "interestExpense": -266691143, "incomeBeforeTax": -135768698, "incomeTaxExpense": 9991431, "minorityInterest": {}, "netIncomeFromContinuingOps": -145760129, "discontinuedOperations": {}, "extraordinaryItems": {}, "effectOfAccountingCharges": {}, "otherItems": {}, "netIncome": -145760129, "netIncomeApplicableToCommonShares": -145760129}], "maxAge": 86400}, "fundOwnership": {"ownershipList": [], "maxAge": 1}, "summaryDetail": {"maxAge": 1, "priceHint": 4, "previousClose": 1.95, "open": 1.99, "dayLow": 1.92, "dayHigh": 1.99, "regularMarketPreviousClose": 1.95, "regularMarketOpen": 1.99, "regularMarketDayLow": 1.92, "regularMarketDayHigh": 1.99, "volume": 5100, "regularMarketVolume": 5100, "averageVolume": 16289, "averageVolume10days": 11207, "averageDailyVolume10Day": 11207, "bid": 1.93, "ask": 2.02, "bidSize": 0, "askSize": 0, "marketCap": 82690144, "fiftyTwoWeekLow": 0.78, "fiftyTwoWeekHigh": 3.97, "fiftyDayAverage": 3.168182, "twoHundredDayAverage": 2.6796324, "currency": "INR", "fromCurrency": null, "lastMarket": null, "algorithm": null, "tradeable": false}, "sectorTrend": {"maxAge": 1, "symbol": null, "estimates": []}, "incomeStatementHistoryQuarterly": {"incomeStatementHistory": [{"maxAge": 1, "endDate": "2020-06-30", "totalRevenue": 23687000, "costOfRevenue": 41337000, "grossProfit": -17650000, "researchDevelopment": {}, "sellingGeneralAdministrative": {}, "nonRecurring": {}, "otherOperatingExpenses": 31358000, "totalOperatingExpenses": 97853000, "operatingIncome": -74166000, "totalOtherIncomeExpenseNet": 4393000, "ebit": -74166000, "interestExpense": -4000, "incomeBeforeTax": -69773000, "incomeTaxExpense": -7419000, "minorityInterest": {}, "netIncomeFromContinuingOps": -62354000, "discontinuedOperations": {}, "extraordinaryItems": {}, "effectOfAccountingCharges": {}, "otherItems": {}, "netIncome": -62354000, "netIncomeApplicableToCommonShares": -62354000}, {"maxAge": 1, "endDate": "2020-03-31", "totalRevenue": 296514216, "costOfRevenue": 50651646, "grossProfit": 245862570, "researchDevelopment": {}, "sellingGeneralAdministrative": 683932481, "nonRecurring": {}, "otherOperatingExpenses": -346701910, "totalOperatingExpenses": 413425607, "operatingIncome": -116911391, "totalOtherIncomeExpenseNet": 2649696, "ebit": -116911391, "interestExpense": -4000, "incomeBeforeTax": -114261695, "incomeTaxExpense": -1117268, "minorityInterest": {}, "netIncomeFromContinuingOps": -113144427, "discontinuedOperations": {}, "extraordinaryItems": {}, "effectOfAccountingCharges": {}, "otherItems": {}, "netIncome": -113144427, "netIncomeApplicableToCommonShares": -113144427}, {"maxAge": 1, "endDate": "2019-12-31", "totalRevenue": 340181000, "costOfRevenue": 212657000, "grossProfit": 127524000, "researchDevelopment": {}, "sellingGeneralAdministrative": 683932481, "nonRecurring": {}, "otherOperatingExpenses": 121463000, "totalOperatingExpenses": 360581000, "operatingIncome": -20400000, "totalOtherIncomeExpenseNet": 13929000, "ebit": -20400000, "interestExpense": -1156000, "incomeBeforeTax": -6471000, "incomeTaxExpense": 6079000, "minorityInterest": {}, "netIncomeFromContinuingOps": -12550000, "discontinuedOperations": {}, "extraordinaryItems": {}, "effectOfAccountingCharges": {}, "otherItems": {}, "netIncome": -12550000, "netIncomeApplicableToCommonShares": -12550000}, {"maxAge": 1, "endDate": "2019-09-30", "totalRevenue": 286299000, "costOfRevenue": 174821000, "grossProfit": 111478000, "researchDevelopment": {}, "sellingGeneralAdministrative": 683932481, "nonRecurring": {}, "otherOperatingExpenses": 115082000, "totalOperatingExpenses": 316366000, "operatingIncome": -30067000, "totalOtherIncomeExpenseNet": 11645000, "ebit": -30067000, "interestExpense": -1838000, "incomeBeforeTax": -18422000, "incomeTaxExpense": 6080000, "minorityInterest": {}, "netIncomeFromContinuingOps": -24502000, "discontinuedOperations": {}, "extraordinaryItems": {}, "effectOfAccountingCharges": {}, "otherItems": {}, "netIncome": -24502000, "netIncomeApplicableToCommonShares": -24502000}], "maxAge": 86400}, "cashflowStatementHistoryQuarterly": {"cashflowStatements": [{"maxAge": 1, "endDate": "2020-06-30", "netIncome": -62354000, "changeToLiabilities": 0}, {"maxAge": 1, "endDate": "2020-03-31", "netIncome": -113144427, "changeToLiabilities": 0}, {"maxAge": 1, "endDate": "2019-12-31", "netIncome": -12550000, "changeToLiabilities": 0}, {"maxAge": 1, "endDate": "2019-09-30", "netIncome": -24502000, "changeToLiabilities": 0}], "maxAge": 86400}, "insiderHolders": {"holders": [{"maxAge": 1, "name": "Jhunjhunwala (Rakesh Radheshyam)", "relation": "Director (Non-Executive)", "url": "", "transactionDescription": "Acquisition", "latestTransDate": "2012-04-04", "positionDirect": 5707566, "positionDirectDate": "2012-04-04"}, {"maxAge": 1, "name": "Minerva Enterprises Pvt Ltd", "relation": "Promoter", "url": "", "transactionDescription": "Sale", "latestTransDate": "2012-03-29", "positionDirect": 351413, "positionDirectDate": "2012-03-29"}, {"maxAge": 1, "name": "P H Infotech Pvt Ltd", "relation": "Promoter", "url": "", "transactionDescription": "Sale", "latestTransDate": "2012-03-28", "positionDirect": 60254, "positionDirectDate": "2012-03-28"}, {"maxAge": 1, "name": "PH Financial Services Ltd", "relation": "Promoter", "url": "", "transactionDescription": "Purchase", "latestTransDate": "2017-08-03", "positionDirect": 1932516, "positionDirectDate": "2017-08-03"}, {"maxAge": 1, "name": "Parvath Investments Pvt. Ltd.", "relation": "Promoter", "url": "", "transactionDescription": "Sale", "latestTransDate": "2012-04-04", "positionDirect": 37760, "positionDirectDate": "2012-04-04"}, {"maxAge": 1, "name": "Parvath Reddy Investments Pvt. Ltd.", "relation": "Promoter", "url": "", "transactionDescription": "Sale", "latestTransDate": "2012-04-04", "positionDirect": 246000, "positionDirectDate": "2012-04-04"}, {"maxAge": 1, "name": "Rao (Narasimha K)", "relation": "Director (Non-Executive)", "url": "", "transactionDescription": "Acquisition", "latestTransDate": "2011-10-28", "positionDirect": 284329, "positionDirectDate": "2011-10-28"}, {"maxAge": 1, "name": "Reddy (Chakradhar Parvath)", "relation": "Promoter", "url": "", "transactionDescription": "Sale", "latestTransDate": "2017-07-31", "positionDirect": 2789351, "positionDirectDate": "2017-07-31"}, {"maxAge": 1, "name": "Reddy (Prabhakar P)", "relation": "Chairman of the Board", "url": "", "transactionDescription": "Sale", "latestTransDate": "2017-08-03", "positionDirect": 1593124, "positionDirectDate": "2017-08-03"}], "maxAge": 1}, "earnings": {"maxAge": 86400, "earningsChart": {"quarterly": [], "earningsDate": ["2020-09-15 05:30:S"]}, "financialsChart": {"yearly": [{"date": 2017, "revenue": 1244816159, "earnings": -145760129}, {"date": 2018, "revenue": 1181039091, "earnings": -4433631824}, {"date": 2019, "revenue": 1224267631, "earnings": -157573103}, {"date": 2020, "revenue": 1223858216, "earnings": -168562427}], "quarterly": [{"date": "3Q2019", "revenue": 286299000, "earnings": -24502000}, {"date": "4Q2019", "revenue": 340181000, "earnings": -12550000}, {"date": "1Q2020", "revenue": 296514216, "earnings": -113144427}, {"date": "2Q2020", "revenue": 23687000, "earnings": -62354000}]}, "financialCurrency": "INR"}, "calendarEvents": {"maxAge": 1, "earnings": {"earningsDate": ["2020-09-15 05:30:S"]}}, "upgradeDowngradeHistory": {"history": [], "maxAge": 86400}, "price": {"maxAge": 1, "regularMarketChangePercent": 0.0, "regularMarketChange": 0.0, "regularMarketTime": "2021-04-29 14:53:59", "priceHint": 4, "regularMarketPrice": 1.95, "regularMarketDayHigh": 1.99, "regularMarketDayLow": 1.92, "regularMarketVolume": 5100, "averageDailyVolume10Day": 11207, "averageDailyVolume3Month": 16289, "regularMarketPreviousClose": 1.95, "regularMarketSource": "FREE_REALTIME", "regularMarketOpen": 1.99, "exchange": "BSE", "exchangeName": "BSE", "exchangeDataDelayedBy": 0, "marketState": "CLOSED", "quoteType": "EQUITY", "symbol": "VICEROY.BO", "underlyingSymbol": null, "shortName": "VICEROY HOTELS LTD.", "longName": "Viceroy Hotels Limited", "currency": "INR", "quoteSourceName": "Delayed Quote", "currencySymbol": "\u20b9", "fromCurrency": null, "lastMarket": null, "marketCap": 82690144}, "balanceSheetHistory": {"balanceSheetStatements": [{"maxAge": 1, "endDate": "2020-03-31", "cash": 2966345, "netReceivables": 119776053, "inventory": 21158152, "otherCurrentAssets": 197579558, "totalCurrentAssets": 375094796, "propertyPlantEquipment": 3548572970, "otherAssets": 369258998, "totalAssets": 4292926764, "accountsPayable": 304547764, "otherCurrentLiab": 37106428, "longTermDebt": 5454769308, "otherLiab": 349813853, "deferredLongTermLiab": 144781553, "totalCurrentLiabilities": 2466957432, "totalLiab": 8271540593, "commonStock": 424052240, "retainedEarnings": -6185805165, "treasuryStock": 65353426, "capitalSurplus": 1717785670, "otherStockholderEquity": 65353426, "totalStockholderEquity": -3978613829, "netTangibleAssets": -3978613829}, {"maxAge": 1, "endDate": "2019-03-31", "cash": 57273039, "netReceivables": 137887545, "inventory": 20708242, "otherCurrentAssets": 97048129, "totalCurrentAssets": 325967153, "propertyPlantEquipment": 3652200684, "otherAssets": 436333499, "totalAssets": 4414501336, "accountsPayable": 314151975, "otherCurrentLiab": 50427430, "longTermDebt": 5383650810, "otherLiab": 348926656, "deferredLongTermLiab": 143111540, "totalCurrentLiabilities": 2491975272, "totalLiab": 8224552738, "commonStock": 424052240, "retainedEarnings": -6017242738, "treasuryStock": 65353426, "capitalSurplus": 1717785670, "otherStockholderEquity": 65353426, "totalStockholderEquity": -3810051402, "netTangibleAssets": -3810051402}, {"maxAge": 1, "endDate": "2018-03-31", "cash": -8115398, "netReceivables": 116016503, "inventory": 15925342, "otherCurrentAssets": 221890056, "totalCurrentAssets": 359143268, "propertyPlantEquipment": 3739695560, "otherAssets": 317838793, "totalAssets": 4416677621, "accountsPayable": 297355233, "otherCurrentLiab": 78668452, "longTermDebt": 5287882868, "otherLiab": 312340826, "deferredLongTermLiab": 107129860, "totalCurrentLiabilities": 2468932226, "totalLiab": 8069155920, "commonStock": 424052240, "retainedEarnings": -5859669635, "treasuryStock": 65353426, "capitalSurplus": 1717785670, "otherStockholderEquity": 65353426, "totalStockholderEquity": -3652478299, "netTangibleAssets": -3652478299}, {"maxAge": 1, "endDate": "2017-03-31", "cash": 42298669, "netReceivables": 122164179, "inventory": 17074168, "otherCurrentAssets": 189392878, "totalCurrentAssets": 430308328, "longTermInvestments": 1298851128, "propertyPlantEquipment": 6235347255, "otherAssets": 1308636789, "totalAssets": 9273143500, "accountsPayable": 229706676, "otherCurrentLiab": 362286453, "longTermDebt": 4604569466, "otherLiab": 213138101, "deferredLongTermLiab": 51231712, "totalCurrentLiabilities": 2829016149, "totalLiab": 7646723716, "commonStock": 424052240, "retainedEarnings": -1479060164, "treasuryStock": 65353426, "capitalSurplus": 2616074282, "otherStockholderEquity": 65353426, "totalStockholderEquity": 1626419784, "netTangibleAssets": 1626419784}], "maxAge": 86400}, "earningsTrend": {"trend": [{"maxAge": 1, "period": "0q", "endDate": null, "growth": {}, "earningsEstimate": {"avg": 0.0, "low": 0.0, "high": 0.0, "yearAgoEps": {}, "numberOfAnalysts": 0, "growth": {}}, "revenueEstimate": {"avg": 0, "low": 0, "high": 0, "numberOfAnalysts": 0, "yearAgoRevenue": {}, "growth": {}}, "epsTrend": {"current": 0.0, "7daysAgo": 0.0, "30daysAgo": 0.0, "60daysAgo": 0.0, "90daysAgo": 0.0}, "epsRevisions": {"upLast7days": 0, "upLast30days": 0, "downLast30days": 0, "downLast90days": {}}}, {"maxAge": 1, "period": "+1q", "endDate": null, "growth": {}, "earningsEstimate": {"avg": 0.0, "low": 0.0, "high": 0.0, "yearAgoEps": {}, "numberOfAnalysts": 0, "growth": {}}, "revenueEstimate": {"avg": 0, "low": 0, "high": 0, "numberOfAnalysts": 0, "yearAgoRevenue": {}, "growth": {}}, "epsTrend": {"current": 0.0, "7daysAgo": 0.0, "30daysAgo": 0.0, "60daysAgo": 0.0, "90daysAgo": 0.0}, "epsRevisions": {"upLast7days": 0, "upLast30days": 0, "downLast30days": 0, "downLast90days": {}}}, {"maxAge": 1, "period": "0y", "endDate": null, "growth": {}, "earningsEstimate": {"avg": 0.0, "low": 0.0, "high": 0.0, "yearAgoEps": {}, "numberOfAnalysts": 0, "growth": {}}, "revenueEstimate": {"avg": 0, "low": 0, "high": 0, "numberOfAnalysts": 0, "yearAgoRevenue": {}, "growth": {}}, "epsTrend": {"current": 0.0, "7daysAgo": 0.0, "30daysAgo": 0.0, "60daysAgo": 0.0, "90daysAgo": 0.0}, "epsRevisions": {"upLast7days": 0, "upLast30days": 0, "downLast30days": 0, "downLast90days": {}}}, {"maxAge": 1, "period": "+1y", "endDate": null, "growth": {}, "earningsEstimate": {"avg": 0.0, "low": 0.0, "high": 0.0, "yearAgoEps": {}, "numberOfAnalysts": 0, "growth": {}}, "revenueEstimate": {"avg": 0, "low": 0, "high": 0, "numberOfAnalysts": 0, "yearAgoRevenue": {}, "growth": {}}, "epsTrend": {"current": 0.0, "7daysAgo": 0.0, "30daysAgo": 0.0, "60daysAgo": 0.0, "90daysAgo": 0.0}, "epsRevisions": {"upLast7days": 0, "upLast30days": 0, "downLast30days": 0, "downLast90days": {}}}, {"maxAge": 1, "period": "+5y", "endDate": null, "growth": {}, "earningsEstimate": {"avg": {}, "low": {}, "high": {}, "yearAgoEps": {}, "numberOfAnalysts": {}, "growth": {}}, "revenueEstimate": {"avg": {}, "low": {}, "high": {}, "numberOfAnalysts": {}, "yearAgoRevenue": {}, "growth": {}}, "epsTrend": {"current": {}, "7daysAgo": {}, "30daysAgo": {}, "60daysAgo": {}, "90daysAgo": {}}, "epsRevisions": {"upLast7days": {}, "upLast30days": {}, "downLast30days": {}, "downLast90days": {}}}, {"maxAge": 1, "period": "-5y", "endDate": null, "growth": {}, "earningsEstimate": {"avg": {}, "low": {}, "high": {}, "yearAgoEps": {}, "numberOfAnalysts": {}, "growth": {}}, "revenueEstimate": {"avg": {}, "low": {}, "high": {}, "numberOfAnalysts": {}, "yearAgoRevenue": {}, "growth": {}}, "epsTrend": {"current": {}, "7daysAgo": {}, "30daysAgo": {}, "60daysAgo": {}, "90daysAgo": {}}, "epsRevisions": {"upLast7days": {}, "upLast30days": {}, "downLast30days": {}, "downLast90days": {}}}], "maxAge": 1}, "financialData": {"maxAge": 86400, "currentPrice": 1.95, "targetHighPrice": 56.0, "targetLowPrice": 56.0, "targetMeanPrice": 56.0, "targetMedianPrice": 56.0, "recommendationKey": "none", "numberOfAnalystOpinions": 1, "grossProfits": 599320570, "financialCurrency": "INR"}}}