{"VICTORYPP.BO": {"cashflowStatementHistory": {"cashflowStatements": [{"maxAge": 1, "endDate": "2020-03-31", "netIncome": -48683119, "depreciation": 15436564, "changeToNetincome": 5961585, "changeToAccountReceivables": -30148423, "changeToLiabilities": -22994493, "changeToInventory": -11716174, "totalCashFromOperatingActivities": -92144063, "capitalExpenditures": -38853665, "totalCashflowsFromInvestingActivities": -37025955, "netBorrowings": 162300000, "otherCashflowsFromFinancingActivities": -33354637, "totalCashFromFinancingActivities": 128945363, "changeInCash": -224657}, {"maxAge": 1, "endDate": "2019-03-31", "netIncome": 28413073, "depreciation": 6065095, "changeToNetincome": -50278208, "changeToAccountReceivables": -31755074, "changeToLiabilities": 40384429, "changeToInventory": -9000214, "totalCashFromOperatingActivities": -16170901, "capitalExpenditures": -422014473, "totalCashflowsFromInvestingActivities": -424122973, "netBorrowings": 442800000, "otherCashflowsFromFinancingActivities": -1735104, "totalCashFromFinancingActivities": 441064896, "changeInCash": 771020}, {"maxAge": 1, "endDate": "2018-03-31", "netIncome": 463625, "depreciation": 1091702, "changeToNetincome": -118944, "changeToAccountReceivables": -4753852, "changeToLiabilities": 0, "changeToInventory": -9000214, "changeToOperatingActivities": 3517199, "totalCashFromOperatingActivities": 199729, "capitalExpenditures": -7813, "totalCashflowsFromInvestingActivities": 115330, "netBorrowings": 442800000, "otherCashflowsFromFinancingActivities": -4200, "totalCashFromFinancingActivities": -4200, "changeInCash": 310859}, {"maxAge": 1, "endDate": "2017-03-31", "netIncome": 75436478, "depreciation": 2760921, "changeToNetincome": -1168818, "changeToAccountReceivables": -4753852, "changeToLiabilities": 0, "changeToInventory": 518355, "changeToOperatingActivities": -83624536, "totalCashFromOperatingActivities": -6077600, "capitalExpenditures": -7813, "totalCashflowsFromInvestingActivities": 11113156, "netBorrowings": -4996990, "otherCashflowsFromFinancingActivities": -9432, "totalCashFromFinancingActivities": -5006422, "changeInCash": 29135}], "maxAge": 86400}, "institutionOwnership": {"maxAge": 1, "ownershipList": []}, "balanceSheetHistoryQuarterly": {"balanceSheetStatements": [{"maxAge": 1, "endDate": "2020-06-30", "totalStockholderEquity": -74409000, "netTangibleAssets": -76333000}, {"maxAge": 1, "endDate": "2020-03-31", "cash": 932023, "netReceivables": 36246682, "inventory": 20716386, "otherCurrentAssets": 25381873, "totalCurrentAssets": 83276964, "propertyPlantEquipment": 471342580, "intangibleAssets": 1923928, "otherAssets": 4027765, "totalAssets": 560571237, "accountsPayable": 7658826, "shortLongTermDebt": 51600000, "otherCurrentLiab": 3780882, "longTermDebt": 198400000, "otherLiab": 3329625, "totalCurrentLiabilities": 433250852, "totalLiab": 634980477, "commonStock": 135000000, "retainedEarnings": -209409236, "totalStockholderEquity": -74409236, "netTangibleAssets": -76333164}, {"maxAge": 1, "endDate": "2019-12-31", "totalStockholderEquity": -60684000, "netTangibleAssets": -62068000}, {"maxAge": 1, "endDate": "2019-09-30", "cash": 16822000, "netReceivables": 21965000, "inventory": 22438000, "otherCurrentAssets": 14491000, "totalCurrentAssets": 75716000, "propertyPlantEquipment": 451010000, "intangibleAssets": 1384000, "otherAssets": 1284000, "totalAssets": 529394000, "accountsPayable": 32384000, "shortLongTermDebt": 237550000, "otherCurrentLiab": 61396000, "longTermDebt": 250000000, "otherLiab": 8748000, "totalCurrentLiabilities": 331330000, "totalLiab": 590078000, "commonStock": 135000000, "retainedEarnings": -195684000, "totalStockholderEquity": -60684000, "netTangibleAssets": -62068000}], "maxAge": 86400}, "indexTrend": {"maxAge": 1, "symbol": "SP5", "peRatio": 19.7411, "pegRatio": 1.34172, "estimates": [{"period": "0q", "growth": 0.549}, {"period": "+1q", "growth": 0.431}, {"period": "0y", "growth": 0.305}, {"period": "+1y", "growth": 0.109}, {"period": "+5y", "growth": 0.120859005}, {"period": "-5y"}]}, "quoteType": {"exchange": "BSE", "quoteType": "EQUITY", "symbol": "VICTORYPP.BO", "underlyingSymbol": "VICTORYPP.BO", "shortName": "VICTORY PAPER & BOARDS (INDIA)", "longName": "Victory Paper and Boards (India) Limited", "firstTradeDateEpochUtc": "2000-01-20 09:15:00", "timeZoneFullName": "Asia/Kolkata", "timeZoneShortName": "IST", "uuid": "b8bd26dd-aa49-3877-a03c-41c47b1c0cf9", "messageBoardId": null, "gmtOffSetMilliseconds": 19800000, "maxAge": 1}, "incomeStatementHistory": {"incomeStatementHistory": [{"maxAge": 1, "endDate": "2020-03-31", "totalRevenue": 174659520, "costOfRevenue": 88059961, "grossProfit": 86599559, "researchDevelopment": {}, "sellingGeneralAdministrative": 85581105, "nonRecurring": {}, "otherOperatingExpenses": 26511305, "totalOperatingExpenses": 215588936, "operatingIncome": -40929416, "totalOtherIncomeExpenseNet": -11603999, "ebit": -40929416, "interestExpense": -34636309, "incomeBeforeTax": -52533415, "incomeTaxExpense": -3850296, "minorityInterest": {}, "netIncomeFromContinuingOps": -48683119, "discontinuedOperations": {}, "extraordinaryItems": {}, "effectOfAccountingCharges": {}, "otherItems": {}, "netIncome": -48683119, "netIncomeApplicableToCommonShares": -48683119}, {"maxAge": 1, "endDate": "2019-03-31", "totalRevenue": 48465692, "costOfRevenue": 42003693, "grossProfit": 6461999, "researchDevelopment": {}, "sellingGeneralAdministrative": 13364416, "nonRecurring": {}, "otherOperatingExpenses": 8682430, "totalOperatingExpenses": 70115634, "operatingIncome": -21649942, "totalOtherIncomeExpenseNet": 56456171, "ebit": -21649942, "interestExpense": -165172, "incomeBeforeTax": 34806229, "incomeTaxExpense": 6393156, "minorityInterest": {}, "netIncomeFromContinuingOps": 28413073, "discontinuedOperations": {}, "extraordinaryItems": {}, "effectOfAccountingCharges": {}, "otherItems": {}, "netIncome": 28413073, "netIncomeApplicableToCommonShares": 28413073}, {"maxAge": 1, "endDate": "2018-03-31", "totalRevenue": 763500, "costOfRevenue": 0, "grossProfit": 763500, "researchDevelopment": {}, "sellingGeneralAdministrative": 134789, "nonRecurring": {}, "otherOperatingExpenses": 376748, "totalOperatingExpenses": 1626513, "operatingIncome": -863013, "totalOtherIncomeExpenseNet": 1326638, "ebit": -863013, "interestExpense": -165172, "incomeBeforeTax": 463625, "incomeTaxExpense": 0, "minorityInterest": {}, "netIncomeFromContinuingOps": 463625, "discontinuedOperations": {}, "extraordinaryItems": {}, "effectOfAccountingCharges": {}, "otherItems": {}, "netIncome": 463625, "netIncomeApplicableToCommonShares": 463625}, {"maxAge": 1, "endDate": "2017-03-31", "totalRevenue": 488775, "costOfRevenue": 518355, "grossProfit": -29580, "researchDevelopment": {}, "sellingGeneralAdministrative": 134789, "nonRecurring": {}, "otherOperatingExpenses": 1746566, "totalOperatingExpenses": 6393366, "operatingIncome": -5904591, "totalOtherIncomeExpenseNet": 81341069, "ebit": -5904591, "interestExpense": -5000, "incomeBeforeTax": 75436478, "incomeTaxExpense": 0, "minorityInterest": {}, "netIncomeFromContinuingOps": 75436478, "discontinuedOperations": {}, "extraordinaryItems": {}, "effectOfAccountingCharges": {}, "otherItems": {}, "netIncome": 75436478, "netIncomeApplicableToCommonShares": 75436478}], "maxAge": 86400}, "fundOwnership": {"maxAge": 1, "ownershipList": []}, "summaryDetail": {"maxAge": 1, "priceHint": 2, "previousClose": 100.9, "open": 103.0, "dayLow": 100.0, "dayHigh": 103.0, "regularMarketPreviousClose": 100.9, "regularMarketOpen": 103.0, "regularMarketDayLow": 100.0, "regularMarketDayHigh": 103.0, "volume": 5129, "regularMarketVolume": 5129, "averageVolume": 2248, "averageVolume10days": 3853, "averageDailyVolume10Day": 3853, "bid": 100.05, "ask": 102.95, "bidSize": 0, "askSize": 0, "marketCap": 1354050048, "fiftyTwoWeekLow": 50.1, "fiftyTwoWeekHigh": 123.95, "fiftyDayAverage": 101.99, "twoHundredDayAverage": 98.30474, "currency": "INR", "fromCurrency": null, "toCurrency": null, "lastMarket": null, "algorithm": null, "tradeable": false}, "incomeStatementHistoryQuarterly": {"incomeStatementHistory": [{"maxAge": 1, "endDate": "2020-06-30", "totalRevenue": 31363000, "costOfRevenue": 21231000, "grossProfit": 10132000, "researchDevelopment": {}, "sellingGeneralAdministrative": 11055000, "nonRecurring": {}, "otherOperatingExpenses": 5777000, "totalOperatingExpenses": 41941000, "operatingIncome": -10578000, "totalOtherIncomeExpenseNet": -6412000, "ebit": -10578000, "interestExpense": -6417000, "incomeBeforeTax": -16990000, "incomeTaxExpense": 0, "minorityInterest": {}, "netIncomeFromContinuingOps": -16990000, "discontinuedOperations": {}, "extraordinaryItems": {}, "effectOfAccountingCharges": {}, "otherItems": {}, "netIncome": -16990000, "netIncomeApplicableToCommonShares": -16990000}, {"maxAge": 1, "endDate": "2020-03-31", "totalRevenue": 59601520, "costOfRevenue": 33004961, "grossProfit": 26596559, "researchDevelopment": {}, "sellingGeneralAdministrative": 28592105, "nonRecurring": {}, "otherOperatingExpenses": 3650305, "totalOperatingExpenses": 68679936, "operatingIncome": -9078416, "totalOtherIncomeExpenseNet": 5765001, "ebit": -9078416, "interestExpense": -14812309, "incomeBeforeTax": -3313415, "incomeTaxExpense": -4082296, "minorityInterest": {}, "netIncomeFromContinuingOps": 768881, "discontinuedOperations": {}, "extraordinaryItems": {}, "effectOfAccountingCharges": {}, "otherItems": {}, "netIncome": 768881, "netIncomeApplicableToCommonShares": 768881}, {"maxAge": 1, "endDate": "2019-12-31", "totalRevenue": 44765000, "costOfRevenue": 20682000, "grossProfit": 24083000, "researchDevelopment": {}, "sellingGeneralAdministrative": 29757000, "nonRecurring": {}, "otherOperatingExpenses": 2652000, "totalOperatingExpenses": 53091000, "operatingIncome": -8326000, "totalOtherIncomeExpenseNet": -6168000, "ebit": -8326000, "interestExpense": -6557000, "incomeBeforeTax": -14494000, "incomeTaxExpense": 0, "minorityInterest": {}, "netIncomeFromContinuingOps": -14494000, "discontinuedOperations": {}, "extraordinaryItems": {}, "effectOfAccountingCharges": {}, "otherItems": {}, "netIncome": -14494000, "netIncomeApplicableToCommonShares": -14494000}, {"maxAge": 1, "endDate": "2019-09-30", "totalRevenue": 39409000, "costOfRevenue": 14415000, "grossProfit": 24994000, "researchDevelopment": {}, "sellingGeneralAdministrative": 14957000, "nonRecurring": {}, "otherOperatingExpenses": 12347000, "totalOperatingExpenses": 53723000, "operatingIncome": -14314000, "totalOtherIncomeExpenseNet": -6045000, "ebit": -14314000, "interestExpense": -6622000, "incomeBeforeTax": -20359000, "incomeTaxExpense": 232000, "minorityInterest": {}, "netIncomeFromContinuingOps": -20591000, "discontinuedOperations": {}, "extraordinaryItems": {}, "effectOfAccountingCharges": {}, "otherItems": {}, "netIncome": -20591000, "netIncomeApplicableToCommonShares": -20591000}], "maxAge": 86400}, "cashflowStatementHistoryQuarterly": {"cashflowStatements": [{"maxAge": 1, "endDate": "2020-06-30", "netIncome": -16990000, "changeToLiabilities": 0}, {"maxAge": 1, "endDate": "2020-03-31", "netIncome": 768881, "changeToLiabilities": 0}, {"maxAge": 1, "endDate": "2019-12-31", "netIncome": -14494000, "changeToLiabilities": 0}, {"maxAge": 1, "endDate": "2019-09-30", "netIncome": -20591000, "changeToLiabilities": 0}], "maxAge": 86400}, "insiderHolders": {"holders": [], "maxAge": 1}, "calendarEvents": {"maxAge": 1, "earnings": {"earningsDate": []}}, "price": {"maxAge": 1, "regularMarketChangePercent": -0.0059464662, "regularMarketChange": -0.5999985, "regularMarketTime": "2021-04-30 15:26:43", "priceHint": 2, "regularMarketPrice": 100.3, "regularMarketDayHigh": 103.0, "regularMarketDayLow": 100.0, "regularMarketVolume": 5129, "averageDailyVolume10Day": 3853, "averageDailyVolume3Month": 2248, "regularMarketPreviousClose": 100.9, "regularMarketSource": "FREE_REALTIME", "regularMarketOpen": 103.0, "exchange": "BSE", "exchangeName": "BSE", "exchangeDataDelayedBy": 0, "marketState": "CLOSED", "quoteType": "EQUITY", "symbol": "VICTORYPP.BO", "underlyingSymbol": null, "shortName": "VICTORY PAPER & BOARDS (INDIA)", "longName": "Victory Paper and Boards (India) Limited", "currency": "INR", "quoteSourceName": "Delayed Quote", "currencySymbol": "\u20b9", "fromCurrency": null, "toCurrency": null, "lastMarket": null, "marketCap": 1354050048}, "balanceSheetHistory": {"balanceSheetStatements": [{"maxAge": 1, "endDate": "2020-03-31", "cash": 932023, "netReceivables": 36246682, "inventory": 20716386, "otherCurrentAssets": 25381873, "totalCurrentAssets": 83276964, "propertyPlantEquipment": 471342580, "intangibleAssets": 1923928, "otherAssets": 4027765, "totalAssets": 560571237, "accountsPayable": 7658826, "shortLongTermDebt": 51600000, "otherCurrentLiab": 3780882, "longTermDebt": 198400000, "otherLiab": 3329625, "totalCurrentLiabilities": 433250852, "totalLiab": 634980477, "commonStock": 135000000, "retainedEarnings": -209409236, "totalStockholderEquity": -74409236, "netTangibleAssets": -76333164}, {"maxAge": 1, "endDate": "2019-03-31", "cash": 1156681, "netReceivables": 6696929, "inventory": 9000212, "otherCurrentAssets": 25830887, "totalCurrentAssets": 43229709, "propertyPlantEquipment": 449549032, "intangibleAssets": 2051791, "otherAssets": 1283800, "totalAssets": 496114332, "accountsPayable": 25879835, "otherCurrentLiab": 11351885, "longTermDebt": 250000000, "otherLiab": 7879921, "totalCurrentLiabilities": 263960528, "totalLiab": 521840449, "commonStock": 135000000, "retainedEarnings": -160726114, "totalStockholderEquity": -25726114, "netTangibleAssets": -27777905}, {"maxAge": 1, "endDate": "2018-03-31", "cash": 385661, "netReceivables": 24159383, "totalCurrentAssets": 24545044, "propertyPlantEquipment": 33542945, "otherAssets": 957743, "totalAssets": 59045732, "otherCurrentLiab": 11025054, "otherLiab": 102129864, "totalCurrentLiabilities": 11055054, "totalLiab": 113184918, "commonStock": 135000000, "retainedEarnings": -189139185, "totalStockholderEquity": -54139185, "netTangibleAssets": -54139185}, {"maxAge": 1, "endDate": "2017-03-31", "cash": 74802, "netReceivables": 24183848, "otherCurrentAssets": 23272, "totalCurrentAssets": 24281922, "propertyPlantEquipment": 34626835, "otherAssets": 957743, "totalAssets": 59866500, "otherCurrentLiab": 6846648, "otherLiab": 106883717, "totalCurrentLiabilities": 7585592, "totalLiab": 114469309, "commonStock": 135000000, "retainedEarnings": -189602809, "totalStockholderEquity": -54602809, "netTangibleAssets": -54602809}], "maxAge": 86400}, "financialData": {"maxAge": 86400, "currentPrice": 100.3, "recommendationKey": "none", "grossProfits": 86599559, "financialCurrency": "INR"}}}