{"VIDHIING.BO": {"recommendationTrend": {"trend": [{"period": "0m", "strongBuy": 0, "buy": 0, "hold": 0, "sell": 0, "strongSell": 0}, {"period": "-1m", "strongBuy": 0, "buy": 0, "hold": 0, "sell": 0, "strongSell": 0}, {"period": "-2m", "strongBuy": 0, "buy": 0, "hold": 0, "sell": 0, "strongSell": 0}, {"period": "-3m", "strongBuy": 0, "buy": 0, "hold": 0, "sell": 0, "strongSell": 0}], "maxAge": 86400}, "cashflowStatementHistory": {"cashflowStatements": [{"maxAge": 1, "endDate": "2020-03-31", "netIncome": 339214000, "depreciation": 29782000, "changeToNetincome": 28105000, "changeToAccountReceivables": -157038000, "changeToLiabilities": -4452000, "changeToInventory": 11078000, "changeToOperatingActivities": 81635000, "totalCashFromOperatingActivities": 328324000, "capitalExpenditures": -47721000, "investments": -79456000, "otherCashflowsFromInvestingActivities": 3013000, "totalCashflowsFromInvestingActivities": -124164000, "dividendsPaid": -49945000, "netBorrowings": -150939000, "otherCashflowsFromFinancingActivities": -39823000, "totalCashFromFinancingActivities": -240707000, "changeInCash": -36547000}, {"maxAge": 1, "endDate": "2019-03-31", "netIncome": 290552000, "depreciation": 23834000, "changeToNetincome": 33669000, "changeToAccountReceivables": -26676000, "changeToLiabilities": -94184000, "changeToInventory": -6920000, "changeToOperatingActivities": 3594000, "totalCashFromOperatingActivities": 220735000, "capitalExpenditures": -39734000, "investments": -158000, "otherCashflowsFromInvestingActivities": 4703000, "totalCashflowsFromInvestingActivities": -35189000, "dividendsPaid": -39956000, "netBorrowings": 491000, "otherCashflowsFromFinancingActivities": -42715000, "totalCashFromFinancingActivities": -82180000, "changeInCash": 103366000}, {"maxAge": 1, "endDate": "2018-03-31", "netIncome": 156321000, "depreciation": 24950000, "changeToNetincome": 57562000, "changeToAccountReceivables": 20459000, "changeToLiabilities": 4088000, "changeToInventory": 60640000, "changeToOperatingActivities": 34029000, "totalCashFromOperatingActivities": 331892000, "capitalExpenditures": -18792000, "investments": 585000, "otherCashflowsFromInvestingActivities": 2883000, "totalCashflowsFromInvestingActivities": -14924000, "dividendsPaid": -39956000, "netBorrowings": -190470000, "otherCashflowsFromFinancingActivities": -57768000, "totalCashFromFinancingActivities": -288194000, "changeInCash": 28774000}, {"maxAge": 1, "endDate": "2017-03-31", "netIncome": 146543000, "depreciation": 22586000, "changeToNetincome": 42466000, "changeToAccountReceivables": -215304000, "changeToLiabilities": 137759000, "changeToInventory": -125794000, "changeToOperatingActivities": -129121000, "totalCashFromOperatingActivities": -89081000, "capitalExpenditures": -13454000, "investments": -144000, "otherCashflowsFromInvestingActivities": 4766000, "totalCashflowsFromInvestingActivities": -8282000, "dividendsPaid": -39956000, "netBorrowings": 135789000, "otherCashflowsFromFinancingActivities": -47935000, "totalCashFromFinancingActivities": 47898000, "changeInCash": -49465000}], "maxAge": 86400}, "institutionOwnership": {"ownershipList": [], "maxAge": 1}, "balanceSheetHistoryQuarterly": {"balanceSheetStatements": [{"maxAge": 1, "endDate": "2020-06-30", "totalStockholderEquity": 1287215000, "netTangibleAssets": 1287215000}, {"maxAge": 1, "endDate": "2020-03-31", "cash": 71455000, "shortTermInvestments": 146000, "netReceivables": 808697000, "inventory": 341729000, "otherCurrentAssets": 185399000, "totalCurrentAssets": 1410281000, "propertyPlantEquipment": 378980000, "goodWill": 78693000, "otherAssets": 2071000, "totalAssets": 1870025000, "accountsPayable": 179120000, "shortLongTermDebt": 18154000, "otherCurrentLiab": 24262000, "longTermDebt": 12767000, "otherLiab": 26236000, "totalCurrentLiabilities": 543807000, "totalLiab": 582810000, "commonStock": 49945000, "retainedEarnings": 1236418000, "treasuryStock": 852000, "otherStockholderEquity": 852000, "totalStockholderEquity": 1287215000, "netTangibleAssets": 1208522000}, {"maxAge": 1, "endDate": "2019-12-31", "totalStockholderEquity": 1147070000, "netTangibleAssets": 1147070000}, {"maxAge": 1, "endDate": "2019-09-30", "cash": 131019000, "shortTermInvestments": 8208000, "netReceivables": 557298000, "inventory": 378046000, "otherCurrentAssets": 176870000, "totalCurrentAssets": 1251441000, "propertyPlantEquipment": 449905000, "otherAssets": 2169000, "totalAssets": 1703515000, "accountsPayable": 198272000, "otherCurrentLiab": 44648000, "longTermDebt": 31227000, "otherLiab": 26692000, "totalCurrentLiabilities": 498526000, "totalLiab": 556445000, "commonStock": 49945000, "retainedEarnings": 1097050000, "treasuryStock": 75000, "otherStockholderEquity": 75000, "totalStockholderEquity": 1147070000, "netTangibleAssets": 1147070000}], "maxAge": 86400}, "earningsHistory": {"history": [{"maxAge": 1, "epsActual": 0.72, "epsEstimate": 0.83, "epsDifference": -0.11, "surprisePercent": -0.133, "quarter": "2017-06-30", "period": "-4q"}, {"maxAge": 1, "epsActual": 0.77, "epsEstimate": 0.9, "epsDifference": -0.13, "surprisePercent": -0.144, "quarter": "2017-12-31", "period": "-3q"}, {"maxAge": 1, "epsActual": 0.85, "epsEstimate": 0.83, "epsDifference": 0.02, "surprisePercent": 0.024, "quarter": "2018-03-31", "period": "-2q"}, {"maxAge": 1, "epsActual": 1.55, "epsEstimate": 0.82, "epsDifference": 0.73, "surprisePercent": 0.89, "quarter": "2018-06-30", "period": "-1q"}], "maxAge": 86400}, "indexTrend": {"maxAge": 1, "symbol": "SP5", "peRatio": 19.7411, "pegRatio": 1.34172, "estimates": [{"period": "0q", "growth": 0.549}, {"period": "+1q", "growth": 0.431}, {"period": "0y", "growth": 0.305}, {"period": "+1y", "growth": 0.109}, {"period": "+5y", "growth": 0.120865}, {"period": "-5y"}]}, "industryTrend": {"maxAge": 1, "symbol": null, "estimates": []}, "insiderTransactions": {"transactions": [{"maxAge": 1, "shares": 100000, "filerUrl": "", "transactionText": "", "filerName": "Hare Krishna Tex Exports Pvt, Ltd.", "filerRelation": "Institution- Corporation", "moneyText": "", "startDate": "2019-04-23", "ownership": "D"}, {"maxAge": 1, "shares": 100000, "filerUrl": "", "transactionText": "", "filerName": "Manek (Kripa)", "filerRelation": "UNREPORTED", "moneyText": "", "startDate": "2019-04-23", "ownership": "D"}, {"maxAge": 1, "shares": 248000, "filerUrl": "", "transactionText": "", "filerName": "Manek (Pravina B)", "filerRelation": "Director", "moneyText": "", "startDate": "2010-11-26", "ownership": "D"}, {"maxAge": 1, "shares": 247000, "filerUrl": "", "transactionText": "", "filerName": "Manek (Pravina B)", "filerRelation": "Director", "moneyText": "", "startDate": "2010-11-25", "ownership": "D"}, {"maxAge": 1, "shares": 248000, "filerUrl": "", "transactionText": "", "filerName": "Manek (Pravina B)", "filerRelation": "Director", "moneyText": "", "startDate": "2010-11-16", "ownership": "D"}, {"maxAge": 1, "shares": 247000, "filerUrl": "", "transactionText": "", "filerName": "Manek (Pravina B)", "filerRelation": "Director", "moneyText": "", "startDate": "2010-11-15", "ownership": "D"}, {"maxAge": 1, "shares": 247000, "filerUrl": "", "transactionText": "", "filerName": "Manek (Pravina B)", "filerRelation": "Director", "moneyText": "", "startDate": "2010-11-12", "ownership": "D"}, {"maxAge": 1, "shares": 245000, "filerUrl": "", "transactionText": "", "filerName": "Manek (Pravina B)", "filerRelation": "Director", "moneyText": "", "startDate": "2010-11-09", "ownership": "D"}, {"maxAge": 1, "shares": 245000, "filerUrl": "", "transactionText": "", "filerName": "Manek (Pravina B)", "filerRelation": "Director", "moneyText": "", "startDate": "2010-11-04", "ownership": "D"}, {"maxAge": 1, "shares": 237000, "filerUrl": "", "transactionText": "", "filerName": "Manek (Pravina B)", "filerRelation": "Director", "moneyText": "", "startDate": "2010-11-02", "ownership": "D"}, {"maxAge": 1, "shares": 240000, "filerUrl": "", "transactionText": "", "filerName": "Manek (Pravina B)", "filerRelation": "Director", "moneyText": "", "startDate": "2010-11-01", "ownership": "D"}, {"maxAge": 1, "shares": 5000000, "filerUrl": "", "transactionText": "", "filerName": "Mody (Naresh L)", "filerRelation": "Director (Non-Executive)", "moneyText": "", "startDate": "2010-04-27", "ownership": "D"}, {"maxAge": 1, "shares": 5000000, "filerUrl": "", "transactionText": "", "filerName": "Manek (Bipin Madhavji)", "filerRelation": "Managing Director", "moneyText": "", "startDate": "2010-04-27", "ownership": "D"}], "maxAge": 1}, "quoteType": {"exchange": "BSE", "quoteType": "EQUITY", "symbol": "VIDHIING.BO", "underlyingSymbol": "VIDHIING.BO", "shortName": "Vidhi Specialty Food Ingredien", "longName": "Vidhi Specialty Food Ingredients Limited", "firstTradeDateEpochUtc": "2001-04-09 09:15:00", "timeZoneFullName": "Asia/Kolkata", "timeZoneShortName": "IST", "uuid": "24c6e1d1-2d7c-3fe9-8d03-095609626fe5", "gmtOffSetMilliseconds": 19800000, "maxAge": 1}, "incomeStatementHistory": {"incomeStatementHistory": [{"maxAge": 1, "endDate": "2020-03-31", "totalRevenue": 2246158000, "costOfRevenue": 1399271000, "grossProfit": 846887000, "researchDevelopment": {}, "sellingGeneralAdministrative": 95782000, "nonRecurring": {}, "otherOperatingExpenses": 246360000, "totalOperatingExpenses": 1771195000, "operatingIncome": 474963000, "totalOtherIncomeExpenseNet": -23236000, "ebit": 474963000, "interestExpense": -22533000, "incomeBeforeTax": 451727000, "incomeTaxExpense": 112513000, "minorityInterest": {}, "netIncomeFromContinuingOps": 339214000, "discontinuedOperations": {}, "extraordinaryItems": {}, "effectOfAccountingCharges": {}, "otherItems": {}, "netIncome": 339214000, "netIncomeApplicableToCommonShares": 339214000}, {"maxAge": 1, "endDate": "2019-03-31", "totalRevenue": 2283535000, "costOfRevenue": 1453460000, "grossProfit": 830075000, "researchDevelopment": {}, "sellingGeneralAdministrative": 67186000, "nonRecurring": {}, "otherOperatingExpenses": 301285000, "totalOperatingExpenses": 1845765000, "operatingIncome": 437770000, "totalOtherIncomeExpenseNet": -29294000, "ebit": 437770000, "interestExpense": -27110000, "incomeBeforeTax": 408476000, "incomeTaxExpense": 117924000, "minorityInterest": {}, "netIncomeFromContinuingOps": 290552000, "discontinuedOperations": {}, "extraordinaryItems": {}, "effectOfAccountingCharges": {}, "otherItems": {}, "netIncome": 290552000, "netIncomeApplicableToCommonShares": 290552000}, {"maxAge": 1, "endDate": "2018-03-31", "totalRevenue": 2125502000, "costOfRevenue": 1449455000, "grossProfit": 676047000, "researchDevelopment": {}, "sellingGeneralAdministrative": 54521000, "nonRecurring": {}, "otherOperatingExpenses": 306260000, "totalOperatingExpenses": 1835144000, "operatingIncome": 290358000, "totalOtherIncomeExpenseNet": -46838000, "ebit": 290358000, "interestExpense": -41492000, "incomeBeforeTax": 243520000, "incomeTaxExpense": 87199000, "minorityInterest": {}, "netIncomeFromContinuingOps": 156321000, "discontinuedOperations": {}, "extraordinaryItems": {}, "effectOfAccountingCharges": {}, "otherItems": {}, "netIncome": 156321000, "netIncomeApplicableToCommonShares": 156321000}, {"maxAge": 1, "endDate": "2017-03-31", "totalRevenue": 1926068000, "costOfRevenue": 1377172000, "grossProfit": 548896000, "researchDevelopment": {}, "sellingGeneralAdministrative": 46247000, "nonRecurring": {}, "otherOperatingExpenses": 210670000, "totalOperatingExpenses": 1656634000, "operatingIncome": 269434000, "totalOtherIncomeExpenseNet": -33417000, "ebit": 269434000, "interestExpense": -31882000, "incomeBeforeTax": 236017000, "incomeTaxExpense": 89474000, "minorityInterest": {}, "netIncomeFromContinuingOps": 146543000, "discontinuedOperations": {}, "extraordinaryItems": {}, "effectOfAccountingCharges": {}, "otherItems": {}, "netIncome": 146543000, "netIncomeApplicableToCommonShares": 146543000}], "maxAge": 86400}, "fundOwnership": {"ownershipList": [], "maxAge": 1}, "summaryDetail": {"maxAge": 1, "priceHint": 2, "previousClose": 192.8, "open": 191.55, "dayLow": 186.0, "dayHigh": 193.45, "regularMarketPreviousClose": 192.8, "regularMarketOpen": 191.55, "regularMarketDayLow": 186.0, "regularMarketDayHigh": 193.45, "trailingPE": 28.445124, "forwardPE": 30.640394, "volume": 4089, "regularMarketVolume": 4089, "averageVolume": 16428, "averageVolume10days": 10050, "averageDailyVolume10Day": 10050, "bid": 186.6, "ask": 0.0, "bidSize": 0, "askSize": 0, "marketCap": 9319737344, "fiftyTwoWeekLow": 38.75, "fiftyTwoWeekHigh": 193.45, "fiftyDayAverage": 123.469696, "twoHundredDayAverage": 112.07537, "trailingAnnualDividendRate": 1.0, "trailingAnnualDividendYield": 0.0051867217, "currency": "INR", "fromCurrency": null, "lastMarket": null, "algorithm": null, "tradeable": false}, "sectorTrend": {"maxAge": 1, "symbol": null, "estimates": []}, "incomeStatementHistoryQuarterly": {"incomeStatementHistory": [{"maxAge": 1, "endDate": "2020-06-30", "totalRevenue": 401959000, "costOfRevenue": 219841000, "grossProfit": 182118000, "researchDevelopment": {}, "sellingGeneralAdministrative": 15664000, "nonRecurring": {}, "otherOperatingExpenses": 65688000, "totalOperatingExpenses": 308355000, "operatingIncome": 93604000, "totalOtherIncomeExpenseNet": -2273000, "ebit": 93604000, "interestExpense": -3425000, "incomeBeforeTax": 91331000, "incomeTaxExpense": 24172000, "minorityInterest": {}, "netIncomeFromContinuingOps": 67159000, "discontinuedOperations": {}, "extraordinaryItems": {}, "effectOfAccountingCharges": {}, "otherItems": {}, "netIncome": 67159000, "netIncomeApplicableToCommonShares": 67159000}, {"maxAge": 1, "endDate": "2020-03-31", "totalRevenue": 651153000, "costOfRevenue": 459877000, "grossProfit": 191276000, "researchDevelopment": {}, "sellingGeneralAdministrative": 41666000, "nonRecurring": {}, "otherOperatingExpenses": -891000, "totalOperatingExpenses": 509622000, "operatingIncome": 141531000, "totalOtherIncomeExpenseNet": -7214000, "ebit": 141531000, "interestExpense": -2312000, "incomeBeforeTax": 134317000, "incomeTaxExpense": 34041000, "minorityInterest": {}, "netIncomeFromContinuingOps": 100276000, "discontinuedOperations": {}, "extraordinaryItems": {}, "effectOfAccountingCharges": {}, "otherItems": {}, "netIncome": 100276000, "netIncomeApplicableToCommonShares": 100276000}, {"maxAge": 1, "endDate": "2019-12-31", "totalRevenue": 539999000, "costOfRevenue": 317199000, "grossProfit": 222800000, "researchDevelopment": {}, "sellingGeneralAdministrative": 17851000, "nonRecurring": {}, "otherOperatingExpenses": 88793000, "totalOperatingExpenses": 430893000, "operatingIncome": 109106000, "totalOtherIncomeExpenseNet": -5830000, "ebit": 109106000, "interestExpense": -6636000, "incomeBeforeTax": 103276000, "incomeTaxExpense": 26169000, "minorityInterest": {}, "netIncomeFromContinuingOps": 77107000, "discontinuedOperations": {}, "extraordinaryItems": {}, "effectOfAccountingCharges": {}, "otherItems": {}, "netIncome": 77107000, "netIncomeApplicableToCommonShares": 77107000}, {"maxAge": 1, "endDate": "2019-09-30", "totalRevenue": 536765000, "costOfRevenue": 324813000, "grossProfit": 211952000, "researchDevelopment": {}, "sellingGeneralAdministrative": 18593000, "nonRecurring": {}, "otherOperatingExpenses": 79365000, "totalOperatingExpenses": 430389000, "operatingIncome": 106376000, "totalOtherIncomeExpenseNet": -4020000, "ebit": 106376000, "interestExpense": -6165000, "incomeBeforeTax": 102356000, "incomeTaxExpense": 17526000, "minorityInterest": {}, "netIncomeFromContinuingOps": 84830000, "discontinuedOperations": {}, "extraordinaryItems": {}, "effectOfAccountingCharges": {}, "otherItems": {}, "netIncome": 84830000, "netIncomeApplicableToCommonShares": 84830000}], "maxAge": 86400}, "cashflowStatementHistoryQuarterly": {"cashflowStatements": [{"maxAge": 1, "endDate": "2020-06-30", "netIncome": 67159000, "changeToLiabilities": 0}, {"maxAge": 1, "endDate": "2020-03-31", "netIncome": 100276000, "changeToLiabilities": 0}, {"maxAge": 1, "endDate": "2019-12-31", "netIncome": 77107000, "changeToLiabilities": 0}, {"maxAge": 1, "endDate": "2019-09-30", "netIncome": 84830000, "changeToLiabilities": 0}], "maxAge": 86400}, "insiderHolders": {"holders": [{"maxAge": 1, "name": "Hare Krishna Tex Exports Pvt, Ltd.", "relation": "Institution- Corporation", "url": "", "transactionDescription": "Sale", "latestTransDate": "2019-04-23", "positionDirect": 0, "positionDirectDate": "2019-04-23"}, {"maxAge": 1, "name": "Manek (Bipin Madhavji)", "relation": "Managing Director", "url": "", "transactionDescription": "Acquisition", "latestTransDate": "2010-04-27", "positionDirect": 14110333, "positionDirectDate": "2010-04-27"}, {"maxAge": 1, "name": "Manek (Kripa)", "relation": "UNREPORTED", "url": "", "transactionDescription": "Purchase", "latestTransDate": "2019-04-23", "positionDirect": 100000, "positionDirectDate": "2019-04-23"}, {"maxAge": 1, "name": "Manek (Pravina B)", "relation": "Director", "url": "", "transactionDescription": "Acquisition", "latestTransDate": "2010-11-26", "positionDirect": 17742667, "positionDirectDate": "2010-11-26"}, {"maxAge": 1, "name": "Mody (Naresh L)", "relation": "Director (Non-Executive)", "url": "", "transactionDescription": "Sale", "latestTransDate": "2010-04-27", "positionDirect": 0, "positionDirectDate": "2010-04-27"}], "maxAge": 1}, "earnings": {"maxAge": 86400, "earningsChart": {"quarterly": [{"date": "2Q2017", "actual": 0.72, "estimate": 0.83}, {"date": "4Q2017", "actual": 0.77, "estimate": 0.9}, {"date": "1Q2018", "actual": 0.85, "estimate": 0.83}, {"date": "2Q2018", "actual": 1.55, "estimate": 0.82}], "currentQuarterEstimateDate": "3Q", "currentQuarterEstimateYear": 2018, "earningsDate": []}, "financialsChart": {"yearly": [{"date": 2017, "revenue": 1926068000, "earnings": 146543000}, {"date": 2018, "revenue": 2125502000, "earnings": 156321000}, {"date": 2019, "revenue": 2283535000, "earnings": 290552000}, {"date": 2020, "revenue": 2246158000, "earnings": 339214000}], "quarterly": [{"date": "3Q2019", "revenue": 536765000, "earnings": 84830000}, {"date": "4Q2019", "revenue": 539999000, "earnings": 77107000}, {"date": "1Q2020", "revenue": 651153000, "earnings": 100276000}, {"date": "2Q2020", "revenue": 401959000, "earnings": 67159000}]}, "financialCurrency": "INR"}, "calendarEvents": {"maxAge": 1, "earnings": {"earningsDate": [], "revenueAverage": 537027000}}, "upgradeDowngradeHistory": {"history": [], "maxAge": 86400}, "price": {"maxAge": 1, "regularMarketChangePercent": -0.03215766, "regularMarketChange": -6.199997, "regularMarketTime": "2021-04-30 15:58:23", "priceHint": 2, "regularMarketPrice": 186.6, "regularMarketDayHigh": 193.45, "regularMarketDayLow": 186.0, "regularMarketVolume": 4089, "averageDailyVolume10Day": 10050, "averageDailyVolume3Month": 16428, "regularMarketPreviousClose": 192.8, "regularMarketSource": "FREE_REALTIME", "regularMarketOpen": 191.55, "exchange": "BSE", "exchangeName": "BSE", "exchangeDataDelayedBy": 0, "marketState": "CLOSED", "quoteType": "EQUITY", "symbol": "VIDHIING.BO", "underlyingSymbol": null, "shortName": "Vidhi Specialty Food Ingredien", "longName": "Vidhi Specialty Food Ingredients Limited", "currency": "INR", "quoteSourceName": "Delayed Quote", "currencySymbol": "\u20b9", "fromCurrency": null, "lastMarket": null, "marketCap": 9319737344}, "balanceSheetHistory": {"balanceSheetStatements": [{"maxAge": 1, "endDate": "2020-03-31", "cash": 71455000, "shortTermInvestments": 146000, "netReceivables": 808697000, "inventory": 341729000, "otherCurrentAssets": 185399000, "totalCurrentAssets": 1410281000, "propertyPlantEquipment": 378980000, "goodWill": 78693000, "otherAssets": 2071000, "totalAssets": 1870025000, "accountsPayable": 179120000, "shortLongTermDebt": 18154000, "otherCurrentLiab": 24262000, "longTermDebt": 12767000, "otherLiab": 26236000, "totalCurrentLiabilities": 543807000, "totalLiab": 582810000, "commonStock": 49945000, "retainedEarnings": 1236418000, "treasuryStock": 852000, "otherStockholderEquity": 852000, "totalStockholderEquity": 1287215000, "netTangibleAssets": 1208522000}, {"maxAge": 1, "endDate": "2019-03-31", "cash": 181126000, "shortTermInvestments": 242000, "netReceivables": 663024000, "inventory": 352807000, "otherCurrentAssets": 184073000, "totalCurrentAssets": 1383988000, "longTermInvestments": 158000, "propertyPlantEquipment": 308639000, "otherAssets": 2267000, "totalAssets": 1695052000, "accountsPayable": 182674000, "shortLongTermDebt": 18154000, "otherCurrentLiab": 25507000, "longTermDebt": 27601000, "otherLiab": 28957000, "totalCurrentLiabilities": 628494000, "totalLiab": 685052000, "commonStock": 49945000, "retainedEarnings": 959980000, "treasuryStock": 75000, "otherStockholderEquity": 75000, "totalStockholderEquity": 1010000000, "netTangibleAssets": 1010000000}, {"maxAge": 1, "endDate": "2018-03-31", "cash": 77084000, "shortTermInvestments": 2169000, "netReceivables": 636241000, "inventory": 345886000, "otherCurrentAssets": 190743000, "totalCurrentAssets": 1256762000, "propertyPlantEquipment": 292740000, "otherAssets": 2837000, "totalAssets": 1552339000, "accountsPayable": 276932000, "shortLongTermDebt": 18154000, "otherCurrentLiab": 17834000, "longTermDebt": 43275000, "otherLiab": 31420000, "totalCurrentLiabilities": 710736000, "totalLiab": 785431000, "commonStock": 49945000, "retainedEarnings": 716888000, "treasuryStock": 75000, "otherStockholderEquity": 75000, "totalStockholderEquity": 766908000, "netTangibleAssets": 766908000}, {"maxAge": 1, "endDate": "2017-03-31", "cash": 45596000, "shortTermInvestments": 1988000, "netReceivables": 616033000, "inventory": 406527000, "otherCurrentAssets": 266841000, "totalCurrentAssets": 1336985000, "longTermInvestments": 599000, "propertyPlantEquipment": 299853000, "otherAssets": 2987000, "totalAssets": 1640424000, "accountsPayable": 273418000, "shortLongTermDebt": 11000000, "otherCurrentLiab": 32558000, "longTermDebt": 30048000, "otherLiab": 27369000, "totalCurrentLiabilities": 921977000, "totalLiab": 979394000, "commonStock": 49945000, "retainedEarnings": 611010000, "treasuryStock": 75000, "otherStockholderEquity": 75000, "totalStockholderEquity": 661030000, "netTangibleAssets": 661030000}], "maxAge": 86400}, "earningsTrend": {"trend": [{"maxAge": 1, "period": "0q", "endDate": "2018-09-30", "growth": {}, "earningsEstimate": {"avg": 0.0, "low": 0.0, "high": 0.0, "yearAgoEps": 0.72, "numberOfAnalysts": 0, "growth": {}}, "revenueEstimate": {"avg": 537027000, "low": 0, "high": 0, "numberOfAnalysts": 0, "yearAgoRevenue": 493751000, "growth": 0.088}, "epsTrend": {"current": 0.0, "7daysAgo": 0.0, "30daysAgo": 0.0, "60daysAgo": 0.0, "90daysAgo": 0.0}, "epsRevisions": {"upLast7days": 0, "upLast30days": 0, "downLast30days": 0, "downLast90days": {}}}, {"maxAge": 1, "period": "+1q", "endDate": "2018-12-31", "growth": {}, "earningsEstimate": {"avg": 0.0, "low": 0.0, "high": 0.0, "yearAgoEps": 0.77, "numberOfAnalysts": 0, "growth": {}}, "revenueEstimate": {"avg": 0, "low": 0, "high": 0, "numberOfAnalysts": 0, "yearAgoRevenue": {}, "growth": {}}, "epsTrend": {"current": 0.0, "7daysAgo": 0.0, "30daysAgo": 0.0, "60daysAgo": 0.0, "90daysAgo": 0.0}, "epsRevisions": {"upLast7days": 0, "upLast30days": 0, "downLast30days": 0, "downLast90days": {}}}, {"maxAge": 1, "period": "0y", "endDate": "2019-03-31", "growth": {}, "earningsEstimate": {"avg": 0.0, "low": 0.0, "high": 0.0, "yearAgoEps": {}, "numberOfAnalysts": 0, "growth": {}}, "revenueEstimate": {"avg": 2321930000, "low": 2321930000, "high": 2321930000, "numberOfAnalysts": 1, "yearAgoRevenue": 2125500000, "growth": 0.092}, "epsTrend": {"current": 0.0, "7daysAgo": 5.32, "30daysAgo": 5.32, "60daysAgo": 5.32, "90daysAgo": 5.32}, "epsRevisions": {"upLast7days": 0, "upLast30days": 0, "downLast30days": 0, "downLast90days": {}}}, {"maxAge": 1, "period": "+1y", "endDate": "2020-03-31", "growth": {}, "earningsEstimate": {"avg": 0.0, "low": 0.0, "high": 0.0, "yearAgoEps": {}, "numberOfAnalysts": 0, "growth": {}}, "revenueEstimate": {"avg": 2540190000, "low": 2540190000, "high": 2540190000, "numberOfAnalysts": 1, "yearAgoRevenue": 2321930000, "growth": 0.094}, "epsTrend": {"current": 0.0, "7daysAgo": 6.09, "30daysAgo": 6.09, "60daysAgo": 6.09, "90daysAgo": 6.09}, "epsRevisions": {"upLast7days": 0, "upLast30days": 0, "downLast30days": 0, "downLast90days": {}}}, {"maxAge": 1, "period": "+5y", "endDate": null, "growth": {}, "earningsEstimate": {"avg": {}, "low": {}, "high": {}, "yearAgoEps": {}, "numberOfAnalysts": {}, "growth": {}}, "revenueEstimate": {"avg": {}, "low": {}, "high": {}, "numberOfAnalysts": {}, "yearAgoRevenue": {}, "growth": {}}, "epsTrend": {"current": {}, "7daysAgo": {}, "30daysAgo": {}, "60daysAgo": {}, "90daysAgo": {}}, "epsRevisions": {"upLast7days": {}, "upLast30days": {}, "downLast30days": {}, "downLast90days": {}}}, {"maxAge": 1, "period": "-5y", "endDate": null, "growth": {}, "earningsEstimate": {"avg": {}, "low": {}, "high": {}, "yearAgoEps": {}, "numberOfAnalysts": {}, "growth": {}}, "revenueEstimate": {"avg": {}, "low": {}, "high": {}, "numberOfAnalysts": {}, "yearAgoRevenue": {}, "growth": {}}, "epsTrend": {"current": {}, "7daysAgo": {}, "30daysAgo": {}, "60daysAgo": {}, "90daysAgo": {}}, "epsRevisions": {"upLast7days": {}, "upLast30days": {}, "downLast30days": {}, "downLast90days": {}}}], "maxAge": 1}, "financialData": {"maxAge": 86400, "currentPrice": 186.6, "targetHighPrice": 52.0, "targetLowPrice": 52.0, "targetMeanPrice": 52.0, "targetMedianPrice": 52.0, "recommendationKey": "none", "numberOfAnalystOpinions": 1, "grossProfits": 846887000, "financialCurrency": "INR"}}}