{"VIJAYTX.BO": {"cashflowStatementHistory": {"cashflowStatements": [{"maxAge": 1, "endDate": "2020-03-31", "netIncome": -57625624, "depreciation": 75763154, "changeToNetincome": 188514559, "changeToAccountReceivables": -181756697, "changeToLiabilities": -1005525, "changeToInventory": 122712413, "changeToOperatingActivities": 77631098, "totalCashFromOperatingActivities": 224330277, "capitalExpenditures": -4454720, "otherCashflowsFromInvestingActivities": 489860, "totalCashflowsFromInvestingActivities": -3884859, "netBorrowings": -53229961, "otherCashflowsFromFinancingActivities": -167904853, "totalCashFromFinancingActivities": -221134814, "changeInCash": -689396}, {"maxAge": 1, "endDate": "2019-03-31", "netIncome": 30147229, "depreciation": 65863337, "changeToNetincome": 203346035, "changeToAccountReceivables": -195690475, "changeToLiabilities": 5857217, "changeToInventory": -88126716, "changeToOperatingActivities": 50136108, "totalCashFromOperatingActivities": 71532735, "capitalExpenditures": -13234150, "otherCashflowsFromInvestingActivities": 355145, "totalCashflowsFromInvestingActivities": -12879005, "dividendsPaid": -16282691, "netBorrowings": 85688769, "otherCashflowsFromFinancingActivities": -128404692, "totalCashFromFinancingActivities": -58998614, "changeInCash": -344884}, {"maxAge": 1, "endDate": "2018-03-31", "netIncome": 80256724, "depreciation": 70055001, "changeToNetincome": 196556232, "changeToAccountReceivables": -30386528, "changeToLiabilities": -17539713, "changeToInventory": -207694148, "changeToOperatingActivities": 25798275, "totalCashFromOperatingActivities": 117045843, "capitalExpenditures": -28007892, "otherCashflowsFromInvestingActivities": 367797, "totalCashflowsFromInvestingActivities": -24471714, "dividendsPaid": -635019, "netBorrowings": 119011995, "otherCashflowsFromFinancingActivities": -212291025, "totalCashFromFinancingActivities": -93914049, "changeInCash": -1339920}, {"maxAge": 1, "endDate": "2017-03-31", "netIncome": 45703571, "depreciation": 74133354, "changeToNetincome": 203665673, "changeToAccountReceivables": -45428377, "changeToLiabilities": 9902821, "changeToInventory": -197609431, "changeToOperatingActivities": 16234460, "totalCashFromOperatingActivities": 106672153, "capitalExpenditures": -17741676, "otherCashflowsFromInvestingActivities": 523206, "totalCashflowsFromInvestingActivities": -14981341, "dividendsPaid": -635019, "netBorrowings": 58349010, "otherCashflowsFromFinancingActivities": -201678302, "totalCashFromFinancingActivities": -94579292, "changeInCash": -2888480, "issuanceOfStock": 48750000}], "maxAge": 86400}, "institutionOwnership": {"maxAge": 1, "ownershipList": []}, "balanceSheetHistoryQuarterly": {"balanceSheetStatements": [{"maxAge": 1, "endDate": "2020-06-30", "totalStockholderEquity": 1186244974, "netTangibleAssets": 1186111000}, {"maxAge": 1, "endDate": "2020-03-31", "cash": 1576375, "netReceivables": 1751714029, "inventory": 1277204431, "otherCurrentAssets": 2133591, "totalCurrentAssets": 3039228917, "propertyPlantEquipment": 776439846, "intangibleAssets": 133974, "otherAssets": 23995302, "totalAssets": 3839798039, "accountsPayable": 179723788, "shortLongTermDebt": 195640176, "otherCurrentLiab": 53994187, "longTermDebt": 1146432503, "otherLiab": 87860941, "totalCurrentLiabilities": 1320683508, "totalLiab": 2653553065, "commonStock": 152900000, "retainedEarnings": 275781529, "treasuryStock": 379200935, "capitalSurplus": 378362510, "otherStockholderEquity": 379200935, "totalStockholderEquity": 1186244974, "netTangibleAssets": 1186111000}, {"maxAge": 1, "endDate": "2019-12-31", "totalStockholderEquity": 1252236000, "netTangibleAssets": 1252056000}, {"maxAge": 1, "endDate": "2019-09-30", "cash": 4242000, "shortTermInvestments": 148192000, "netReceivables": 1552836000, "inventory": 1329119000, "otherCurrentAssets": 12889000, "totalCurrentAssets": 3047278000, "propertyPlantEquipment": 808426000, "intangibleAssets": 180000, "otherAssets": 23995000, "totalAssets": 3879879000, "accountsPayable": 186963000, "otherCurrentLiab": 446974000, "longTermDebt": 1125589000, "otherLiab": 175798000, "totalCurrentLiabilities": 1326256000, "totalLiab": 2627643000, "commonStock": 152903000, "treasuryStock": 1099333000, "otherStockholderEquity": 1099333000, "totalStockholderEquity": 1252236000, "netTangibleAssets": 1252056000}], "maxAge": 86400}, "indexTrend": {"maxAge": 1, "symbol": "SP5", "peRatio": 19.7411, "pegRatio": 1.34172, "estimates": [{"period": "0q", "growth": 0.549}, {"period": "+1q", "growth": 0.431}, {"period": "0y", "growth": 0.305}, {"period": "+1y", "growth": 0.109}, {"period": "+5y", "growth": 0.120859005}, {"period": "-5y"}]}, "insiderTransactions": {"transactions": [{"maxAge": 1, "shares": 300000, "filerUrl": "", "transactionText": "", "filerName": "Gupta (Shashikala)", "filerRelation": "Promoter", "moneyText": "", "startDate": "2020-06-08", "ownership": "D"}, {"maxAge": 1, "shares": 800000, "filerUrl": "", "transactionText": "", "filerName": "Gupta (Susheel Kumar)", "filerRelation": "Wholetime Director", "moneyText": "", "startDate": "2020-06-08", "ownership": "D"}, {"maxAge": 1, "shares": 1915000, "filerUrl": "", "transactionText": "", "filerName": "Gupta (Vijay Kumar)", "filerRelation": "Executive Chairman", "moneyText": "", "startDate": "2020-06-08", "ownership": "D"}, {"maxAge": 1, "shares": 300000, "filerUrl": "", "transactionText": "", "filerName": "Gupta (Shashikala)", "filerRelation": "Promoter", "moneyText": "", "startDate": "2019-03-26", "ownership": "D"}, {"maxAge": 1, "shares": 415000, "filerUrl": "", "transactionText": "", "filerName": "Gupta (Susheel Kumar)", "filerRelation": "Promoter", "moneyText": "", "startDate": "2019-03-26", "ownership": "D"}, {"maxAge": 1, "shares": 1450000, "filerUrl": "", "transactionText": "", "filerName": "Gupta (Vijay Kumar)", "filerRelation": "Promoter", "moneyText": "", "startDate": "2019-03-26", "ownership": "D"}], "maxAge": 1}, "quoteType": {"exchange": "BSE", "quoteType": "EQUITY", "symbol": "VIJAYTX.BO", "underlyingSymbol": "VIJAYTX.BO", "shortName": "VIJAY TEXTILES LTD.", "longName": "Vijay Textiles Limited", "firstTradeDateEpochUtc": "2003-06-03 09:15:00", "timeZoneFullName": "Asia/Kolkata", "timeZoneShortName": "IST", "uuid": "af9bc4d0-ca5c-31f4-a926-36f94208eb6a", "messageBoardId": null, "gmtOffSetMilliseconds": 19800000, "maxAge": 1}, "incomeStatementHistory": {"incomeStatementHistory": [{"maxAge": 1, "endDate": "2020-03-31", "totalRevenue": 658112784, "costOfRevenue": 348956147, "grossProfit": 309156637, "researchDevelopment": {}, "sellingGeneralAdministrative": 71402726, "nonRecurring": {}, "otherOperatingExpenses": 35629551, "totalOperatingExpenses": 531848477, "operatingIncome": 126264307, "totalOtherIncomeExpenseNet": -172619084, "ebit": 126264307, "interestExpense": -172546510, "incomeBeforeTax": -46354777, "incomeTaxExpense": 11270847, "minorityInterest": {}, "netIncomeFromContinuingOps": -57625624, "discontinuedOperations": {}, "extraordinaryItems": {}, "effectOfAccountingCharges": {}, "otherItems": {}, "netIncome": -57625624, "netIncomeApplicableToCommonShares": -57625624}, {"maxAge": 1, "endDate": "2019-03-31", "totalRevenue": 948524046, "costOfRevenue": 496208374, "grossProfit": 452315672, "researchDevelopment": {}, "sellingGeneralAdministrative": 102926587, "nonRecurring": {}, "otherOperatingExpenses": 53562038, "totalOperatingExpenses": 718560336, "operatingIncome": 229963710, "totalOtherIncomeExpenseNet": -208527077, "ebit": 229963710, "interestExpense": -216393151, "incomeBeforeTax": 21436633, "incomeTaxExpense": -8710596, "minorityInterest": {}, "netIncomeFromContinuingOps": 30147229, "discontinuedOperations": {}, "extraordinaryItems": {}, "effectOfAccountingCharges": {}, "otherItems": {}, "netIncome": 30147229, "netIncomeApplicableToCommonShares": 30147229}, {"maxAge": 1, "endDate": "2018-03-31", "totalRevenue": 1116193257, "costOfRevenue": 604435288, "grossProfit": 511757969, "researchDevelopment": {}, "sellingGeneralAdministrative": 102840630, "nonRecurring": {}, "otherOperatingExpenses": 51583037, "totalOperatingExpenses": 828913956, "operatingIncome": 287279301, "totalOtherIncomeExpenseNet": -220127151, "ebit": 287279301, "interestExpense": -217333836, "incomeBeforeTax": 67152150, "incomeTaxExpense": -13104574, "minorityInterest": {}, "netIncomeFromContinuingOps": 80256724, "discontinuedOperations": {}, "extraordinaryItems": {}, "effectOfAccountingCharges": {}, "otherItems": {}, "netIncome": 80256724, "netIncomeApplicableToCommonShares": 80256724}, {"maxAge": 1, "endDate": "2017-03-31", "totalRevenue": 1192891825, "costOfRevenue": 711400813, "grossProfit": 481491012, "researchDevelopment": {}, "sellingGeneralAdministrative": 102860615, "nonRecurring": {}, "otherOperatingExpenses": 45739922, "totalOperatingExpenses": 934204786, "operatingIncome": 258687039, "totalOtherIncomeExpenseNet": -216360707, "ebit": 258687039, "interestExpense": -211661119, "incomeBeforeTax": 42326332, "incomeTaxExpense": -3377239, "minorityInterest": {}, "netIncomeFromContinuingOps": 45703571, "discontinuedOperations": {}, "extraordinaryItems": {}, "effectOfAccountingCharges": {}, "otherItems": {}, "netIncome": 45703571, "netIncomeApplicableToCommonShares": 45703571}], "maxAge": 86400}, "fundOwnership": {"maxAge": 1, "ownershipList": []}, "summaryDetail": {"maxAge": 1, "priceHint": 2, "previousClose": 39.5, "open": 39.5, "dayLow": 37.8, "dayHigh": 39.5, "regularMarketPreviousClose": 39.5, "regularMarketOpen": 39.5, "regularMarketDayLow": 37.8, "regularMarketDayHigh": 39.5, "volume": 1413, "regularMarketVolume": 1413, "averageVolume": 11473, "averageVolume10days": 4396, "averageDailyVolume10Day": 4396, "bid": 37.75, "ask": 39.0, "bidSize": 0, "askSize": 0, "marketCap": 709318720, "fiftyTwoWeekLow": 13.0, "fiftyTwoWeekHigh": 51.5, "fiftyDayAverage": 39.48088, "twoHundredDayAverage": 41.435295, "trailingAnnualDividendRate": 1.0, "trailingAnnualDividendYield": 0.025316456, "currency": "INR", "fromCurrency": null, "toCurrency": null, "lastMarket": null, "algorithm": null, "tradeable": false}, "incomeStatementHistoryQuarterly": {"incomeStatementHistory": [{"maxAge": 1, "endDate": "2020-06-30", "totalRevenue": 26435000, "costOfRevenue": 18784000, "grossProfit": 7651000, "researchDevelopment": {}, "sellingGeneralAdministrative": 10921000, "nonRecurring": {}, "otherOperatingExpenses": 4814000, "totalOperatingExpenses": 51279000, "operatingIncome": -24844000, "totalOtherIncomeExpenseNet": -42975000, "ebit": -24844000, "interestExpense": -43126000, "incomeBeforeTax": -67819000, "incomeTaxExpense": -30405000, "minorityInterest": {}, "netIncomeFromContinuingOps": -37414000, "discontinuedOperations": {}, "extraordinaryItems": {}, "effectOfAccountingCharges": {}, "otherItems": {}, "netIncome": -37414000, "netIncomeApplicableToCommonShares": -37414000}, {"maxAge": 1, "endDate": "2020-03-31", "totalRevenue": 91155784, "costOfRevenue": 96550147, "grossProfit": -5394363, "researchDevelopment": {}, "sellingGeneralAdministrative": 21014726, "nonRecurring": {}, "otherOperatingExpenses": 3724551, "totalOperatingExpenses": 138278477, "operatingIncome": -47122693, "totalOtherIncomeExpenseNet": -4609084, "ebit": -47122693, "interestExpense": -4536510, "incomeBeforeTax": -51731777, "incomeTaxExpense": 16389847, "minorityInterest": {}, "netIncomeFromContinuingOps": -68121624, "discontinuedOperations": {}, "extraordinaryItems": {}, "effectOfAccountingCharges": {}, "otherItems": {}, "netIncome": -68121624, "netIncomeApplicableToCommonShares": -68121624}, {"maxAge": 1, "endDate": "2019-12-31", "totalRevenue": 143430000, "costOfRevenue": 42402000, "grossProfit": 101028000, "researchDevelopment": {}, "sellingGeneralAdministrative": 17197000, "nonRecurring": {}, "otherOperatingExpenses": 10024000, "totalOperatingExpenses": 86829000, "operatingIncome": 56601000, "totalOtherIncomeExpenseNet": -55239000, "ebit": 56601000, "interestExpense": -55239000, "incomeBeforeTax": 1362000, "incomeTaxExpense": -598000, "minorityInterest": {}, "netIncomeFromContinuingOps": 1960000, "discontinuedOperations": {}, "extraordinaryItems": {}, "effectOfAccountingCharges": {}, "otherItems": {}, "netIncome": 1960000, "netIncomeApplicableToCommonShares": 1960000}, {"maxAge": 1, "endDate": "2019-09-30", "totalRevenue": 206395000, "costOfRevenue": 102013000, "grossProfit": 104382000, "researchDevelopment": {}, "sellingGeneralAdministrative": 17500000, "nonRecurring": {}, "otherOperatingExpenses": 10000000, "totalOperatingExpenses": 149100000, "operatingIncome": 57295000, "totalOtherIncomeExpenseNet": -55160000, "ebit": 57295000, "interestExpense": -55160000, "incomeBeforeTax": 2135000, "incomeTaxExpense": -9916000, "minorityInterest": {}, "netIncomeFromContinuingOps": 12051000, "discontinuedOperations": {}, "extraordinaryItems": {}, "effectOfAccountingCharges": {}, "otherItems": {}, "netIncome": 12051000, "netIncomeApplicableToCommonShares": 12051000}], "maxAge": 86400}, "cashflowStatementHistoryQuarterly": {"cashflowStatements": [{"maxAge": 1, "endDate": "2020-06-30", "netIncome": -37414000, "changeToLiabilities": 0}, {"maxAge": 1, "endDate": "2020-03-31", "netIncome": -68121624, "changeToLiabilities": 0}, {"maxAge": 1, "endDate": "2019-12-31", "netIncome": 1960000, "changeToLiabilities": 0}, {"maxAge": 1, "endDate": "2019-09-30", "netIncome": 12051000, "changeToLiabilities": 0}], "maxAge": 86400}, "insiderHolders": {"holders": [{"maxAge": 1, "name": "Gupta (Shashikala)", "relation": "Promoter", "url": "", "transactionDescription": "Other", "latestTransDate": "2020-06-08", "positionDirect": 781500, "positionDirectDate": "2020-06-08"}, {"maxAge": 1, "name": "Gupta (Susheel Kumar)", "relation": "Wholetime Director", "url": "", "transactionDescription": "Other", "latestTransDate": "2020-06-08", "positionDirect": 4019699, "positionDirectDate": "2020-06-08"}, {"maxAge": 1, "name": "Gupta (Vijay Kumar)", "relation": "Executive Chairman", "url": "", "transactionDescription": "Other", "latestTransDate": "2020-06-08", "positionDirect": 7863016, "positionDirectDate": "2020-06-08"}], "maxAge": 1}, "calendarEvents": {"maxAge": 1, "earnings": {"earningsDate": ["2020-02-12 05:30:S"]}}, "price": {"maxAge": 1, "regularMarketChangePercent": -0.01898734, "regularMarketChange": -0.75, "regularMarketTime": "2021-04-30 15:18:49", "priceHint": 2, "regularMarketPrice": 38.75, "regularMarketDayHigh": 39.5, "regularMarketDayLow": 37.8, "regularMarketVolume": 1413, "averageDailyVolume10Day": 4396, "averageDailyVolume3Month": 11473, "regularMarketPreviousClose": 39.5, "regularMarketSource": "FREE_REALTIME", "regularMarketOpen": 39.5, "exchange": "BSE", "exchangeName": "BSE", "exchangeDataDelayedBy": 0, "marketState": "CLOSED", "quoteType": "EQUITY", "symbol": "VIJAYTX.BO", "underlyingSymbol": null, "shortName": "VIJAY TEXTILES LTD.", "longName": "Vijay Textiles Limited", "currency": "INR", "quoteSourceName": "Delayed Quote", "currencySymbol": "\u20b9", "fromCurrency": null, "toCurrency": null, "lastMarket": null, "marketCap": 709318720}, "balanceSheetHistory": {"balanceSheetStatements": [{"maxAge": 1, "endDate": "2020-03-31", "cash": 1576375, "netReceivables": 1751714029, "inventory": 1277204431, "otherCurrentAssets": 2133591, "totalCurrentAssets": 3039228917, "propertyPlantEquipment": 776439846, "intangibleAssets": 133974, "otherAssets": 23995302, "totalAssets": 3839798039, "accountsPayable": 179723788, "shortLongTermDebt": 195640176, "otherCurrentLiab": 53994187, "longTermDebt": 1146432503, "otherLiab": 87860941, "totalCurrentLiabilities": 1320683508, "totalLiab": 2653553065, "commonStock": 152900000, "retainedEarnings": 275781529, "treasuryStock": 379200935, "capitalSurplus": 378362510, "otherStockholderEquity": 379200935, "totalStockholderEquity": 1186244974, "netTangibleAssets": 1186111000}, {"maxAge": 1, "endDate": "2019-03-31", "cash": 2265771, "netReceivables": 1585506376, "inventory": 1398672754, "otherCurrentAssets": 503364, "totalCurrentAssets": 2995034965, "propertyPlantEquipment": 702696722, "intangibleAssets": 230873, "otherAssets": 23993303, "totalAssets": 3721955863, "accountsPayable": 180729313, "shortLongTermDebt": 175187791, "otherCurrentLiab": 43075841, "longTermDebt": 1183900550, "otherLiab": 76530390, "totalCurrentLiabilities": 1217824256, "totalLiab": 2478255196, "commonStock": 152900000, "retainedEarnings": 333407153, "treasuryStock": 379031004, "capitalSurplus": 378362510, "otherStockholderEquity": 379031004, "totalStockholderEquity": 1243700667, "netTangibleAssets": 1243469794}, {"maxAge": 1, "endDate": "2018-03-31", "cash": 2610655, "netReceivables": 1446714794, "inventory": 1312942133, "otherCurrentAssets": 870271, "totalCurrentAssets": 2768393137, "propertyPlantEquipment": 755215974, "intangibleAssets": 340808, "otherAssets": 23878698, "totalAssets": 3547828617, "accountsPayable": 174872096, "shortLongTermDebt": 163845448, "otherCurrentLiab": 92172072, "longTermDebt": 1642583897, "otherLiab": 90090377, "totalCurrentLiabilities": 1123655472, "totalLiab": 2856329746, "commonStock": 131250000, "retainedEarnings": 319082807, "treasuryStock": 14353554, "capitalSurplus": 226812510, "otherStockholderEquity": 14353554, "totalStockholderEquity": 691498871, "netTangibleAssets": 691158063}, {"maxAge": 1, "endDate": "2017-03-31", "cash": 3950575, "netReceivables": 1416139003, "inventory": 1102457108, "otherCurrentAssets": 25777990, "totalCurrentAssets": 2552953684, "propertyPlantEquipment": 800314130, "intangibleAssets": 182338, "otherAssets": 23771050, "totalAssets": 3377221202, "accountsPayable": 192411809, "shortLongTermDebt": 185579524, "otherCurrentLiab": 63638506, "longTermDebt": 1521332460, "otherLiab": 106183314, "totalCurrentLiabilities": 1137070141, "totalLiab": 2764585915, "commonStock": 131250000, "retainedEarnings": 238826083, "treasuryStock": 15746694, "capitalSurplus": 226812510, "otherStockholderEquity": 15746694, "totalStockholderEquity": 612635287, "netTangibleAssets": 612452949}], "maxAge": 86400}, "financialData": {"maxAge": 86400, "currentPrice": 38.75, "recommendationKey": "none", "grossProfits": 309156637, "financialCurrency": "INR"}}}