{"VIJSOLX.BO": {"cashflowStatementHistory": {"cashflowStatements": [{"maxAge": 1, "endDate": "2020-03-31", "netIncome": 206725000, "depreciation": 20540000, "changeToNetincome": 52159000, "changeToAccountReceivables": 117479000, "changeToLiabilities": 112243000, "changeToInventory": 167066000, "changeToOperatingActivities": -202288000, "totalCashFromOperatingActivities": 473924000, "capitalExpenditures": -42394000, "investments": -34124000, "otherCashflowsFromInvestingActivities": 21496000, "totalCashflowsFromInvestingActivities": -55022000, "netBorrowings": -22721000, "otherCashflowsFromFinancingActivities": -43687000, "totalCashFromFinancingActivities": -66408000, "changeInCash": 352494000}, {"maxAge": 1, "endDate": "2019-03-31", "netIncome": 127369000, "depreciation": 15757000, "changeToNetincome": 42620000, "changeToAccountReceivables": 49635000, "changeToLiabilities": 43265000, "changeToInventory": 212741000, "changeToOperatingActivities": 39096000, "totalCashFromOperatingActivities": 530588000, "capitalExpenditures": -31989000, "investments": -121375000, "otherCashflowsFromInvestingActivities": 12825000, "totalCashflowsFromInvestingActivities": -140539000, "netBorrowings": -200957000, "otherCashflowsFromFinancingActivities": -44903000, "totalCashFromFinancingActivities": -245860000, "changeInCash": 144189000}, {"maxAge": 1, "endDate": "2018-03-31", "netIncome": 102696000, "depreciation": 15002000, "changeToNetincome": 23339000, "changeToAccountReceivables": -226825000, "changeToLiabilities": -190000, "changeToInventory": -240355000, "changeToOperatingActivities": -49125000, "totalCashFromOperatingActivities": -375357000, "capitalExpenditures": -17086000, "investments": 12307000, "otherCashflowsFromInvestingActivities": 9308000, "totalCashflowsFromInvestingActivities": 4529000, "netBorrowings": 354779000, "otherCashflowsFromFinancingActivities": -36917000, "totalCashFromFinancingActivities": 317862000, "changeInCash": -52966000}, {"maxAge": 1, "endDate": "2017-03-31", "netIncome": 90253000, "depreciation": 13899000, "changeToNetincome": 12959000, "changeToAccountReceivables": -33014000, "changeToLiabilities": -17336000, "changeToInventory": 176798000, "changeToOperatingActivities": -17191000, "totalCashFromOperatingActivities": 226469000, "capitalExpenditures": -23183000, "investments": -161177000, "otherCashflowsFromInvestingActivities": 7286000, "totalCashflowsFromInvestingActivities": -177074000, "netBorrowings": -9961000, "otherCashflowsFromFinancingActivities": -40194000, "totalCashFromFinancingActivities": -50155000, "changeInCash": -760000}], "maxAge": 86400}, "institutionOwnership": {"maxAge": 1, "ownershipList": []}, "balanceSheetHistoryQuarterly": {"balanceSheetStatements": [{"maxAge": 1, "endDate": "2020-06-30", "totalStockholderEquity": 1569262000, "netTangibleAssets": 1568634000}, {"maxAge": 1, "endDate": "2020-03-31", "cash": 723452000, "shortTermInvestments": 207183000, "netReceivables": 345144000, "inventory": 329510000, "otherCurrentAssets": 280953000, "totalCurrentAssets": 1886242000, "longTermInvestments": 606955000, "propertyPlantEquipment": 311660000, "intangibleAssets": 628000, "otherAssets": 34615000, "totalAssets": 2840100000, "accountsPayable": 273416000, "otherCurrentLiab": 41496000, "otherLiab": 60171000, "totalCurrentLiabilities": 1199506000, "totalLiab": 1270838000, "commonStock": 32013000, "treasuryStock": 1537249000, "otherStockholderEquity": 1537249000, "totalStockholderEquity": 1569262000, "netTangibleAssets": 1568634000}, {"maxAge": 1, "endDate": "2019-12-31", "totalStockholderEquity": 1393224000, "netTangibleAssets": 1392529000}, {"maxAge": 1, "endDate": "2019-09-30", "cash": 174284000, "shortTermInvestments": 208160000, "netReceivables": 567538000, "inventory": 582689000, "otherCurrentAssets": 119526000, "totalCurrentAssets": 1652197000, "longTermInvestments": 551263000, "propertyPlantEquipment": 275212000, "intangibleAssets": 695000, "otherAssets": 8399000, "totalAssets": 2487766000, "accountsPayable": 196631000, "otherCurrentLiab": 35765000, "otherLiab": 57938000, "totalCurrentLiabilities": 1036604000, "totalLiab": 1094542000, "commonStock": 32013000, "treasuryStock": 1361211000, "otherStockholderEquity": 1361211000, "totalStockholderEquity": 1393224000, "netTangibleAssets": 1392529000}], "maxAge": 86400}, "indexTrend": {"maxAge": 1, "symbol": "SP5", "peRatio": 19.7411, "pegRatio": 1.34172, "estimates": [{"period": "0q", "growth": 0.549}, {"period": "+1q", "growth": 0.431}, {"period": "0y", "growth": 0.305}, {"period": "+1y", "growth": 0.109}, {"period": "+5y", "growth": 0.120859005}, {"period": "-5y"}]}, "insiderTransactions": {"transactions": [{"maxAge": 1, "shares": 85800, "filerUrl": "", "transactionText": "", "filerName": "Data (Vijay)", "filerRelation": "Chief Executive Officer", "moneyText": "", "startDate": "2018-07-26", "ownership": "D"}, {"maxAge": 1, "shares": 17629, "filerUrl": "", "transactionText": "", "filerName": "Data (Niranjan Lal)", "filerRelation": "Executive Chairman", "moneyText": "", "startDate": "2018-02-24", "ownership": "D"}, {"maxAge": 1, "shares": 105728, "filerUrl": "", "transactionText": "", "filerName": "Data (Vijay)", "filerRelation": "Chief Executive Officer", "moneyText": "", "startDate": "2018-02-24", "ownership": "D"}, {"maxAge": 1, "shares": 1500, "filerUrl": "", "transactionText": "", "filerName": "Bhagwati Agro Products Ltd", "filerRelation": "Promoter", "moneyText": "", "startDate": "2016-04-05", "ownership": "D"}, {"maxAge": 1, "shares": 1500, "filerUrl": "", "transactionText": "", "filerName": "Devi (Nirmala)", "filerRelation": "Promoter", "moneyText": "", "startDate": "2016-04-05", "ownership": "D"}, {"maxAge": 1, "shares": 26000, "filerUrl": "", "transactionText": "", "filerName": "Bhagwati Agro Products Ltd", "filerRelation": "Promoter", "moneyText": "", "startDate": "2016-03-18", "ownership": "D"}, {"maxAge": 1, "shares": 26000, "filerUrl": "", "transactionText": "", "filerName": "Devi (Nirmala)", "filerRelation": "Promoter", "moneyText": "", "startDate": "2016-03-18", "ownership": "D"}, {"maxAge": 1, "shares": 105228, "filerUrl": "", "transactionText": "", "filerName": "Data (Niranjan Lal)", "filerRelation": "Executive Chairman", "moneyText": "", "startDate": "2014-09-30", "ownership": "D"}, {"maxAge": 1, "shares": 93453, "filerUrl": "", "transactionText": "", "filerName": "Data (Vijay)", "filerRelation": "Chief Executive Officer", "moneyText": "", "startDate": "2014-09-30", "ownership": "D"}, {"maxAge": 1, "shares": 600, "filerUrl": "", "transactionText": "", "filerName": "Gupta (Ramesh Chand)", "filerRelation": "Additonal Director", "moneyText": "", "startDate": "2014-09-30", "ownership": "D"}], "maxAge": 1}, "quoteType": {"exchange": "BSE", "quoteType": "EQUITY", "symbol": "VIJSOLX.BO", "underlyingSymbol": "VIJSOLX.BO", "shortName": "VIJAY SOLVEX LTD.", "longName": "Vijay Solvex Limited", "firstTradeDateEpochUtc": "2000-02-17 09:15:00", "timeZoneFullName": "Asia/Kolkata", "timeZoneShortName": "IST", "uuid": "d37877d3-2853-3773-b7b7-5995ce91e953", "messageBoardId": null, "gmtOffSetMilliseconds": 19800000, "maxAge": 1}, "incomeStatementHistory": {"incomeStatementHistory": [{"maxAge": 1, "endDate": "2020-03-31", "totalRevenue": 14477843000, "costOfRevenue": 13128840000, "grossProfit": 1349003000, "researchDevelopment": {}, "sellingGeneralAdministrative": 176542000, "nonRecurring": {}, "otherOperatingExpenses": 816953000, "totalOperatingExpenses": 14142875000, "operatingIncome": 334968000, "totalOtherIncomeExpenseNet": -60300000, "ebit": 334968000, "interestExpense": -80468000, "incomeBeforeTax": 274668000, "incomeTaxExpense": 67943000, "minorityInterest": {}, "netIncomeFromContinuingOps": 206725000, "discontinuedOperations": {}, "extraordinaryItems": {}, "effectOfAccountingCharges": {}, "otherItems": {}, "netIncome": 206725000, "netIncomeApplicableToCommonShares": 206725000}, {"maxAge": 1, "endDate": "2019-03-31", "totalRevenue": 12259028000, "costOfRevenue": 11126241000, "grossProfit": 1132787000, "researchDevelopment": {}, "sellingGeneralAdministrative": 170232000, "nonRecurring": {}, "otherOperatingExpenses": 705297000, "totalOperatingExpenses": 12017632000, "operatingIncome": 241396000, "totalOtherIncomeExpenseNet": -49181000, "ebit": 241396000, "interestExpense": -40144000, "incomeBeforeTax": 192215000, "incomeTaxExpense": 64846000, "minorityInterest": {}, "netIncomeFromContinuingOps": 127369000, "discontinuedOperations": {}, "extraordinaryItems": {}, "effectOfAccountingCharges": {}, "otherItems": {}, "netIncome": 127369000, "netIncomeApplicableToCommonShares": 127369000}, {"maxAge": 1, "endDate": "2018-03-31", "totalRevenue": 8788225000, "costOfRevenue": 7846344000, "grossProfit": 941881000, "researchDevelopment": {}, "sellingGeneralAdministrative": 160485000, "nonRecurring": {}, "otherOperatingExpenses": 579076000, "totalOperatingExpenses": 8601008000, "operatingIncome": 187217000, "totalOtherIncomeExpenseNet": -25981000, "ebit": 187217000, "interestExpense": -29760000, "incomeBeforeTax": 161236000, "incomeTaxExpense": 58540000, "minorityInterest": {}, "netIncomeFromContinuingOps": 102696000, "discontinuedOperations": {}, "extraordinaryItems": {}, "effectOfAccountingCharges": {}, "otherItems": {}, "netIncome": 102696000, "netIncomeApplicableToCommonShares": 102696000}, {"maxAge": 1, "endDate": "2017-03-31", "totalRevenue": 6872288000, "costOfRevenue": 6075578000, "grossProfit": 796710000, "researchDevelopment": {}, "sellingGeneralAdministrative": 125291000, "nonRecurring": {}, "otherOperatingExpenses": 512247000, "totalOperatingExpenses": 6727116000, "operatingIncome": 145172000, "totalOtherIncomeExpenseNet": -7824000, "ebit": 145172000, "interestExpense": -27993000, "incomeBeforeTax": 137348000, "incomeTaxExpense": 47095000, "minorityInterest": {}, "netIncomeFromContinuingOps": 90253000, "discontinuedOperations": {}, "extraordinaryItems": {}, "effectOfAccountingCharges": {}, "otherItems": {}, "netIncome": 90253000, "netIncomeApplicableToCommonShares": 90253000}], "maxAge": 86400}, "fundOwnership": {"maxAge": 1, "ownershipList": []}, "summaryDetail": {"maxAge": 1, "priceHint": 2, "previousClose": 1873.75, "open": 1911.2, "dayLow": 1911.2, "dayHigh": 1911.2, "regularMarketPreviousClose": 1873.75, "regularMarketOpen": 1911.2, "regularMarketDayLow": 1911.2, "regularMarketDayHigh": 1911.2, "trailingPE": 21.568428, "volume": 170, "regularMarketVolume": 170, "averageVolume": 326, "averageVolume10days": 783, "averageDailyVolume10Day": 783, "bid": 1329.95, "ask": 0.0, "bidSize": 0, "askSize": 0, "marketCap": 6118247936, "fiftyTwoWeekLow": 201.0, "fiftyTwoWeekHigh": 1911.2, "fiftyDayAverage": 666.71857, "twoHundredDayAverage": 529.49414, "currency": "INR", "fromCurrency": null, "toCurrency": null, "lastMarket": null, "algorithm": null, "tradeable": false}, "incomeStatementHistoryQuarterly": {"incomeStatementHistory": [{"maxAge": 1, "endDate": "2020-06-30", "totalRevenue": 4547067000, "costOfRevenue": 4163179000, "grossProfit": 383888000, "researchDevelopment": {}, "sellingGeneralAdministrative": 40113000, "nonRecurring": {}, "otherOperatingExpenses": 246128000, "totalOperatingExpenses": 4454776000, "operatingIncome": 92291000, "totalOtherIncomeExpenseNet": 50657000, "ebit": 92291000, "interestExpense": {}, "incomeBeforeTax": 142948000, "incomeTaxExpense": 35914000, "minorityInterest": {}, "netIncomeFromContinuingOps": 107034000, "discontinuedOperations": {}, "extraordinaryItems": {}, "effectOfAccountingCharges": {}, "otherItems": {}, "netIncome": 107034000, "netIncomeApplicableToCommonShares": 107034000}, {"maxAge": 1, "endDate": "2020-03-31", "totalRevenue": 3504291000, "costOfRevenue": 3138046000, "grossProfit": 366245000, "researchDevelopment": {}, "sellingGeneralAdministrative": 45884000, "nonRecurring": {}, "otherOperatingExpenses": 183510000, "totalOperatingExpenses": 3376105000, "operatingIncome": 128186000, "totalOtherIncomeExpenseNet": -41150000, "ebit": 128186000, "interestExpense": -41906000, "incomeBeforeTax": 87036000, "incomeTaxExpense": 23134000, "minorityInterest": {}, "netIncomeFromContinuingOps": 63902000, "discontinuedOperations": {}, "extraordinaryItems": {}, "effectOfAccountingCharges": {}, "otherItems": {}, "netIncome": 63902000, "netIncomeApplicableToCommonShares": 63902000}, {"maxAge": 1, "endDate": "2019-12-31", "totalRevenue": 4054110000, "costOfRevenue": 3696260000, "grossProfit": 357850000, "researchDevelopment": {}, "sellingGeneralAdministrative": 47870000, "nonRecurring": {}, "otherOperatingExpenses": 219650000, "totalOperatingExpenses": 3967760000, "operatingIncome": 86350000, "totalOtherIncomeExpenseNet": -860000, "ebit": 86350000, "interestExpense": -7410000, "incomeBeforeTax": 85490000, "incomeTaxExpense": 21380000, "minorityInterest": {}, "netIncomeFromContinuingOps": 64110000, "discontinuedOperations": {}, "extraordinaryItems": {}, "effectOfAccountingCharges": {}, "otherItems": {}, "netIncome": 64110000, "netIncomeApplicableToCommonShares": 64110000}, {"maxAge": 1, "endDate": "2019-09-30", "totalRevenue": 3383071000, "costOfRevenue": 3086568000, "grossProfit": 296503000, "researchDevelopment": {}, "sellingGeneralAdministrative": 42841000, "nonRecurring": {}, "otherOperatingExpenses": 199310000, "totalOperatingExpenses": 3332668000, "operatingIncome": 50403000, "totalOtherIncomeExpenseNet": 5390000, "ebit": 50403000, "interestExpense": -6792000, "incomeBeforeTax": 55793000, "incomeTaxExpense": 7161000, "minorityInterest": {}, "netIncomeFromContinuingOps": 48632000, "discontinuedOperations": {}, "extraordinaryItems": {}, "effectOfAccountingCharges": {}, "otherItems": {}, "netIncome": 48632000, "netIncomeApplicableToCommonShares": 48632000}], "maxAge": 86400}, "cashflowStatementHistoryQuarterly": {"cashflowStatements": [{"maxAge": 1, "endDate": "2020-06-30", "netIncome": 107034000, "changeToLiabilities": 0}, {"maxAge": 1, "endDate": "2020-03-31", "netIncome": 63902000, "changeToLiabilities": 0}, {"maxAge": 1, "endDate": "2019-12-31", "netIncome": 64110000, "changeToLiabilities": 0}, {"maxAge": 1, "endDate": "2019-09-30", "netIncome": 48632000, "changeToLiabilities": 0}], "maxAge": 86400}, "insiderHolders": {"holders": [{"maxAge": 1, "name": "Bhagwati Agro Products Ltd", "relation": "Promoter", "url": "", "transactionDescription": "Other", "latestTransDate": "2016-04-05", "positionDirect": 142790, "positionDirectDate": "2016-04-05"}, {"maxAge": 1, "name": "Data (Niranjan Lal)", "relation": "Executive Chairman", "url": "", "transactionDescription": "Other", "latestTransDate": "2018-02-24", "positionDirect": 87599, "positionDirectDate": "2018-02-24"}, {"maxAge": 1, "name": "Data (Vijay)", "relation": "Chief Executive Officer", "url": "", "transactionDescription": "Purchase", "latestTransDate": "2018-07-26", "positionDirect": 284981, "positionDirectDate": "2018-07-26"}, {"maxAge": 1, "name": "Devi (Nirmala)", "relation": "Promoter", "url": "", "transactionDescription": "Other", "latestTransDate": "2016-04-05", "positionDirect": 58538, "positionDirectDate": "2016-04-05"}, {"maxAge": 1, "name": "Gupta (Ramesh Chand)", "relation": "Additonal Director", "url": "", "transactionDescription": "Acquisition", "latestTransDate": "2014-09-30", "positionDirect": 600, "positionDirectDate": "2014-09-30"}], "maxAge": 1}, "calendarEvents": {"maxAge": 1, "earnings": {"earningsDate": ["2020-09-15 05:30:S"]}}, "price": {"maxAge": 1, "regularMarketChangePercent": 0.019986631, "regularMarketChange": 37.44995, "regularMarketTime": "2021-04-30 14:18:00", "priceHint": 2, "regularMarketPrice": 1911.2, "regularMarketDayHigh": 1911.2, "regularMarketDayLow": 1911.2, "regularMarketVolume": 170, "averageDailyVolume10Day": 783, "averageDailyVolume3Month": 326, "regularMarketPreviousClose": 1873.75, "regularMarketSource": "FREE_REALTIME", "regularMarketOpen": 1911.2, "exchange": "BSE", "exchangeName": "BSE", "exchangeDataDelayedBy": 0, "marketState": "CLOSED", "quoteType": "EQUITY", "symbol": "VIJSOLX.BO", "underlyingSymbol": null, "shortName": "VIJAY SOLVEX LTD.", "longName": "Vijay Solvex Limited", "currency": "INR", "quoteSourceName": "Delayed Quote", "currencySymbol": "\u20b9", "fromCurrency": null, "toCurrency": null, "lastMarket": null, "marketCap": 6118247936}, "balanceSheetHistory": {"balanceSheetStatements": [{"maxAge": 1, "endDate": "2020-03-31", "cash": 723452000, "shortTermInvestments": 207183000, "netReceivables": 345144000, "inventory": 329510000, "otherCurrentAssets": 280953000, "totalCurrentAssets": 1886242000, "longTermInvestments": 606955000, "propertyPlantEquipment": 311660000, "intangibleAssets": 628000, "otherAssets": 34615000, "totalAssets": 2840100000, "accountsPayable": 273416000, "otherCurrentLiab": 41496000, "otherLiab": 60171000, "totalCurrentLiabilities": 1199506000, "totalLiab": 1270838000, "commonStock": 32013000, "treasuryStock": 1537249000, "otherStockholderEquity": 1537249000, "totalStockholderEquity": 1569262000, "netTangibleAssets": 1568634000}, {"maxAge": 1, "endDate": "2019-03-31", "cash": 167573000, "shortTermInvestments": 64535000, "netReceivables": 623288000, "inventory": 496576000, "otherCurrentAssets": 221186000, "totalCurrentAssets": 1574945000, "longTermInvestments": 569984000, "propertyPlantEquipment": 271940000, "intangibleAssets": 703000, "otherAssets": 8343000, "totalAssets": 2425915000, "accountsPayable": 161173000, "otherCurrentLiab": 22759000, "otherLiab": 61793000, "deferredLongTermLiab": 100000, "totalCurrentLiabilities": 1019255000, "totalLiab": 1081048000, "commonStock": 32013000, "retainedEarnings": 1200080000, "treasuryStock": 64716000, "capitalSurplus": 48058000, "otherStockholderEquity": 64716000, "totalStockholderEquity": 1344867000, "netTangibleAssets": 1344164000}, {"maxAge": 1, "endDate": "2018-03-31", "cash": 23384000, "shortTermInvestments": 64479000, "netReceivables": 651453000, "inventory": 709317000, "otherCurrentAssets": 140316000, "totalCurrentAssets": 1591666000, "longTermInvestments": 603057000, "propertyPlantEquipment": 255091000, "intangibleAssets": 675000, "otherAssets": 7932000, "totalAssets": 2458421000, "accountsPayable": 117908000, "otherCurrentLiab": 21996000, "longTermDebt": 631000, "otherLiab": 58291000, "deferredLongTermLiab": 100000, "totalCurrentLiabilities": 1134143000, "totalLiab": 1193065000, "commonStock": 32013000, "retainedEarnings": 1072711000, "treasuryStock": 112574000, "capitalSurplus": 48058000, "otherStockholderEquity": 112574000, "totalStockholderEquity": 1265356000, "netTangibleAssets": 1264681000}, {"maxAge": 1, "endDate": "2017-03-31", "cash": 76350000, "shortTermInvestments": 64520000, "netReceivables": 423042000, "inventory": 468962000, "otherCurrentAssets": 93383000, "totalCurrentAssets": 1129195000, "longTermInvestments": 507574000, "propertyPlantEquipment": 253252000, "intangibleAssets": 776000, "otherAssets": 6908000, "totalAssets": 1897705000, "accountsPayable": 118098000, "otherCurrentLiab": 23445000, "longTermDebt": 1026000, "otherLiab": 57529000, "deferredLongTermLiab": 100000, "totalCurrentLiabilities": 772293000, "totalLiab": 830848000, "commonStock": 32013000, "retainedEarnings": 963163000, "treasuryStock": 23623000, "capitalSurplus": 48058000, "otherStockholderEquity": 23623000, "totalStockholderEquity": 1066857000, "netTangibleAssets": 1066081000}], "maxAge": 86400}, "financialData": {"maxAge": 86400, "currentPrice": 1911.2, "recommendationKey": "none", "grossProfits": 1349003000, "financialCurrency": "INR"}}}