{"VIKASPROP.NS": {"assetProfile": {"address1": "F88/89, Udhog Vihar", "address2": "RIICO Industrial Area", "city": "Sriganganagar", "zip": "335002", "country": "India", "phone": "91 15 4249 4512", "fax": "91 15 4249 4361", "website": "http://www.vpgl.in", "industry": "Agricultural Inputs", "sector": "Basic Materials", "longBusinessSummary": "Vikas Proppant & Granite Limited manufactures, grades in, and sells guar gum powder in India. The company is also involved in the grading of guar splits and its derivatives; mining of granite blocks; and manufacture of proppants. Its guar gum is used for various technical applications comprising pet food, oil drilling, textile printing, mining paper, etc. The company was formerly known as Vikas Granaries Limited and changed its name to Vikas Proppant & Granite Limited in February 2018. Vikas Proppant & Granite Limited was incorporated in 1994 and is based in Sri Ganganagar, India.", "fullTimeEmployees": 82, "companyOfficers": [{"maxAge": 1, "name": "Ms. Bimla Devi Jindal", "age": 63, "title": "Chairman & MD", "yearBorn": 1957, "fiscalYear": 2020, "totalPay": 0, "exercisedValue": 0, "unexercisedValue": 0}, {"maxAge": 1, "name": "Mr. Praveen  Bishnoi", "title": "Compliance Officer & Company Sec.", "fiscalYear": 2020, "totalPay": 564000, "exercisedValue": 0, "unexercisedValue": 0}, {"maxAge": 1, "name": "Ms. Kamini  Jindal", "age": 32, "title": "Exec. Director", "yearBorn": 1988, "fiscalYear": 2020, "totalPay": 0, "exercisedValue": 0, "unexercisedValue": 0}, {"maxAge": 1, "name": "Mr. Lokesh  Garg", "title": "Chief Fin. Officer", "exercisedValue": 0, "unexercisedValue": 0}], "compensationAsOfEpochDate": "2020-12-31 05:30:00", "maxAge": 86400}, "cashflowStatementHistory": {"cashflowStatements": [{"maxAge": 1, "endDate": "2020-03-31", "netIncome": 39247000, "changeToNetincome": 11100000, "changeToAccountReceivables": 53181000, "changeToLiabilities": 2056000, "changeToOperatingActivities": -1014000, "totalCashFromOperatingActivities": 104570000, "capitalExpenditures": -5000, "totalCashflowsFromInvestingActivities": -5000, "dividendsPaid": -50618000, "netBorrowings": -69357000, "otherCashflowsFromFinancingActivities": -18000, "totalCashFromFinancingActivities": -104653000, "changeInCash": -88000, "issuanceOfStock": 15340000}, {"maxAge": 1, "endDate": "2019-03-31", "netIncome": 442503000, "changeToNetincome": 73299000, "changeToAccountReceivables": -83277000, "changeToLiabilities": -56000, "changeToOperatingActivities": 9918000, "totalCashFromOperatingActivities": 442387000, "capitalExpenditures": -834916000, "totalCashflowsFromInvestingActivities": -834916000, "dividendsPaid": -50618000, "netBorrowings": -423196000, "otherCashflowsFromFinancingActivities": -6000, "totalCashFromFinancingActivities": 392633000, "changeInCash": 104000, "issuanceOfStock": 815835000}, {"maxAge": 1, "endDate": "2018-03-31", "netIncome": -10544000, "depreciation": 50768000, "changeToNetincome": -44688000, "changeToAccountReceivables": -15716000, "changeToLiabilities": 85691000, "changeToOperatingActivities": -136271000, "totalCashFromOperatingActivities": -70760000, "capitalExpenditures": -834916000, "totalCashflowsFromInvestingActivities": 49806000, "dividendsPaid": -50618000, "netBorrowings": 2195000, "otherCashflowsFromFinancingActivities": -40000, "totalCashFromFinancingActivities": 2155000, "changeInCash": -18799000, "issuanceOfStock": 815835000}, {"maxAge": 1, "endDate": "2017-03-31", "netIncome": -138452000, "depreciation": 115329000, "changeToNetincome": 11354000, "changeToAccountReceivables": -8041000, "changeToLiabilities": -70442000, "changeToInventory": 35197000, "changeToOperatingActivities": 72330000, "totalCashFromOperatingActivities": 17275000, "capitalExpenditures": -3000, "totalCashflowsFromInvestingActivities": 1502000, "dividendsPaid": -50618000, "netBorrowings": -50000, "otherCashflowsFromFinancingActivities": -122000, "totalCashFromFinancingActivities": -172000, "changeInCash": 18605000, "issuanceOfStock": 815835000}], "maxAge": 86400}, "institutionOwnership": {"ownershipList": [], "maxAge": 1}, "majorHoldersBreakdown": {"maxAge": 1, "insidersPercentHeld": 0.46383998, "institutionsPercentHeld": 0.0, "institutionsFloatPercentHeld": 0.0, "institutionsCount": 0}, "balanceSheetHistoryQuarterly": {"balanceSheetStatements": [{"maxAge": 1, "endDate": "2020-12-31"}, {"maxAge": 1, "endDate": "2020-06-30", "totalStockholderEquity": 1981812000, "netTangibleAssets": 1981812000}, {"maxAge": 1, "endDate": "2020-03-31", "cash": 325000, "netReceivables": 1702335000, "otherCurrentAssets": 174057000, "totalCurrentAssets": 1876717000, "longTermInvestments": 33000, "propertyPlantEquipment": 2116837000, "otherAssets": 49697000, "totalAssets": 4043284000, "accountsPayable": 1307839000, "otherCurrentLiab": 45976000, "otherLiab": 11506000, "totalCurrentLiabilities": 2049966000, "totalLiab": 2061472000, "commonStock": 506175000, "retainedEarnings": 854307000, "treasuryStock": 180000, "capitalSurplus": 621150000, "otherStockholderEquity": 180000, "totalStockholderEquity": 1981812000, "netTangibleAssets": 1981812000}, {"maxAge": 1, "endDate": "2019-12-31", "totalStockholderEquity": 1987550000, "netTangibleAssets": 1987550000}], "maxAge": 86400}, "indexTrend": {"maxAge": 1, "symbol": "SP5", "peRatio": 19.7411, "pegRatio": 1.34172, "estimates": [{"period": "0q", "growth": 0.549}, {"period": "+1q", "growth": 0.431}, {"period": "0y", "growth": 0.305}, {"period": "+1y", "growth": 0.109}, {"period": "+5y", "growth": 0.120865}, {"period": "-5y"}]}, "defaultKeyStatistics": {"maxAge": 1, "priceHint": 4, "enterpriseValue": 1270664960, "profitMargins": 0.16959, "floatShares": 228934301, "sharesOutstanding": 514675008, "heldPercentInsiders": 0.46383998, "heldPercentInstitutions": 0.0, "beta": 0.238008, "category": null, "bookValue": 3.915, "priceToBook": 0.56194127, "fundFamily": null, "legalType": null, "lastFiscalYearEnd": "2020-03-31 05:30:00", "nextFiscalYearEnd": "2022-03-31 05:30:00", "mostRecentQuarter": "2020-12-31 05:30:00", "netIncomeToCommon": 41508000, "trailingEps": 0.077, "lastSplitFactor": null, "enterpriseToRevenue": 5.192}, "summaryProfile": {"address1": "F88/89, Udhog Vihar", "address2": "RIICO Industrial Area", "city": "Sriganganagar", "zip": "335002", "country": "India", "phone": "91 15 4249 4512", "fax": "91 15 4249 4361", "website": "http://www.vpgl.in", "industry": "Agricultural Inputs", "sector": "Basic Materials", "longBusinessSummary": "Vikas Proppant & Granite Limited manufactures, grades in, and sells guar gum powder in India. The company is also involved in the grading of guar splits and its derivatives; mining of granite blocks; and manufacture of proppants. Its guar gum is used for various technical applications comprising pet food, oil drilling, textile printing, mining paper, etc. The company was formerly known as Vikas Granaries Limited and changed its name to Vikas Proppant & Granite Limited in February 2018. Vikas Proppant & Granite Limited was incorporated in 1994 and is based in Sri Ganganagar, India.", "fullTimeEmployees": 82, "companyOfficers": [], "maxAge": 86400}, "netSharePurchaseActivity": {"maxAge": 1, "period": "6m", "buyInfoCount": 0, "buyInfoShares": 0, "sellInfoCount": 0, "netInfoCount": 0, "netInfoShares": 0, "netPercentInsiderShares": 0.0, "totalInsiderShares": 261948976}, "insiderTransactions": {"transactions": [{"maxAge": 1, "shares": 11496980, "filerUrl": "", "transactionText": "", "filerName": "Aggarwal (Bajrang Dass)", "filerRelation": "Promoter", "moneyText": "", "startDate": "2019-03-31", "ownership": "D"}], "maxAge": 1}, "quoteType": {"exchange": "NSI", "quoteType": "EQUITY", "symbol": "VIKASPROP.NS", "underlyingSymbol": "VIKASPROP.NS", "shortName": "Vikas Prop & Granite Ltd", "longName": "Vikas Proppant & Granite Limited", "firstTradeDateEpochUtc": "2019-08-19 09:15:00", "timeZoneFullName": "Asia/Kolkata", "timeZoneShortName": "IST", "uuid": "bdab0131-dd7d-3a15-af84-d30049ab9278", "gmtOffSetMilliseconds": 19800000, "maxAge": 1}, "incomeStatementHistory": {"incomeStatementHistory": [{"maxAge": 1, "endDate": "2020-03-31", "totalRevenue": 69562000, "costOfRevenue": 0, "grossProfit": 69562000, "researchDevelopment": {}, "sellingGeneralAdministrative": 16995000, "nonRecurring": {}, "otherOperatingExpenses": 2220000, "totalOperatingExpenses": 19215000, "operatingIncome": 50347000, "totalOtherIncomeExpenseNet": -18000, "ebit": 50347000, "interestExpense": -18000, "incomeBeforeTax": 50329000, "incomeTaxExpense": 11082000, "minorityInterest": {}, "netIncomeFromContinuingOps": 39247000, "discontinuedOperations": {}, "extraordinaryItems": {}, "effectOfAccountingCharges": {}, "otherItems": {}, "netIncome": 39247000, "netIncomeApplicableToCommonShares": 39247000}, {"maxAge": 1, "endDate": "2019-03-31", "totalRevenue": 527721000, "costOfRevenue": 0, "grossProfit": 527721000, "researchDevelopment": {}, "sellingGeneralAdministrative": 9959000, "nonRecurring": {}, "otherOperatingExpenses": 1960000, "totalOperatingExpenses": 11919000, "operatingIncome": 515802000, "totalOtherIncomeExpenseNet": -12000, "ebit": 515802000, "interestExpense": -6000, "incomeBeforeTax": 515796000, "incomeTaxExpense": 73293000, "minorityInterest": {}, "netIncomeFromContinuingOps": 442503000, "discontinuedOperations": {}, "extraordinaryItems": {}, "effectOfAccountingCharges": {}, "otherItems": {}, "netIncome": 442503000, "netIncomeApplicableToCommonShares": 442503000}, {"maxAge": 1, "endDate": "2018-03-31", "totalRevenue": 415000, "costOfRevenue": 39000, "grossProfit": 376000, "researchDevelopment": {}, "sellingGeneralAdministrative": 2305000, "nonRecurring": {}, "otherOperatingExpenses": 2057000, "totalOperatingExpenses": 55169000, "operatingIncome": -54754000, "totalOtherIncomeExpenseNet": -465000, "ebit": -54754000, "interestExpense": -12000, "incomeBeforeTax": -55219000, "incomeTaxExpense": -44675000, "minorityInterest": {}, "netIncomeFromContinuingOps": -10544000, "discontinuedOperations": {}, "extraordinaryItems": {}, "effectOfAccountingCharges": {}, "otherItems": {}, "netIncome": -10544000, "netIncomeApplicableToCommonShares": -10544000}, {"maxAge": 1, "endDate": "2017-03-31", "totalRevenue": 31151000, "costOfRevenue": 35199000, "grossProfit": -4048000, "researchDevelopment": {}, "sellingGeneralAdministrative": 4045000, "nonRecurring": {}, "otherOperatingExpenses": 3591000, "totalOperatingExpenses": 158164000, "operatingIncome": -127013000, "totalOtherIncomeExpenseNet": -207000, "ebit": -127013000, "interestExpense": -8000, "incomeBeforeTax": -127220000, "incomeTaxExpense": 11232000, "minorityInterest": {}, "netIncomeFromContinuingOps": -138452000, "discontinuedOperations": {}, "extraordinaryItems": {}, "effectOfAccountingCharges": {}, "otherItems": {}, "netIncome": -138452000, "netIncomeApplicableToCommonShares": -138452000}], "maxAge": 86400}, "fundOwnership": {"ownershipList": [], "maxAge": 1}, "summaryDetail": {"maxAge": 1, "priceHint": 4, "previousClose": 2.25, "open": 2.25, "dayLow": 2.2, "dayHigh": 2.3, "regularMarketPreviousClose": 2.25, "regularMarketOpen": 2.25, "regularMarketDayLow": 2.2, "regularMarketDayHigh": 2.3, "exDividendDate": "2020-02-17 05:30:00", "payoutRatio": 1.25, "beta": 0.238008, "trailingPE": 28.57143, "volume": 881882, "regularMarketVolume": 881882, "averageVolume": 2414823, "averageVolume10days": 1545147, "averageDailyVolume10Day": 1545147, "bid": 0.0, "ask": 0.0, "marketCap": 1132285056, "fiftyTwoWeekLow": 2.0, "fiftyTwoWeekHigh": 6.55, "priceToSalesTrailing12Months": 4.62616, "fiftyDayAverage": 2.4720588, "twoHundredDayAverage": 2.718085, "trailingAnnualDividendRate": 0.0, "trailingAnnualDividendYield": 0.0, "currency": "INR", "fromCurrency": null, "lastMarket": null, "algorithm": null, "tradeable": false}, "incomeStatementHistoryQuarterly": {"incomeStatementHistory": [{"maxAge": 1, "endDate": "2020-12-31", "totalRevenue": 0, "costOfRevenue": 0, "grossProfit": 0, "researchDevelopment": {}, "sellingGeneralAdministrative": 302000, "nonRecurring": {}, "otherOperatingExpenses": 368000, "totalOperatingExpenses": 670000, "operatingIncome": -670000, "totalOtherIncomeExpenseNet": 0, "ebit": -670000, "interestExpense": {}, "incomeBeforeTax": -670000, "incomeTaxExpense": 0, "minorityInterest": {}, "netIncomeFromContinuingOps": -670000, "discontinuedOperations": {}, "extraordinaryItems": {}, "effectOfAccountingCharges": {}, "otherItems": {}, "netIncome": -670000, "netIncomeApplicableToCommonShares": -670000}, {"maxAge": 1, "endDate": "2020-06-30", "totalRevenue": 126466000, "costOfRevenue": 75992000, "grossProfit": 50474000, "researchDevelopment": {}, "sellingGeneralAdministrative": 392000, "nonRecurring": {}, "otherOperatingExpenses": 6230000, "totalOperatingExpenses": 82614000, "operatingIncome": 43852000, "totalOtherIncomeExpenseNet": 1000, "ebit": 43852000, "interestExpense": {}, "incomeBeforeTax": 43853000, "incomeTaxExpense": 12200000, "minorityInterest": {}, "netIncomeFromContinuingOps": 31653000, "discontinuedOperations": {}, "extraordinaryItems": {}, "effectOfAccountingCharges": {}, "otherItems": {}, "netIncome": 31653000, "netIncomeApplicableToCommonShares": 31653000}, {"maxAge": 1, "endDate": "2020-03-31", "totalRevenue": 24256000, "costOfRevenue": 0, "grossProfit": 24256000, "researchDevelopment": {}, "sellingGeneralAdministrative": 662000, "nonRecurring": {}, "otherOperatingExpenses": 1128000, "totalOperatingExpenses": 1790000, "operatingIncome": 22466000, "totalOtherIncomeExpenseNet": 0, "ebit": 22466000, "interestExpense": {}, "incomeBeforeTax": 22466000, "incomeTaxExpense": 9195000, "minorityInterest": {}, "netIncomeFromContinuingOps": 13271000, "discontinuedOperations": {}, "extraordinaryItems": {}, "effectOfAccountingCharges": {}, "otherItems": {}, "netIncome": 13271000, "netIncomeApplicableToCommonShares": 13271000}, {"maxAge": 1, "endDate": "2019-12-31", "totalRevenue": 42585000, "costOfRevenue": 0, "grossProfit": 42585000, "researchDevelopment": {}, "sellingGeneralAdministrative": 15739000, "nonRecurring": {}, "otherOperatingExpenses": 621000, "totalOperatingExpenses": 16360000, "operatingIncome": 26225000, "totalOtherIncomeExpenseNet": -18000, "ebit": 26225000, "interestExpense": -18000, "incomeBeforeTax": 26207000, "incomeTaxExpense": 9937000, "minorityInterest": {}, "netIncomeFromContinuingOps": 16270000, "discontinuedOperations": {}, "extraordinaryItems": {}, "effectOfAccountingCharges": {}, "otherItems": {}, "netIncome": 16270000, "netIncomeApplicableToCommonShares": 16270000}], "maxAge": 86400}, "cashflowStatementHistoryQuarterly": {"cashflowStatements": [{"maxAge": 1, "endDate": "2020-12-31", "netIncome": -670000, "changeToLiabilities": 0}, {"maxAge": 1, "endDate": "2020-06-30", "netIncome": 31653000, "changeToLiabilities": 0}, {"maxAge": 1, "endDate": "2020-03-31", "netIncome": 13271000, "changeToLiabilities": 0}, {"maxAge": 1, "endDate": "2019-12-31", "netIncome": 16270000, "changeToLiabilities": 0}], "maxAge": 86400}, "insiderHolders": {"holders": [{"maxAge": 1, "name": "Aggarwal (Bajrang Dass)", "relation": "Promoter", "url": "", "transactionDescription": "Sale", "latestTransDate": "2019-03-31", "positionDirect": 10300, "positionDirectDate": "2019-03-31"}], "maxAge": 1}, "calendarEvents": {"maxAge": 1, "earnings": {"earningsDate": []}, "exDividendDate": "2020-02-17 05:30:00"}, "upgradeDowngradeHistory": {"history": [], "maxAge": 86400}, "price": {"maxAge": 1, "regularMarketChangePercent": -0.022222199, "regularMarketChange": -0.049999952, "regularMarketTime": "2021-04-30 15:29:58", "priceHint": 4, "regularMarketPrice": 2.2, "regularMarketDayHigh": 2.3, "regularMarketDayLow": 2.2, "regularMarketVolume": 881882, "averageDailyVolume10Day": 1545147, "averageDailyVolume3Month": 2414823, "regularMarketPreviousClose": 2.25, "regularMarketSource": "FREE_REALTIME", "regularMarketOpen": 2.25, "exchange": "NSI", "exchangeName": "NSE", "exchangeDataDelayedBy": 15, "marketState": "CLOSED", "quoteType": "EQUITY", "symbol": "VIKASPROP.NS", "underlyingSymbol": null, "shortName": "Vikas Prop & Granite Ltd", "longName": "Vikas Proppant & Granite Limited", "currency": "INR", "quoteSourceName": "Delayed Quote", "currencySymbol": "\u20b9", "fromCurrency": null, "lastMarket": null, "marketCap": 1132285056}, "balanceSheetHistory": {"balanceSheetStatements": [{"maxAge": 1, "endDate": "2020-03-31", "cash": 325000, "netReceivables": 1702335000, "otherCurrentAssets": 174057000, "totalCurrentAssets": 1876717000, "longTermInvestments": 33000, "propertyPlantEquipment": 2116837000, "otherAssets": 49697000, "totalAssets": 4043284000, "accountsPayable": 1307839000, "otherCurrentLiab": 45976000, "otherLiab": 11506000, "totalCurrentLiabilities": 2049966000, "totalLiab": 2061472000, "commonStock": 506175000, "retainedEarnings": 854307000, "treasuryStock": 180000, "capitalSurplus": 621150000, "otherStockholderEquity": 180000, "totalStockholderEquity": 1981812000, "netTangibleAssets": 1981812000}, {"maxAge": 1, "endDate": "2019-03-31", "cash": 414000, "netReceivables": 1755449000, "otherCurrentAssets": 173201000, "totalCurrentAssets": 1929064000, "longTermInvestments": 33000, "propertyPlantEquipment": 2116832000, "otherAssets": 49589000, "totalAssets": 4095518000, "accountsPayable": 1305783000, "otherCurrentLiab": 46101000, "longTermDebt": 641949000, "otherLiab": 10816000, "totalCurrentLiabilities": 2106859000, "totalLiab": 2117675000, "commonStock": 506175000, "retainedEarnings": 850338000, "treasuryStock": 180000, "capitalSurplus": 621150000, "otherStockholderEquity": 180000, "totalStockholderEquity": 1977843000, "netTangibleAssets": 1977843000}, {"maxAge": 1, "endDate": "2018-03-31", "cash": 309000, "netReceivables": 1672240000, "otherCurrentAssets": 137343000, "totalCurrentAssets": 1809892000, "longTermInvestments": 33000, "propertyPlantEquipment": 1281915000, "otherAssets": 49453000, "totalAssets": 3141293000, "accountsPayable": 1305838000, "otherCurrentLiab": 693000, "longTermDebt": 1065145000, "otherLiab": 48677000, "totalCurrentLiabilities": 2373111000, "totalLiab": 2421788000, "commonStock": 181175000, "retainedEarnings": 404500000, "treasuryStock": 180000, "capitalSurplus": 133650000, "otherStockholderEquity": 180000, "totalStockholderEquity": 719505000, "netTangibleAssets": 719505000}, {"maxAge": 1, "endDate": "2017-03-31", "cash": 19108000, "netReceivables": 1656457000, "otherCurrentAssets": 182038000, "totalCurrentAssets": 1857603000, "longTermInvestments": 33000, "propertyPlantEquipment": 1335113000, "otherAssets": 48878000, "totalAssets": 3241627000, "accountsPayable": 1220147000, "otherCurrentLiab": 108867000, "longTermDebt": 1062950000, "otherLiab": 117443000, "totalCurrentLiabilities": 2394134000, "totalLiab": 2511577000, "commonStock": 181175000, "retainedEarnings": 415045000, "treasuryStock": 180000, "capitalSurplus": 133650000, "otherStockholderEquity": 180000, "totalStockholderEquity": 730050000, "netTangibleAssets": 730050000}], "maxAge": 86400}, "financialData": {"maxAge": 86400, "currentPrice": 2.2, "recommendationKey": "none", "totalRevenue": 244756992, "revenuePerShare": 0.453, "grossProfits": 69562000, "grossMargins": 0.31057, "ebitdaMargins": 0.0, "operatingMargins": 0.26865998, "profitMargins": 0.16959, "financialCurrency": "INR"}}}