{"VIKASWSP.BO": {"recommendationTrend": {"trend": [{"period": "0m", "strongBuy": 0, "buy": 0, "hold": 0, "sell": 0, "strongSell": 0}, {"period": "-1m", "strongBuy": 0, "buy": 0, "hold": 0, "sell": 0, "strongSell": 0}, {"period": "-2m", "strongBuy": 0, "buy": 0, "hold": 0, "sell": 0, "strongSell": 0}, {"period": "-3m", "strongBuy": 0, "buy": 0, "hold": 0, "sell": 0, "strongSell": 0}], "maxAge": 86400}, "cashflowStatementHistory": {"cashflowStatements": [{"maxAge": 1, "endDate": "2020-03-31", "netIncome": 213482000, "depreciation": 343376000, "changeToNetincome": 41643000, "changeToAccountReceivables": -803566000, "changeToLiabilities": -129490000, "changeToInventory": 279661000, "changeToOperatingActivities": 302412000, "totalCashFromOperatingActivities": 247687000, "capitalExpenditures": -4705000, "totalCashflowsFromInvestingActivities": -4705000, "netBorrowings": -196435000, "otherCashflowsFromFinancingActivities": -41627000, "totalCashFromFinancingActivities": -238062000, "changeInCash": 4920000}, {"maxAge": 1, "endDate": "2019-03-31", "netIncome": 469216000, "depreciation": 345281000, "changeToNetincome": -74101000, "changeToAccountReceivables": -747242000, "changeToLiabilities": -382352000, "changeToInventory": -18910000, "changeToOperatingActivities": 362822000, "totalCashFromOperatingActivities": -45119000, "capitalExpenditures": -5625000, "otherCashflowsFromInvestingActivities": 422000, "totalCashflowsFromInvestingActivities": 235392000, "netBorrowings": -263462000, "otherCashflowsFromFinancingActivities": -67775000, "totalCashFromFinancingActivities": -188137000, "changeInCash": 2135000, "issuanceOfStock": 143100000}, {"maxAge": 1, "endDate": "2018-03-31", "netIncome": 289570000, "depreciation": 346910000, "changeToNetincome": 425625000, "changeToAccountReceivables": -1409138000, "changeToLiabilities": 114277000, "changeToInventory": -144708000, "changeToOperatingActivities": -298872000, "totalCashFromOperatingActivities": -676169000, "capitalExpenditures": -5625000, "otherCashflowsFromInvestingActivities": 4677000, "totalCashflowsFromInvestingActivities": 10581000, "netBorrowings": 57447000, "otherCashflowsFromFinancingActivities": -72095000, "totalCashFromFinancingActivities": 665352000, "changeInCash": -237000, "issuanceOfStock": 680000000}, {"maxAge": 1, "endDate": "2017-03-31", "netIncome": -839977000, "depreciation": 346931000, "changeToNetincome": 333069000, "changeToAccountReceivables": -276965000, "changeToLiabilities": 27071000, "changeToInventory": 241243000, "changeToOperatingActivities": 227383000, "totalCashFromOperatingActivities": 58855000, "capitalExpenditures": -3830000, "otherCashflowsFromInvestingActivities": 2035000, "totalCashflowsFromInvestingActivities": 77973000, "netBorrowings": -95421000, "otherCashflowsFromFinancingActivities": -42721000, "totalCashFromFinancingActivities": -138142000, "changeInCash": -1314000, "issuanceOfStock": 680000000}], "maxAge": 86400}, "institutionOwnership": {"ownershipList": [], "maxAge": 1}, "balanceSheetHistoryQuarterly": {"balanceSheetStatements": [{"maxAge": 1, "endDate": "2020-06-30", "totalStockholderEquity": 11450703000, "netTangibleAssets": 11450600000}, {"maxAge": 1, "endDate": "2020-03-31", "cash": 10618000, "netReceivables": 6074859000, "inventory": 730317000, "otherCurrentAssets": 785703000, "totalCurrentAssets": 7601497000, "propertyPlantEquipment": 6456236000, "intangibleAssets": 103000, "otherAssets": 2859646000, "totalAssets": 16917482000, "accountsPayable": 772798000, "otherCurrentLiab": 962670000, "otherLiab": 18411000, "totalCurrentLiabilities": 5448368000, "totalLiab": 5466779000, "commonStock": 204440000, "retainedEarnings": 7593669000, "treasuryStock": 10172000, "capitalSurplus": 3642422000, "otherStockholderEquity": 10172000, "totalStockholderEquity": 11450703000, "netTangibleAssets": 11450600000}, {"maxAge": 1, "endDate": "2019-12-31", "totalStockholderEquity": 11372822000, "netTangibleAssets": 11372633000}, {"maxAge": 1, "endDate": "2019-09-30", "cash": 17472000, "netReceivables": 6160448000, "inventory": 970465000, "otherCurrentAssets": 147297000, "totalCurrentAssets": 7295682000, "propertyPlantEquipment": 6628236000, "intangibleAssets": 189000, "otherAssets": 2859645000, "totalAssets": 16783752000, "accountsPayable": 696966000, "otherCurrentLiab": 3131989000, "otherLiab": 28630000, "totalCurrentLiabilities": 5382300000, "totalLiab": 5410930000, "commonStock": 204440000, "treasuryStock": 11168382000, "otherStockholderEquity": 11168382000, "totalStockholderEquity": 11372822000, "netTangibleAssets": 11372633000}], "maxAge": 86400}, "earningsHistory": {"history": [{"maxAge": 1, "epsActual": {}, "epsEstimate": {}, "epsDifference": {}, "surprisePercent": {}, "quarter": {}, "period": "-4q"}, {"maxAge": 1, "epsActual": {}, "epsEstimate": {}, "epsDifference": {}, "surprisePercent": {}, "quarter": {}, "period": "-3q"}, {"maxAge": 1, "epsActual": {}, "epsEstimate": {}, "epsDifference": {}, "surprisePercent": {}, "quarter": {}, "period": "-2q"}, {"maxAge": 1, "epsActual": {}, "epsEstimate": {}, "epsDifference": {}, "surprisePercent": {}, "quarter": {}, "period": "-1q"}], "maxAge": 86400}, "indexTrend": {"maxAge": 1, "symbol": "SP5", "peRatio": 19.7411, "pegRatio": 1.34172, "estimates": [{"period": "0q", "growth": 0.549}, {"period": "+1q", "growth": 0.431}, {"period": "0y", "growth": 0.305}, {"period": "+1y", "growth": 0.109}, {"period": "+5y", "growth": 0.120865}, {"period": "-5y"}]}, "industryTrend": {"maxAge": 1, "symbol": null, "estimates": []}, "insiderTransactions": {"transactions": [{"maxAge": 1, "shares": 936517, "filerUrl": "", "transactionText": "", "filerName": "Jindal (Meghraj)", "filerRelation": "Promoter", "moneyText": "", "startDate": "2018-05-31", "ownership": "D"}, {"maxAge": 1, "shares": 1000000, "filerUrl": "", "transactionText": "", "filerName": "Jindal (Meghraj)", "filerRelation": "Promoter", "moneyText": "", "startDate": "2018-05-15", "ownership": "D"}, {"maxAge": 1, "shares": 2000000, "filerUrl": "", "transactionText": "", "filerName": "Jindal (Meghraj)", "filerRelation": "Promoter", "moneyText": "", "startDate": "2017-08-17", "ownership": "D"}, {"maxAge": 1, "shares": 2100000, "filerUrl": "", "transactionText": "", "filerName": "Jindal (Meghraj)", "filerRelation": "UNREPORTED", "moneyText": "", "startDate": "2017-07-29", "ownership": "D"}, {"maxAge": 1, "shares": 44800, "filerUrl": "", "transactionText": "", "filerName": "Aggarwal (Bajrang Dass)", "filerRelation": "Executive Chairman", "moneyText": "", "startDate": "2016-07-20", "ownership": "D"}, {"maxAge": 1, "shares": 930000, "filerUrl": "", "transactionText": "", "filerName": "Aggarwal (Bajrang Dass)", "filerRelation": "Executive Chairman", "moneyText": "", "startDate": "2012-08-28", "ownership": "D"}, {"maxAge": 1, "shares": 1249900, "filerUrl": "", "transactionText": "", "filerName": "Aggarwal (Bajrang Dass)", "filerRelation": "Executive Chairman", "moneyText": "", "startDate": "2012-08-27", "ownership": "D"}, {"maxAge": 1, "shares": 1250100, "filerUrl": "", "transactionText": "", "filerName": "Aggarwal (Bajrang Dass)", "filerRelation": "Executive Chairman", "moneyText": "", "startDate": "2012-08-24", "ownership": "D"}, {"maxAge": 1, "shares": 200000, "filerUrl": "", "transactionText": "", "filerName": "Aggarwal (Bajrang Dass)", "filerRelation": "Executive Chairman", "moneyText": "", "startDate": "2012-08-23", "ownership": "D"}, {"maxAge": 1, "shares": 316469, "filerUrl": "", "transactionText": "", "filerName": "Aggarwal (Bajrang Dass)", "filerRelation": "Executive Chairman", "moneyText": "", "startDate": "2012-08-22", "ownership": "D"}, {"maxAge": 1, "shares": 1065700, "filerUrl": "", "transactionText": "", "filerName": "Aggarwal (Bajrang Dass)", "filerRelation": "Executive Chairman", "moneyText": "", "startDate": "2012-08-17", "ownership": "D"}, {"maxAge": 1, "shares": 600000, "filerUrl": "", "transactionText": "", "filerName": "Aggarwal (Bajrang Dass)", "filerRelation": "Executive Chairman", "moneyText": "", "startDate": "2012-07-06", "ownership": "D"}, {"maxAge": 1, "shares": 6300, "filerUrl": "", "transactionText": "", "filerName": "Aggarwal (Bajrang Dass)", "filerRelation": "Executive Chairman", "moneyText": "", "startDate": "2012-06-05", "ownership": "D"}, {"maxAge": 1, "shares": 343662, "filerUrl": "", "transactionText": "", "filerName": "Aggarwal (Bajrang Dass)", "filerRelation": "Executive Chairman", "moneyText": "", "startDate": "2012-05-16", "ownership": "D"}, {"maxAge": 1, "shares": 601390, "filerUrl": "", "transactionText": "", "filerName": "Aggarwal (Bajrang Dass)", "filerRelation": "Executive Chairman", "moneyText": "", "startDate": "2012-04-24", "ownership": "D"}, {"maxAge": 1, "shares": 500000, "filerUrl": "", "transactionText": "", "filerName": "Aggarwal (Bajrang Dass)", "filerRelation": "Executive Chairman", "moneyText": "", "startDate": "2012-04-20", "ownership": "D"}, {"maxAge": 1, "shares": 44761, "filerUrl": "", "transactionText": "", "filerName": "Aggarwal (Bajrang Dass)", "filerRelation": "Executive Chairman", "moneyText": "", "startDate": "2012-04-18", "ownership": "D"}, {"maxAge": 1, "shares": 381600, "filerUrl": "", "transactionText": "", "filerName": "Aggarwal (Bajrang Dass)", "filerRelation": "Executive Chairman", "moneyText": "", "startDate": "2012-04-17", "ownership": "D"}, {"maxAge": 1, "shares": 489000, "filerUrl": "", "transactionText": "", "filerName": "Aggarwal (Bajrang Dass)", "filerRelation": "Executive Chairman", "moneyText": "", "startDate": "2012-04-16", "ownership": "D"}, {"maxAge": 1, "shares": 811093, "filerUrl": "", "transactionText": "", "filerName": "Aggarwal (Bajrang Dass)", "filerRelation": "Executive Chairman", "moneyText": "", "startDate": "2012-04-13", "ownership": "D"}, {"maxAge": 1, "shares": 692854, "filerUrl": "", "transactionText": "", "filerName": "Aggarwal (Bajrang Dass)", "filerRelation": "Executive Chairman", "moneyText": "", "startDate": "2012-04-12", "ownership": "D"}, {"maxAge": 1, "shares": 657044, "filerUrl": "", "transactionText": "", "filerName": "Aggarwal (Bajrang Dass)", "filerRelation": "Executive Chairman", "moneyText": "", "startDate": "2012-04-11", "ownership": "D"}, {"maxAge": 1, "shares": 650000, "filerUrl": "", "transactionText": "", "filerName": "Aggarwal (Bajrang Dass)", "filerRelation": "Executive Chairman", "moneyText": "", "startDate": "2012-04-10", "ownership": "D"}, {"maxAge": 1, "shares": 550000, "filerUrl": "", "transactionText": "", "filerName": "Aggarwal (Bajrang Dass)", "filerRelation": "Executive Chairman", "moneyText": "", "startDate": "2012-03-29", "ownership": "D"}, {"maxAge": 1, "shares": 850000, "filerUrl": "", "transactionText": "", "filerName": "Aggarwal (Bajrang Dass)", "filerRelation": "Executive Chairman", "moneyText": "", "startDate": "2012-03-27", "ownership": "D"}, {"maxAge": 1, "shares": 400000, "filerUrl": "", "transactionText": "", "filerName": "Aggarwal (Bajrang Dass)", "filerRelation": "Executive Chairman", "moneyText": "", "startDate": "2012-03-26", "ownership": "D"}, {"maxAge": 1, "shares": 850000, "filerUrl": "", "transactionText": "", "filerName": "Aggarwal (Bajrang Dass)", "filerRelation": "Executive Chairman", "moneyText": "", "startDate": "2012-03-23", "ownership": "D"}, {"maxAge": 1, "shares": 600000, "filerUrl": "", "transactionText": "", "filerName": "Aggarwal (Bajrang Dass)", "filerRelation": "Executive Chairman", "moneyText": "", "startDate": "2012-03-21", "ownership": "D"}, {"maxAge": 1, "shares": 590181, "filerUrl": "", "transactionText": "", "filerName": "Aggarwal (Bajrang Dass)", "filerRelation": "Executive Chairman", "moneyText": "", "startDate": "2012-03-20", "ownership": "D"}, {"maxAge": 1, "shares": 779462, "filerUrl": "", "transactionText": "", "filerName": "Aggarwal (Bajrang Dass)", "filerRelation": "Executive Chairman", "moneyText": "", "startDate": "2012-03-19", "ownership": "D"}, {"maxAge": 1, "shares": 324947, "filerUrl": "", "transactionText": "", "filerName": "Aggarwal (Bajrang Dass)", "filerRelation": "Executive Chairman", "moneyText": "", "startDate": "2012-03-16", "ownership": "D"}, {"maxAge": 1, "shares": 1245522, "filerUrl": "", "transactionText": "", "filerName": "Aggarwal (Bajrang Dass)", "filerRelation": "Executive Chairman", "moneyText": "", "startDate": "2012-03-14", "ownership": "D"}, {"maxAge": 1, "shares": 5000, "filerUrl": "", "transactionText": "", "filerName": "Shah (Mukesh Kumar)", "filerRelation": "UNREPORTED", "moneyText": "", "startDate": "2012-03-01", "ownership": "D"}, {"maxAge": 1, "shares": 682853, "filerUrl": "", "transactionText": "", "filerName": "Aggarwal (Bajrang Dass)", "filerRelation": "Executive Chairman", "moneyText": "", "startDate": "2011-07-07", "ownership": "D"}, {"maxAge": 1, "shares": 12000, "filerUrl": "", "transactionText": "", "filerName": "Arora (Narendra Mohan)", "filerRelation": "UNREPORTED", "moneyText": "", "startDate": "2009-08-01", "ownership": "D"}, {"maxAge": 1, "shares": 15000, "filerUrl": "", "transactionText": "", "filerName": "Bhagwan (Vishnu)", "filerRelation": "Director", "moneyText": "", "startDate": "2009-08-01", "ownership": "D"}, {"maxAge": 1, "shares": 11500, "filerUrl": "", "transactionText": "", "filerName": "Sharma (Rakesh)", "filerRelation": "Director (Independent)", "moneyText": "", "startDate": "2009-08-01", "ownership": "D"}, {"maxAge": 1, "shares": 52000, "filerUrl": "", "transactionText": "", "filerName": "Goyal (Anoop)", "filerRelation": "Officer", "moneyText": "", "startDate": "2009-08-01", "ownership": "D"}, {"maxAge": 1, "shares": 12000, "filerUrl": "", "transactionText": "", "filerName": "Pareek (Sanjay)", "filerRelation": "UNREPORTED", "moneyText": "", "startDate": "2009-08-01", "ownership": "D"}, {"maxAge": 1, "shares": 12000, "filerUrl": "", "transactionText": "", "filerName": "Goyal (Rupesh)", "filerRelation": "UNREPORTED", "moneyText": "", "startDate": "2009-08-01", "ownership": "D"}, {"maxAge": 1, "shares": 25000, "filerUrl": "", "transactionText": "", "filerName": "Lal (Kishan)", "filerRelation": "Director (Independent)", "moneyText": "", "startDate": "2009-08-01", "ownership": "D"}, {"maxAge": 1, "shares": 52000, "filerUrl": "", "transactionText": "", "filerName": "Gupta (Ravinder Kumar)", "filerRelation": "Secretary", "moneyText": "", "startDate": "2009-08-01", "ownership": "D"}, {"maxAge": 1, "shares": 7500, "filerUrl": "", "transactionText": "", "filerName": "Jindal (Rakesh)", "filerRelation": "Director (Independent)", "moneyText": "", "startDate": "2009-08-01", "ownership": "D"}], "maxAge": 1}, "quoteType": {"exchange": "BSE", "quoteType": "EQUITY", "symbol": "VIKASWSP.BO", "underlyingSymbol": "VIKASWSP.BO", "shortName": "VIKAS WSP LTD.", "longName": "Vikas WSP Limited", "firstTradeDateEpochUtc": "1994-03-08 09:15:00", "timeZoneFullName": "Asia/Kolkata", "timeZoneShortName": "IST", "uuid": "aff5ffe7-9090-3a7a-b726-d59f1e7f0101", "gmtOffSetMilliseconds": 19800000, "maxAge": 1}, "incomeStatementHistory": {"incomeStatementHistory": [{"maxAge": 1, "endDate": "2020-03-31", "totalRevenue": 7576281000, "costOfRevenue": 6742526000, "grossProfit": 833755000, "researchDevelopment": {}, "sellingGeneralAdministrative": 216725000, "nonRecurring": {}, "otherOperatingExpenses": 39821000, "totalOperatingExpenses": 7342617000, "operatingIncome": 233664000, "totalOtherIncomeExpenseNet": -41627000, "ebit": 233664000, "interestExpense": -41627000, "incomeBeforeTax": 192037000, "incomeTaxExpense": -21445000, "minorityInterest": {}, "netIncomeFromContinuingOps": 213482000, "discontinuedOperations": {}, "extraordinaryItems": {}, "effectOfAccountingCharges": {}, "otherItems": {}, "netIncome": 213482000, "netIncomeApplicableToCommonShares": 213482000}, {"maxAge": 1, "endDate": "2019-03-31", "totalRevenue": 7999799000, "costOfRevenue": 6864677000, "grossProfit": 1135122000, "researchDevelopment": {}, "sellingGeneralAdministrative": 350319000, "nonRecurring": {}, "otherOperatingExpenses": 66585000, "totalOperatingExpenses": 7627029000, "operatingIncome": 372770000, "totalOtherIncomeExpenseNet": 90889000, "ebit": 372770000, "interestExpense": -210761000, "incomeBeforeTax": 463659000, "incomeTaxExpense": -5557000, "minorityInterest": {}, "netIncomeFromContinuingOps": 469216000, "discontinuedOperations": {}, "extraordinaryItems": {}, "effectOfAccountingCharges": {}, "otherItems": {}, "netIncome": 469216000, "netIncomeApplicableToCommonShares": 469216000}, {"maxAge": 1, "endDate": "2018-03-31", "totalRevenue": 6962798000, "costOfRevenue": 5602344000, "grossProfit": 1360454000, "researchDevelopment": {}, "sellingGeneralAdministrative": 188330000, "nonRecurring": {}, "otherOperatingExpenses": 109926000, "totalOperatingExpenses": 6247677000, "operatingIncome": 715121000, "totalOtherIncomeExpenseNet": -457770000, "ebit": 715121000, "interestExpense": -464514000, "incomeBeforeTax": 257351000, "incomeTaxExpense": -32219000, "minorityInterest": {}, "netIncomeFromContinuingOps": 289570000, "discontinuedOperations": {}, "extraordinaryItems": {}, "effectOfAccountingCharges": {}, "otherItems": {}, "netIncome": 289570000, "netIncomeApplicableToCommonShares": 289570000}, {"maxAge": 1, "endDate": "2017-03-31", "totalRevenue": 1935904000, "costOfRevenue": 1740975000, "grossProfit": 194929000, "researchDevelopment": {}, "sellingGeneralAdministrative": 169288000, "nonRecurring": {}, "otherOperatingExpenses": 166215000, "totalOperatingExpenses": 2423509000, "operatingIncome": -487605000, "totalOtherIncomeExpenseNet": -461440000, "ebit": -487605000, "interestExpense": -447785000, "incomeBeforeTax": -949045000, "incomeTaxExpense": -109068000, "minorityInterest": {}, "netIncomeFromContinuingOps": -839977000, "discontinuedOperations": {}, "extraordinaryItems": {}, "effectOfAccountingCharges": {}, "otherItems": {}, "netIncome": -839977000, "netIncomeApplicableToCommonShares": -839977000}], "maxAge": 86400}, "fundOwnership": {"ownershipList": [], "maxAge": 1}, "summaryDetail": {"maxAge": 1, "priceHint": 2, "previousClose": 6.64, "open": 6.8, "dayLow": 6.72, "dayHigh": 6.95, "regularMarketPreviousClose": 6.64, "regularMarketOpen": 6.8, "regularMarketDayLow": 6.72, "regularMarketDayHigh": 6.95, "trailingPE": 7.7397265, "volume": 98968, "regularMarketVolume": 98968, "averageVolume": 196170, "averageVolume10days": 166004, "averageDailyVolume10Day": 166004, "bid": 6.76, "ask": 0.0, "bidSize": 0, "askSize": 0, "marketCap": 1386103296, "fiftyTwoWeekLow": 3.63, "fiftyTwoWeekHigh": 9.6, "fiftyDayAverage": 4.74303, "twoHundredDayAverage": 5.021838, "currency": "INR", "fromCurrency": null, "lastMarket": null, "algorithm": null, "tradeable": false}, "sectorTrend": {"maxAge": 1, "symbol": null, "estimates": []}, "incomeStatementHistoryQuarterly": {"incomeStatementHistory": [{"maxAge": 1, "endDate": "2020-06-30", "totalRevenue": 1382863000, "costOfRevenue": 1201888000, "grossProfit": 180975000, "researchDevelopment": {}, "sellingGeneralAdministrative": 56447000, "nonRecurring": {}, "otherOperatingExpenses": 9964000, "totalOperatingExpenses": 1353615000, "operatingIncome": 29248000, "totalOtherIncomeExpenseNet": -7000, "ebit": 29248000, "interestExpense": -7000, "incomeBeforeTax": 29241000, "incomeTaxExpense": 3483000, "minorityInterest": {}, "netIncomeFromContinuingOps": 25758000, "discontinuedOperations": {}, "extraordinaryItems": {}, "effectOfAccountingCharges": {}, "otherItems": {}, "netIncome": 25758000, "netIncomeApplicableToCommonShares": 25758000}, {"maxAge": 1, "endDate": "2020-03-31", "totalRevenue": 1519790000, "costOfRevenue": 1318657000, "grossProfit": 201133000, "researchDevelopment": {}, "sellingGeneralAdministrative": 66083000, "nonRecurring": {}, "otherOperatingExpenses": 14058000, "totalOperatingExpenses": 1484812000, "operatingIncome": 34978000, "totalOtherIncomeExpenseNet": -16461000, "ebit": 34978000, "interestExpense": -16453000, "incomeBeforeTax": 18517000, "incomeTaxExpense": -12836000, "minorityInterest": {}, "netIncomeFromContinuingOps": 31353000, "discontinuedOperations": {}, "extraordinaryItems": {}, "effectOfAccountingCharges": {}, "otherItems": {}, "netIncome": 31353000, "netIncomeApplicableToCommonShares": 31353000}, {"maxAge": 1, "endDate": "2019-12-31", "totalRevenue": 2065291000, "costOfRevenue": 1855174000, "grossProfit": 210117000, "researchDevelopment": {}, "sellingGeneralAdministrative": 48777000, "nonRecurring": {}, "otherOperatingExpenses": 6902000, "totalOperatingExpenses": 1996924000, "operatingIncome": 68367000, "totalOtherIncomeExpenseNet": -6652000, "ebit": 68367000, "interestExpense": -6652000, "incomeBeforeTax": 61715000, "incomeTaxExpense": 710000, "minorityInterest": {}, "netIncomeFromContinuingOps": 61005000, "discontinuedOperations": {}, "extraordinaryItems": {}, "effectOfAccountingCharges": {}, "otherItems": {}, "netIncome": 61005000, "netIncomeApplicableToCommonShares": 61005000}, {"maxAge": 1, "endDate": "2019-09-30", "totalRevenue": 1980664000, "costOfRevenue": 1769699000, "grossProfit": 210965000, "researchDevelopment": {}, "sellingGeneralAdministrative": 51397000, "nonRecurring": {}, "otherOperatingExpenses": 6713000, "totalOperatingExpenses": 1913986000, "operatingIncome": 66678000, "totalOtherIncomeExpenseNet": -9997000, "ebit": 66678000, "interestExpense": -9997000, "incomeBeforeTax": 56681000, "incomeTaxExpense": -2590000, "minorityInterest": {}, "netIncomeFromContinuingOps": 59271000, "discontinuedOperations": {}, "extraordinaryItems": {}, "effectOfAccountingCharges": {}, "otherItems": {}, "netIncome": 59271000, "netIncomeApplicableToCommonShares": 59271000}], "maxAge": 86400}, "cashflowStatementHistoryQuarterly": {"cashflowStatements": [{"maxAge": 1, "endDate": "2020-06-30", "netIncome": 25758000, "changeToLiabilities": 0}, {"maxAge": 1, "endDate": "2020-03-31", "netIncome": 31353000, "changeToLiabilities": 0}, {"maxAge": 1, "endDate": "2019-12-31", "netIncome": 61005000, "changeToLiabilities": 0}, {"maxAge": 1, "endDate": "2019-09-30", "netIncome": 59271000, "changeToLiabilities": 0}], "maxAge": 86400}, "insiderHolders": {"holders": [{"maxAge": 1, "name": "Aggarwal (Bajrang Dass)", "relation": "Executive Chairman", "url": "", "transactionDescription": "Sale", "latestTransDate": "2016-07-20", "positionDirect": 23852332, "positionDirectDate": "2016-07-20"}, {"maxAge": 1, "name": "Arora (Narendra Mohan)", "relation": "UNREPORTED", "url": "", "transactionDescription": "Acquisition", "latestTransDate": "2009-08-01", "positionDirect": 12000, "positionDirectDate": "2009-08-01"}, {"maxAge": 1, "name": "Bhagwan (Vishnu)", "relation": "Director", "url": "", "transactionDescription": "Acquisition", "latestTransDate": "2009-08-01", "positionDirect": 15000, "positionDirectDate": "2009-08-01"}, {"maxAge": 1, "name": "Goyal (Anoop)", "relation": "Officer", "url": "", "transactionDescription": "Acquisition", "latestTransDate": "2009-08-01", "positionDirect": 52000, "positionDirectDate": "2009-08-01"}, {"maxAge": 1, "name": "Goyal (Rupesh)", "relation": "UNREPORTED", "url": "", "transactionDescription": "Acquisition", "latestTransDate": "2009-08-01", "positionDirect": 12000, "positionDirectDate": "2009-08-01"}, {"maxAge": 1, "name": "Jindal (Meghraj)", "relation": "Promoter", "url": "", "transactionDescription": "Sale", "latestTransDate": "2018-05-31", "positionDirect": 0, "positionDirectDate": "2018-05-31"}, {"maxAge": 1, "name": "Lal (Kishan)", "relation": "Director (Independent)", "url": "", "transactionDescription": "Acquisition", "latestTransDate": "2009-08-01", "positionDirect": 25000, "positionDirectDate": "2009-08-01"}, {"maxAge": 1, "name": "Pareek (Sanjay)", "relation": "UNREPORTED", "url": "", "transactionDescription": "Acquisition", "latestTransDate": "2009-08-01", "positionDirect": 12000, "positionDirectDate": "2009-08-01"}, {"maxAge": 1, "name": "Shah (Mukesh Kumar)", "relation": "UNREPORTED", "url": "", "transactionDescription": "Acquisition", "latestTransDate": "2012-03-01", "positionDirect": 3191500, "positionDirectDate": "2012-03-01"}, {"maxAge": 1, "name": "Sharma (Rakesh)", "relation": "Director (Independent)", "url": "", "transactionDescription": "Acquisition", "latestTransDate": "2009-08-01", "positionDirect": 11500, "positionDirectDate": "2009-08-01"}], "maxAge": 1}, "earnings": {"maxAge": 86400, "earningsChart": {"quarterly": [], "earningsDate": []}, "financialsChart": {"yearly": [{"date": 2017, "revenue": 1935904000, "earnings": -839977000}, {"date": 2018, "revenue": 6962798000, "earnings": 289570000}, {"date": 2019, "revenue": 7999799000, "earnings": 469216000}, {"date": 2020, "revenue": 7576281000, "earnings": 213482000}], "quarterly": [{"date": "3Q2019", "revenue": 1980664000, "earnings": 59271000}, {"date": "4Q2019", "revenue": 2065291000, "earnings": 61005000}, {"date": "1Q2020", "revenue": 1519790000, "earnings": 31353000}, {"date": "2Q2020", "revenue": 1382863000, "earnings": 25758000}]}, "financialCurrency": "INR"}, "calendarEvents": {"maxAge": 1, "earnings": {"earningsDate": []}}, "upgradeDowngradeHistory": {"history": [], "maxAge": 86400}, "price": {"maxAge": 1, "regularMarketChangePercent": 0.02108439, "regularMarketChange": 0.14000034, "regularMarketTime": "2021-04-30 15:43:41", "priceHint": 2, "regularMarketPrice": 6.78, "regularMarketDayHigh": 6.95, "regularMarketDayLow": 6.72, "regularMarketVolume": 98968, "averageDailyVolume10Day": 166004, "averageDailyVolume3Month": 196170, "regularMarketPreviousClose": 6.64, "regularMarketSource": "FREE_REALTIME", "regularMarketOpen": 6.8, "exchange": "BSE", "exchangeName": "BSE", "exchangeDataDelayedBy": 0, "marketState": "CLOSED", "quoteType": "EQUITY", "symbol": "VIKASWSP.BO", "underlyingSymbol": null, "shortName": "VIKAS WSP LTD.", "longName": "Vikas WSP Limited", "currency": "INR", "quoteSourceName": "Delayed Quote", "currencySymbol": "\u20b9", "fromCurrency": null, "lastMarket": null, "marketCap": 1386103296}, "balanceSheetHistory": {"balanceSheetStatements": [{"maxAge": 1, "endDate": "2020-03-31", "cash": 10618000, "netReceivables": 6074859000, "inventory": 730317000, "otherCurrentAssets": 785703000, "totalCurrentAssets": 7601497000, "propertyPlantEquipment": 6456236000, "intangibleAssets": 103000, "otherAssets": 2859646000, "totalAssets": 16917482000, "accountsPayable": 772798000, "otherCurrentLiab": 962670000, "otherLiab": 18411000, "totalCurrentLiabilities": 5448368000, "totalLiab": 5466779000, "commonStock": 204440000, "retainedEarnings": 7593669000, "treasuryStock": 10172000, "capitalSurplus": 3642422000, "otherStockholderEquity": 10172000, "totalStockholderEquity": 11450703000, "netTangibleAssets": 11450600000}, {"maxAge": 1, "endDate": "2019-03-31", "cash": 5699000, "netReceivables": 5269623000, "inventory": 1009978000, "otherCurrentAssets": 766055000, "totalCurrentAssets": 7051355000, "propertyPlantEquipment": 6794907000, "intangibleAssets": 272000, "otherAssets": 2859546000, "totalAssets": 16706080000, "accountsPayable": 902288000, "otherCurrentLiab": 706395000, "otherLiab": 62306000, "totalCurrentLiabilities": 5392073000, "totalLiab": 5454379000, "commonStock": 204440000, "retainedEarnings": 7394667000, "treasuryStock": 10172000, "capitalSurplus": 3642422000, "otherStockholderEquity": 10172000, "totalStockholderEquity": 11251701000, "netTangibleAssets": 11251429000}, {"maxAge": 1, "endDate": "2018-03-31", "cash": 3564000, "netReceivables": 4517945000, "inventory": 991067000, "otherCurrentAssets": 1085577000, "totalCurrentAssets": 6598153000, "propertyPlantEquipment": 7250663000, "intangibleAssets": 439000, "otherAssets": 2682095000, "totalAssets": 16531350000, "accountsPayable": 1284640000, "otherCurrentLiab": 571734000, "otherLiab": 176336000, "totalCurrentLiabilities": 5704183000, "totalLiab": 5880519000, "commonStock": 194440000, "retainedEarnings": 6936897000, "treasuryStock": 10172000, "capitalSurplus": 3509322000, "otherStockholderEquity": 10172000, "totalStockholderEquity": 10650831000, "netTangibleAssets": 10650392000}, {"maxAge": 1, "endDate": "2017-03-31", "cash": 3800000, "netReceivables": 3099201000, "inventory": 846355000, "otherCurrentAssets": 766625000, "totalCurrentAssets": 4715981000, "propertyPlantEquipment": 7591670000, "intangibleAssets": 607000, "otherAssets": 2625557000, "totalAssets": 14933815000, "accountsPayable": 1170363000, "otherCurrentLiab": 170470000, "otherLiab": 307987000, "totalCurrentLiabilities": 4834574000, "totalLiab": 5142561000, "commonStock": 137440000, "retainedEarnings": 6647320000, "treasuryStock": 10172000, "capitalSurplus": 2996322000, "otherStockholderEquity": 10172000, "totalStockholderEquity": 9791254000, "netTangibleAssets": 9790647000}], "maxAge": 86400}, "earningsTrend": {"trend": [{"maxAge": 1, "period": "0q", "endDate": null, "growth": {}, "earningsEstimate": {"avg": 0.0, "low": 0.0, "high": 0.0, "yearAgoEps": {}, "numberOfAnalysts": 0, "growth": {}}, "revenueEstimate": {"avg": 0, "low": 0, "high": 0, "numberOfAnalysts": 0, "yearAgoRevenue": {}, "growth": {}}, "epsTrend": {"current": 0.0, "7daysAgo": 0.0, "30daysAgo": 0.0, "60daysAgo": 0.0, "90daysAgo": 0.0}, "epsRevisions": {"upLast7days": 0, "upLast30days": 0, "downLast30days": 0, "downLast90days": {}}}, {"maxAge": 1, "period": "+1q", "endDate": null, "growth": {}, "earningsEstimate": {"avg": 0.0, "low": 0.0, "high": 0.0, "yearAgoEps": {}, "numberOfAnalysts": 0, "growth": {}}, "revenueEstimate": {"avg": 0, "low": 0, "high": 0, "numberOfAnalysts": 0, "yearAgoRevenue": {}, "growth": {}}, "epsTrend": {"current": 0.0, "7daysAgo": 0.0, "30daysAgo": 0.0, "60daysAgo": 0.0, "90daysAgo": 0.0}, "epsRevisions": {"upLast7days": 0, "upLast30days": 0, "downLast30days": 0, "downLast90days": {}}}, {"maxAge": 1, "period": "0y", "endDate": null, "growth": {}, "earningsEstimate": {"avg": 0.0, "low": 0.0, "high": 0.0, "yearAgoEps": {}, "numberOfAnalysts": 0, "growth": {}}, "revenueEstimate": {"avg": 0, "low": 0, "high": 0, "numberOfAnalysts": 0, "yearAgoRevenue": {}, "growth": {}}, "epsTrend": {"current": 0.0, "7daysAgo": 0.0, "30daysAgo": 0.0, "60daysAgo": 0.0, "90daysAgo": 0.0}, "epsRevisions": {"upLast7days": 0, "upLast30days": 0, "downLast30days": 0, "downLast90days": {}}}, {"maxAge": 1, "period": "+1y", "endDate": null, "growth": {}, "earningsEstimate": {"avg": 0.0, "low": 0.0, "high": 0.0, "yearAgoEps": {}, "numberOfAnalysts": 0, "growth": {}}, "revenueEstimate": {"avg": 0, "low": 0, "high": 0, "numberOfAnalysts": 0, "yearAgoRevenue": {}, "growth": {}}, "epsTrend": {"current": 0.0, "7daysAgo": 0.0, "30daysAgo": 0.0, "60daysAgo": 0.0, "90daysAgo": 0.0}, "epsRevisions": {"upLast7days": 0, "upLast30days": 0, "downLast30days": 0, "downLast90days": {}}}, {"maxAge": 1, "period": "+5y", "endDate": null, "growth": {}, "earningsEstimate": {"avg": {}, "low": {}, "high": {}, "yearAgoEps": {}, "numberOfAnalysts": {}, "growth": {}}, "revenueEstimate": {"avg": {}, "low": {}, "high": {}, "numberOfAnalysts": {}, "yearAgoRevenue": {}, "growth": {}}, "epsTrend": {"current": {}, "7daysAgo": {}, "30daysAgo": {}, "60daysAgo": {}, "90daysAgo": {}}, "epsRevisions": {"upLast7days": {}, "upLast30days": {}, "downLast30days": {}, "downLast90days": {}}}, {"maxAge": 1, "period": "-5y", "endDate": null, "growth": {}, "earningsEstimate": {"avg": {}, "low": {}, "high": {}, "yearAgoEps": {}, "numberOfAnalysts": {}, "growth": {}}, "revenueEstimate": {"avg": {}, "low": {}, "high": {}, "numberOfAnalysts": {}, "yearAgoRevenue": {}, "growth": {}}, "epsTrend": {"current": {}, "7daysAgo": {}, "30daysAgo": {}, "60daysAgo": {}, "90daysAgo": {}}, "epsRevisions": {"upLast7days": {}, "upLast30days": {}, "downLast30days": {}, "downLast90days": {}}}], "maxAge": 1}, "financialData": {"maxAge": 86400, "currentPrice": 6.78, "targetHighPrice": 37.0, "targetLowPrice": 37.0, "targetMeanPrice": 37.0, "targetMedianPrice": 37.0, "recommendationKey": "none", "numberOfAnalystOpinions": 1, "grossProfits": 833755000, "financialCurrency": "INR"}}}