{"VIKRAMTH.BO": {"recommendationTrend": {"trend": [{"period": "0m", "strongBuy": 0, "buy": 0, "hold": 0, "sell": 0, "strongSell": 0}, {"period": "-1m", "strongBuy": 0, "buy": 0, "hold": 0, "sell": 0, "strongSell": 0}, {"period": "-2m", "strongBuy": 0, "buy": 0, "hold": 0, "sell": 0, "strongSell": 0}, {"period": "-3m", "strongBuy": 0, "buy": 0, "hold": 0, "sell": 0, "strongSell": 0}], "maxAge": 86400}, "cashflowStatementHistory": {"cashflowStatements": [{"maxAge": 1, "endDate": "2020-03-31", "netIncome": 72373414, "depreciation": 19645657, "changeToNetincome": 10964649, "changeToAccountReceivables": 16401207, "changeToLiabilities": 31515539, "changeToInventory": -22312263, "changeToOperatingActivities": 1668375, "totalCashFromOperatingActivities": 130412832, "capitalExpenditures": -86634132, "investments": -11400000, "otherCashflowsFromInvestingActivities": 1120618, "totalCashflowsFromInvestingActivities": -96679528, "dividendsPaid": -8373855, "netBorrowings": -81455322, "otherCashflowsFromFinancingActivities": -9849398, "totalCashFromFinancingActivities": -44558575, "changeInCash": -10825271, "issuanceOfStock": 55120000}, {"maxAge": 1, "endDate": "2019-03-31", "netIncome": 44287948, "depreciation": 18180237, "changeToNetincome": 13358968, "changeToAccountReceivables": -30563173, "changeToLiabilities": -9668730, "changeToInventory": -1121865, "changeToOperatingActivities": 3303116, "totalCashFromOperatingActivities": 37806555, "capitalExpenditures": -19571608, "investments": -11400000, "otherCashflowsFromInvestingActivities": 135943, "totalCashflowsFromInvestingActivities": -18251843, "dividendsPaid": -2791285, "netBorrowings": 20383268, "otherCashflowsFromFinancingActivities": -11884370, "totalCashFromFinancingActivities": 5707613, "changeInCash": 25262326, "issuanceOfStock": 55120000}, {"maxAge": 1, "endDate": "2018-03-31", "netIncome": 23439783, "depreciation": 15469409, "changeToNetincome": 5717734, "changeToAccountReceivables": -47766166, "changeToLiabilities": -6477508, "changeToInventory": 13076215, "changeToOperatingActivities": 29493998, "totalCashFromOperatingActivities": 32996330, "capitalExpenditures": -77212535, "investments": -11400000, "otherCashflowsFromInvestingActivities": 1205359, "totalCashflowsFromInvestingActivities": -75352026, "dividendsPaid": -9211241, "netBorrowings": 60015700, "otherCashflowsFromFinancingActivities": -8659469, "totalCashFromFinancingActivities": 42144990, "changeInCash": -210706, "issuanceOfStock": 55120000}, {"maxAge": 1, "endDate": "2017-03-31", "netIncome": 47080589, "depreciation": 13415026, "changeToNetincome": 4917878, "changeToAccountReceivables": 1380936, "changeToLiabilities": 26821139, "changeToInventory": -26219083, "changeToOperatingActivities": -10215116, "totalCashFromOperatingActivities": 57231310, "capitalExpenditures": -108688536, "investments": 4828577, "otherCashflowsFromInvestingActivities": 1419349, "totalCashflowsFromInvestingActivities": -101382119, "dividendsPaid": -8373855, "netBorrowings": 53296963, "otherCashflowsFromFinancingActivities": -2444940, "totalCashFromFinancingActivities": 42478168, "changeInCash": -1672641, "issuanceOfStock": 55120000}], "maxAge": 86400}, "institutionOwnership": {"maxAge": 1, "ownershipList": []}, "balanceSheetHistoryQuarterly": {"balanceSheetStatements": [{"maxAge": 1, "endDate": "2020-06-30", "totalStockholderEquity": 545454000, "netTangibleAssets": 544725000}, {"maxAge": 1, "endDate": "2020-03-31", "cash": 14895510, "netReceivables": 201522039, "inventory": 73891223, "otherCurrentAssets": 10834436, "totalCurrentAssets": 317650942, "propertyPlantEquipment": 402385718, "intangibleAssets": 729202, "otherAssets": 11589970, "totalAssets": 732355832, "accountsPayable": 81541983, "shortLongTermDebt": 24345543, "otherCurrentLiab": 18544181, "longTermDebt": 33710210, "otherLiab": 20699926, "totalCurrentLiabilities": 132491901, "totalLiab": 186902037, "commonStock": 62715700, "retainedEarnings": 434508095, "capitalSurplus": 48230000, "totalStockholderEquity": 545453795, "netTangibleAssets": 544724593}, {"maxAge": 1, "endDate": "2019-12-31", "totalStockholderEquity": 519877000, "netTangibleAssets": 519752000}, {"maxAge": 1, "endDate": "2019-09-30", "cash": 33511000, "shortTermInvestments": 39896000, "netReceivables": 206488000, "inventory": 34785000, "otherCurrentAssets": 44338000, "totalCurrentAssets": 359018000, "propertyPlantEquipment": 346196000, "intangibleAssets": 125000, "otherAssets": 14810000, "totalAssets": 720149000, "accountsPayable": 48484000, "otherCurrentLiab": 53654000, "longTermDebt": 46113000, "otherLiab": 21673000, "totalCurrentLiabilities": 132486000, "totalLiab": 200272000, "commonStock": 62716000, "retainedEarnings": 457162000, "treasuryStock": -1000, "otherStockholderEquity": -1000, "totalStockholderEquity": 519877000, "netTangibleAssets": 519752000}], "maxAge": 86400}, "earningsHistory": {"history": [{"maxAge": 1, "epsActual": {}, "epsEstimate": {}, "epsDifference": {}, "surprisePercent": {}, "quarter": {}, "period": "-4q"}, {"maxAge": 1, "epsActual": {}, "epsEstimate": {}, "epsDifference": {}, "surprisePercent": {}, "quarter": {}, "period": "-3q"}, {"maxAge": 1, "epsActual": {}, "epsEstimate": {}, "epsDifference": {}, "surprisePercent": {}, "quarter": {}, "period": "-2q"}, {"maxAge": 1, "epsActual": {}, "epsEstimate": {}, "epsDifference": {}, "surprisePercent": {}, "quarter": {}, "period": "-1q"}], "maxAge": 86400}, "indexTrend": {"maxAge": 1, "symbol": "SP5", "peRatio": 19.7411, "pegRatio": 1.34172, "estimates": [{"period": "0q", "growth": 0.549}, {"period": "+1q", "growth": 0.431}, {"period": "0y", "growth": 0.305}, {"period": "+1y", "growth": 0.109}, {"period": "+5y", "growth": 0.120859005}, {"period": "-5y"}]}, "industryTrend": {"maxAge": 1, "symbol": null, "estimates": []}, "insiderTransactions": {"transactions": [{"maxAge": 1, "shares": 81500, "filerUrl": "", "transactionText": "", "filerName": "Patel (Alpesh Ambalal)", "filerRelation": "Promoter", "moneyText": "", "startDate": "2019-06-27", "ownership": "D"}, {"maxAge": 1, "shares": 82600, "filerUrl": "", "transactionText": "", "filerName": "Patel (Ankur Dhirajbhai)", "filerRelation": "Managing Director", "moneyText": "", "startDate": "2019-06-27", "ownership": "D"}, {"maxAge": 1, "shares": 65000, "filerUrl": "", "transactionText": "", "filerName": "Patel (Chimanbhai Khodidas)", "filerRelation": "Executive Chairman", "moneyText": "", "startDate": "2019-06-27", "ownership": "D"}, {"maxAge": 1, "shares": 156000, "filerUrl": "", "transactionText": "", "filerName": "Patel (Dinesh Harjivanbhai)", "filerRelation": "Promoter", "moneyText": "", "startDate": "2019-06-27", "ownership": "D"}, {"maxAge": 1, "shares": 40500, "filerUrl": "", "transactionText": "", "filerName": "Patel (Mahendrabhai G)", "filerRelation": "Promoter", "moneyText": "", "startDate": "2019-06-27", "ownership": "D"}, {"maxAge": 1, "shares": 115500, "filerUrl": "", "transactionText": "", "filerName": "Patel (Rekhaben Mahendrabhai)", "filerRelation": "Promoter", "moneyText": "", "startDate": "2019-06-27", "ownership": "D"}, {"maxAge": 1, "shares": 74500, "filerUrl": "", "transactionText": "", "filerName": "Patel (Shailesh Ambalal)", "filerRelation": "Promoter", "moneyText": "", "startDate": "2019-06-27", "ownership": "D"}, {"maxAge": 1, "shares": 73400, "filerUrl": "", "transactionText": "", "filerName": "Patel (Vikalp Dhirajlala)", "filerRelation": "Promoter", "moneyText": "", "startDate": "2019-06-27", "ownership": "D"}], "maxAge": 1}, "quoteType": {"exchange": "BSE", "quoteType": "EQUITY", "symbol": "VIKRAMTH.BO", "underlyingSymbol": "VIKRAMTH.BO", "shortName": "VIKRAM THERMO (INDIA) LTD.", "longName": "Vikram Thermo (India) Limited", "firstTradeDateEpochUtc": "2004-05-12 09:15:00", "timeZoneFullName": "Asia/Kolkata", "timeZoneShortName": "IST", "uuid": "27a475eb-929d-3458-b88d-bb019f509c3b", "messageBoardId": null, "gmtOffSetMilliseconds": 19800000, "maxAge": 1}, "incomeStatementHistory": {"incomeStatementHistory": [{"maxAge": 1, "endDate": "2020-03-31", "totalRevenue": 558505587, "costOfRevenue": 287885112, "grossProfit": 270620475, "researchDevelopment": {}, "sellingGeneralAdministrative": 59366742, "nonRecurring": {}, "otherOperatingExpenses": 92564716, "totalOperatingExpenses": 459618481, "operatingIncome": 98887106, "totalOtherIncomeExpenseNet": -4427149, "ebit": 98887106, "interestExpense": -6979556, "incomeBeforeTax": 94459957, "incomeTaxExpense": 22086543, "minorityInterest": {}, "netIncomeFromContinuingOps": 72373414, "discontinuedOperations": {}, "extraordinaryItems": {}, "effectOfAccountingCharges": {}, "otherItems": {}, "netIncome": 72373414, "netIncomeApplicableToCommonShares": 72373414}, {"maxAge": 1, "endDate": "2019-03-31", "totalRevenue": 582394828, "costOfRevenue": 358957969, "grossProfit": 223436859, "researchDevelopment": {}, "sellingGeneralAdministrative": 58060377, "nonRecurring": {}, "otherOperatingExpenses": 75825850, "totalOperatingExpenses": 511054487, "operatingIncome": 71340341, "totalOtherIncomeExpenseNet": -9715618, "ebit": 71340341, "interestExpense": -10161042, "incomeBeforeTax": 61624723, "incomeTaxExpense": 17336775, "minorityInterest": {}, "netIncomeFromContinuingOps": 44287948, "discontinuedOperations": {}, "extraordinaryItems": {}, "effectOfAccountingCharges": {}, "otherItems": {}, "netIncome": 44287948, "netIncomeApplicableToCommonShares": 44287948}, {"maxAge": 1, "endDate": "2018-03-31", "totalRevenue": 486062006, "costOfRevenue": 311994114, "grossProfit": 174067892, "researchDevelopment": {}, "sellingGeneralAdministrative": 59223607, "nonRecurring": {}, "otherOperatingExpenses": 63672108, "totalOperatingExpenses": 450402103, "operatingIncome": 35659903, "totalOtherIncomeExpenseNet": -4502382, "ebit": 35659903, "interestExpense": -6148924, "incomeBeforeTax": 31157521, "incomeTaxExpense": 7717738, "minorityInterest": {}, "netIncomeFromContinuingOps": 23439783, "discontinuedOperations": {}, "extraordinaryItems": {}, "effectOfAccountingCharges": {}, "otherItems": {}, "netIncome": 23439783, "netIncomeApplicableToCommonShares": 23439783}, {"maxAge": 1, "endDate": "2017-03-31", "totalRevenue": 452519588, "costOfRevenue": 242410893, "grossProfit": 210108695, "researchDevelopment": {}, "sellingGeneralAdministrative": 51790568, "nonRecurring": {}, "otherOperatingExpenses": 73775591, "totalOperatingExpenses": 381442019, "operatingIncome": 71077569, "totalOtherIncomeExpenseNet": 1451125, "ebit": 71077569, "interestExpense": -708010, "incomeBeforeTax": 72528694, "incomeTaxExpense": 25448105, "minorityInterest": {}, "netIncomeFromContinuingOps": 47080589, "discontinuedOperations": {}, "extraordinaryItems": {}, "effectOfAccountingCharges": {}, "otherItems": {}, "netIncome": 47080589, "netIncomeApplicableToCommonShares": 47080589}], "maxAge": 86400}, "fundOwnership": {"maxAge": 1, "ownershipList": []}, "summaryDetail": {"maxAge": 1, "priceHint": 2, "previousClose": 195.25, "open": 195.0, "dayLow": 192.0, "dayHigh": 199.0, "regularMarketPreviousClose": 195.25, "regularMarketOpen": 195.0, "regularMarketDayLow": 192.0, "regularMarketDayHigh": 199.0, "trailingPE": 11.613311, "volume": 10443, "regularMarketVolume": 10443, "averageVolume": 8526, "averageVolume10days": 4375, "averageDailyVolume10Day": 4375, "bid": 192.3, "ask": 193.35, "bidSize": 0, "askSize": 0, "marketCap": 1212608128, "fiftyTwoWeekLow": 62.5, "fiftyTwoWeekHigh": 223.0, "fiftyDayAverage": 177.48857, "twoHundredDayAverage": 174.74709, "trailingAnnualDividendRate": 1.5, "trailingAnnualDividendYield": 0.0076824585, "currency": "INR", "fromCurrency": null, "toCurrency": null, "lastMarket": null, "algorithm": null, "tradeable": false}, "sectorTrend": {"maxAge": 1, "symbol": null, "estimates": []}, "incomeStatementHistoryQuarterly": {"incomeStatementHistory": [{"maxAge": 1, "endDate": "2020-06-30", "totalRevenue": 210417000, "costOfRevenue": 94203000, "grossProfit": 116214000, "researchDevelopment": {}, "sellingGeneralAdministrative": 15842000, "nonRecurring": {}, "otherOperatingExpenses": 28437000, "totalOperatingExpenses": 143508000, "operatingIncome": 66909000, "totalOtherIncomeExpenseNet": 177000, "ebit": 66909000, "interestExpense": -1527000, "incomeBeforeTax": 67086000, "incomeTaxExpense": 17008000, "minorityInterest": {}, "netIncomeFromContinuingOps": 50078000, "discontinuedOperations": {}, "extraordinaryItems": {}, "effectOfAccountingCharges": {}, "otherItems": {}, "netIncome": 50078000, "netIncomeApplicableToCommonShares": 50078000}, {"maxAge": 1, "endDate": "2020-03-31", "totalRevenue": 134070587, "costOfRevenue": 76445112, "grossProfit": 57625475, "researchDevelopment": {}, "sellingGeneralAdministrative": 14028742, "nonRecurring": {}, "otherOperatingExpenses": 19936716, "totalOperatingExpenses": 115383481, "operatingIncome": 18687106, "totalOtherIncomeExpenseNet": -99149, "ebit": 18687106, "interestExpense": -635556, "incomeBeforeTax": 18587957, "incomeTaxExpense": 4703543, "minorityInterest": {}, "netIncomeFromContinuingOps": 13884414, "discontinuedOperations": {}, "extraordinaryItems": {}, "effectOfAccountingCharges": {}, "otherItems": {}, "netIncome": 13884414, "netIncomeApplicableToCommonShares": 13884414}, {"maxAge": 1, "endDate": "2019-12-31", "totalRevenue": 126419000, "costOfRevenue": 61625000, "grossProfit": 64794000, "researchDevelopment": {}, "sellingGeneralAdministrative": 15730000, "nonRecurring": {}, "otherOperatingExpenses": 25154000, "totalOperatingExpenses": 107531000, "operatingIncome": 18888000, "totalOtherIncomeExpenseNet": -1362000, "ebit": 18888000, "interestExpense": -1843000, "incomeBeforeTax": 17526000, "incomeTaxExpense": 4382000, "minorityInterest": {}, "netIncomeFromContinuingOps": 13144000, "discontinuedOperations": {}, "extraordinaryItems": {}, "effectOfAccountingCharges": {}, "otherItems": {}, "netIncome": 13144000, "netIncomeApplicableToCommonShares": 13144000}, {"maxAge": 1, "endDate": "2019-09-30", "totalRevenue": 157202000, "costOfRevenue": 74221000, "grossProfit": 82981000, "researchDevelopment": {}, "sellingGeneralAdministrative": 15312000, "nonRecurring": {}, "otherOperatingExpenses": 29523000, "totalOperatingExpenses": 123982000, "operatingIncome": 33220000, "totalOtherIncomeExpenseNet": 187000, "ebit": 33220000, "interestExpense": -1902000, "incomeBeforeTax": 33407000, "incomeTaxExpense": 6092000, "minorityInterest": {}, "netIncomeFromContinuingOps": 27315000, "discontinuedOperations": {}, "extraordinaryItems": {}, "effectOfAccountingCharges": {}, "otherItems": {}, "netIncome": 27315000, "netIncomeApplicableToCommonShares": 27315000}], "maxAge": 86400}, "cashflowStatementHistoryQuarterly": {"cashflowStatements": [{"maxAge": 1, "endDate": "2020-06-30", "netIncome": 50078000, "changeToLiabilities": 0}, {"maxAge": 1, "endDate": "2020-03-31", "netIncome": 13884414, "changeToLiabilities": 0}, {"maxAge": 1, "endDate": "2019-12-31", "netIncome": 13144000, "changeToLiabilities": 0}, {"maxAge": 1, "endDate": "2019-09-30", "netIncome": 27315000, "changeToLiabilities": 0}], "maxAge": 86400}, "insiderHolders": {"holders": [{"maxAge": 1, "name": "Patel (Alpesh Ambalal)", "relation": "Promoter", "url": "", "transactionDescription": "Other", "latestTransDate": "2019-06-27", "positionDirect": 185500, "positionDirectDate": "2019-06-27"}, {"maxAge": 1, "name": "Patel (Ankur Dhirajbhai)", "relation": "Managing Director", "url": "", "transactionDescription": "Other", "latestTransDate": "2019-06-27", "positionDirect": 200503, "positionDirectDate": "2019-06-27"}, {"maxAge": 1, "name": "Patel (Chimanbhai Khodidas)", "relation": "Executive Chairman", "url": "", "transactionDescription": "Other", "latestTransDate": "2019-06-27", "positionDirect": 150400, "positionDirectDate": "2019-06-27"}, {"maxAge": 1, "name": "Patel (Dinesh Harjivanbhai)", "relation": "Promoter", "url": "", "transactionDescription": "Other", "latestTransDate": "2019-06-27", "positionDirect": 229109, "positionDirectDate": "2019-06-27"}, {"maxAge": 1, "name": "Patel (Mahendrabhai G)", "relation": "Promoter", "url": "", "transactionDescription": "Other", "latestTransDate": "2019-06-27", "positionDirect": 278962, "positionDirectDate": "2019-06-27"}, {"maxAge": 1, "name": "Patel (Rekhaben Mahendrabhai)", "relation": "Promoter", "url": "", "transactionDescription": "Other", "latestTransDate": "2019-06-27", "positionDirect": 177674, "positionDirectDate": "2019-06-27"}, {"maxAge": 1, "name": "Patel (Shailesh Ambalal)", "relation": "Promoter", "url": "", "transactionDescription": "Other", "latestTransDate": "2019-06-27", "positionDirect": 185505, "positionDirectDate": "2019-06-27"}, {"maxAge": 1, "name": "Patel (Vikalp Dhirajlala)", "relation": "Promoter", "url": "", "transactionDescription": "Other", "latestTransDate": "2019-06-27", "positionDirect": 200515, "positionDirectDate": "2019-06-27"}], "maxAge": 1}, "earnings": {"maxAge": 86400, "earningsChart": {"quarterly": [], "earningsDate": []}, "financialsChart": {"yearly": [{"date": 2017, "revenue": 452519588, "earnings": 47080589}, {"date": 2018, "revenue": 486062006, "earnings": 23439783}, {"date": 2019, "revenue": 582394828, "earnings": 44287948}, {"date": 2020, "revenue": 558505587, "earnings": 72373414}], "quarterly": [{"date": "3Q2019", "revenue": 157202000, "earnings": 27315000}, {"date": "4Q2019", "revenue": 126419000, "earnings": 13144000}, {"date": "1Q2020", "revenue": 134070587, "earnings": 13884414}, {"date": "2Q2020", "revenue": 210417000, "earnings": 50078000}]}, "financialCurrency": "INR"}, "calendarEvents": {"maxAge": 1, "earnings": {"earningsDate": []}}, "price": {"maxAge": 1, "regularMarketChangePercent": -0.009731082, "regularMarketChange": -1.8999939, "regularMarketTime": "2021-04-30 15:29:34", "priceHint": 2, "regularMarketPrice": 193.35, "regularMarketDayHigh": 199.0, "regularMarketDayLow": 192.0, "regularMarketVolume": 10443, "averageDailyVolume10Day": 4375, "averageDailyVolume3Month": 8526, "regularMarketPreviousClose": 195.25, "regularMarketSource": "FREE_REALTIME", "regularMarketOpen": 195.0, "exchange": "BSE", "exchangeName": "BSE", "exchangeDataDelayedBy": 0, "marketState": "CLOSED", "quoteType": "EQUITY", "symbol": "VIKRAMTH.BO", "underlyingSymbol": null, "shortName": "VIKRAM THERMO (INDIA) LTD.", "longName": "Vikram Thermo (India) Limited", "currency": "INR", "quoteSourceName": "Delayed Quote", "currencySymbol": "\u20b9", "fromCurrency": null, "toCurrency": null, "lastMarket": null, "marketCap": 1212608128}, "balanceSheetHistory": {"balanceSheetStatements": [{"maxAge": 1, "endDate": "2020-03-31", "cash": 14895510, "netReceivables": 201522039, "inventory": 73891223, "otherCurrentAssets": 10834436, "totalCurrentAssets": 317650942, "propertyPlantEquipment": 402385718, "intangibleAssets": 729202, "otherAssets": 11589970, "totalAssets": 732355832, "accountsPayable": 81541983, "shortLongTermDebt": 24345543, "otherCurrentLiab": 18544181, "longTermDebt": 33710210, "otherLiab": 20699926, "totalCurrentLiabilities": 132491901, "totalLiab": 186902037, "commonStock": 62715700, "retainedEarnings": 434508095, "capitalSurplus": 48230000, "totalStockholderEquity": 545453795, "netTangibleAssets": 544724593}, {"maxAge": 1, "endDate": "2019-03-31", "cash": 25720781, "netReceivables": 226375780, "inventory": 51578960, "otherCurrentAssets": 4652281, "totalCurrentAssets": 310378413, "longTermInvestments": 3501000, "propertyPlantEquipment": 336522869, "intangibleAssets": 159456, "otherAssets": 10405687, "totalAssets": 657466425, "accountsPayable": 50026444, "shortLongTermDebt": 22217699, "otherCurrentLiab": 5179855, "longTermDebt": 58017365, "otherLiab": 22441656, "totalCurrentLiabilities": 148056120, "totalLiab": 228515141, "commonStock": 55825700, "retainedEarnings": 373125584, "treasuryStock": -1000, "otherStockholderEquity": -1000, "totalStockholderEquity": 428951284, "netTangibleAssets": 428791828}, {"maxAge": 1, "endDate": "2018-03-31", "cash": 458455, "netReceivables": 188167196, "inventory": 50457095, "otherCurrentAssets": 7820603, "totalCurrentAssets": 251769703, "longTermInvestments": 173708, "propertyPlantEquipment": 339296397, "intangibleAssets": 22623, "otherAssets": 6558953, "totalAssets": 597821384, "accountsPayable": 59695174, "shortLongTermDebt": 15400542, "otherCurrentLiab": 5571086, "longTermDebt": 51795506, "otherLiab": 19444180, "totalCurrentLiabilities": 139625544, "totalLiab": 210865230, "commonStock": 55825700, "retainedEarnings": 331130454, "totalStockholderEquity": 386956154, "netTangibleAssets": 386933531}, {"maxAge": 1, "endDate": "2017-03-31", "cash": 669161, "netReceivables": 144040777, "inventory": 63533310, "otherCurrentAssets": 36452431, "totalCurrentAssets": 248432560, "longTermInvestments": 160651, "propertyPlantEquipment": 282090139, "intangibleAssets": 65488, "otherAssets": 1613813, "totalAssets": 532362651, "accountsPayable": 66172682, "shortLongTermDebt": 9506567, "otherCurrentLiab": 9539444, "longTermDebt": 43823872, "otherLiab": 17238298, "totalCurrentLiabilities": 97860939, "totalLiab": 158923109, "commonStock": 55825700, "retainedEarnings": 317613842, "totalStockholderEquity": 373439542, "netTangibleAssets": 373374054}], "maxAge": 86400}, "earningsTrend": {"trend": [{"maxAge": 1, "period": "0q", "endDate": null, "growth": {}, "earningsEstimate": {"avg": 0.0, "low": 0.0, "high": 0.0, "yearAgoEps": {}, "numberOfAnalysts": 0, "growth": {}}, "revenueEstimate": {"avg": 0, "low": 0, "high": 0, "numberOfAnalysts": 0, "yearAgoRevenue": {}, "growth": {}}, "epsTrend": {"current": 0.0, "7daysAgo": 0.0, "30daysAgo": 0.0, "60daysAgo": 0.0, "90daysAgo": 0.0}, "epsRevisions": {"upLast7days": 0, "upLast30days": 0, "downLast30days": 0, "downLast90days": {}}}, {"maxAge": 1, "period": "+1q", "endDate": null, "growth": {}, "earningsEstimate": {"avg": 0.0, "low": 0.0, "high": 0.0, "yearAgoEps": {}, "numberOfAnalysts": 0, "growth": {}}, "revenueEstimate": {"avg": 0, "low": 0, "high": 0, "numberOfAnalysts": 0, "yearAgoRevenue": {}, "growth": {}}, "epsTrend": {"current": 0.0, "7daysAgo": 0.0, "30daysAgo": 0.0, "60daysAgo": 0.0, "90daysAgo": 0.0}, "epsRevisions": {"upLast7days": 0, "upLast30days": 0, "downLast30days": 0, "downLast90days": {}}}, {"maxAge": 1, "period": "0y", "endDate": null, "growth": {}, "earningsEstimate": {"avg": 0.0, "low": 0.0, "high": 0.0, "yearAgoEps": {}, "numberOfAnalysts": 0, "growth": {}}, "revenueEstimate": {"avg": 0, "low": 0, "high": 0, "numberOfAnalysts": 0, "yearAgoRevenue": {}, "growth": {}}, "epsTrend": {"current": 0.0, "7daysAgo": 0.0, "30daysAgo": 0.0, "60daysAgo": 0.0, "90daysAgo": 0.0}, "epsRevisions": {"upLast7days": 0, "upLast30days": 0, "downLast30days": 0, "downLast90days": {}}}, {"maxAge": 1, "period": "+1y", "endDate": null, "growth": {}, "earningsEstimate": {"avg": 0.0, "low": 0.0, "high": 0.0, "yearAgoEps": {}, "numberOfAnalysts": 0, "growth": {}}, "revenueEstimate": {"avg": 0, "low": 0, "high": 0, "numberOfAnalysts": 0, "yearAgoRevenue": {}, "growth": {}}, "epsTrend": {"current": 0.0, "7daysAgo": 0.0, "30daysAgo": 0.0, "60daysAgo": 0.0, "90daysAgo": 0.0}, "epsRevisions": {"upLast7days": 0, "upLast30days": 0, "downLast30days": 0, "downLast90days": {}}}, {"maxAge": 1, "period": "+5y", "endDate": null, "growth": {}, "earningsEstimate": {"avg": {}, "low": {}, "high": {}, "yearAgoEps": {}, "numberOfAnalysts": {}, "growth": {}}, "revenueEstimate": {"avg": {}, "low": {}, "high": {}, "numberOfAnalysts": {}, "yearAgoRevenue": {}, "growth": {}}, "epsTrend": {"current": {}, "7daysAgo": {}, "30daysAgo": {}, "60daysAgo": {}, "90daysAgo": {}}, "epsRevisions": {"upLast7days": {}, "upLast30days": {}, "downLast30days": {}, "downLast90days": {}}}, {"maxAge": 1, "period": "-5y", "endDate": null, "growth": {}, "earningsEstimate": {"avg": {}, "low": {}, "high": {}, "yearAgoEps": {}, "numberOfAnalysts": {}, "growth": {}}, "revenueEstimate": {"avg": {}, "low": {}, "high": {}, "numberOfAnalysts": {}, "yearAgoRevenue": {}, "growth": {}}, "epsTrend": {"current": {}, "7daysAgo": {}, "30daysAgo": {}, "60daysAgo": {}, "90daysAgo": {}}, "epsRevisions": {"upLast7days": {}, "upLast30days": {}, "downLast30days": {}, "downLast90days": {}}}], "maxAge": 1}, "financialData": {"maxAge": 86400, "currentPrice": 193.35, "targetHighPrice": 65.0, "targetLowPrice": 65.0, "targetMeanPrice": 65.0, "targetMedianPrice": 65.0, "recommendationKey": "none", "numberOfAnalystOpinions": 1, "grossProfits": 270620475, "financialCurrency": "INR"}}}