{"VIMTALABS.BO": {"recommendationTrend": {"trend": [{"period": "0m", "strongBuy": 0, "buy": 0, "hold": 0, "sell": 0, "strongSell": 0}, {"period": "-1m", "strongBuy": 0, "buy": 0, "hold": 0, "sell": 0, "strongSell": 0}, {"period": "-2m", "strongBuy": 0, "buy": 0, "hold": 0, "sell": 0, "strongSell": 0}, {"period": "-3m", "strongBuy": 0, "buy": 0, "hold": 0, "sell": 0, "strongSell": 0}], "maxAge": 86400}, "cashflowStatementHistory": {"cashflowStatements": [{"maxAge": 1, "endDate": "2020-03-31", "netIncome": 68450000, "depreciation": 209330000, "changeToNetincome": -20820000, "changeToAccountReceivables": 1180000, "changeToLiabilities": -8550000, "changeToInventory": 19100000, "changeToOperatingActivities": -25210000, "totalCashFromOperatingActivities": 243480000, "capitalExpenditures": -157980000, "otherCashflowsFromInvestingActivities": 190000, "totalCashflowsFromInvestingActivities": -208420000, "dividendsPaid": -44210000, "netBorrowings": 69860000, "otherCashflowsFromFinancingActivities": -32330000, "totalCashFromFinancingActivities": -6680000, "changeInCash": 28380000}, {"maxAge": 1, "endDate": "2019-03-31", "netIncome": 253110000, "depreciation": 197230000, "changeToNetincome": 101920000, "changeToAccountReceivables": -101500000, "changeToLiabilities": -19500000, "changeToInventory": -7760000, "changeToOperatingActivities": -32040000, "totalCashFromOperatingActivities": 391460000, "capitalExpenditures": -165320000, "otherCashflowsFromInvestingActivities": 6650000, "totalCashflowsFromInvestingActivities": -156500000, "dividendsPaid": -44210000, "netBorrowings": -144300000, "otherCashflowsFromFinancingActivities": -39730000, "totalCashFromFinancingActivities": -228240000, "changeInCash": 6720000}, {"maxAge": 1, "endDate": "2018-03-31", "netIncome": 164330000, "depreciation": 157000000, "changeToNetincome": 104330000, "changeToAccountReceivables": -168120000, "changeToLiabilities": -23080000, "changeToInventory": 23490000, "changeToOperatingActivities": 76260000, "totalCashFromOperatingActivities": 334210000, "capitalExpenditures": -243430000, "otherCashflowsFromInvestingActivities": 5570000, "totalCashflowsFromInvestingActivities": -237660000, "dividendsPaid": -44210000, "netBorrowings": -39330000, "otherCashflowsFromFinancingActivities": -43520000, "totalCashFromFinancingActivities": -82850000, "changeInCash": 13700000}, {"maxAge": 1, "endDate": "2017-03-31", "netIncome": 105920000, "depreciation": 96300000, "changeToNetincome": 30640000, "changeToAccountReceivables": -60940000, "changeToLiabilities": 94780000, "changeToInventory": -40410000, "changeToOperatingActivities": 12910000, "totalCashFromOperatingActivities": 239200000, "capitalExpenditures": -398880000, "otherCashflowsFromInvestingActivities": 4210000, "totalCashflowsFromInvestingActivities": -394120000, "dividendsPaid": -22110000, "netBorrowings": 175090000, "otherCashflowsFromFinancingActivities": -20620000, "totalCashFromFinancingActivities": 132360000, "changeInCash": -22560000}], "maxAge": 86400}, "institutionOwnership": {"ownershipList": [], "maxAge": 1}, "balanceSheetHistoryQuarterly": {"balanceSheetStatements": [{"maxAge": 1, "endDate": "2020-09-30", "cash": 55380000, "netReceivables": 659880000, "inventory": 146110000, "otherCurrentAssets": 120130000, "totalCurrentAssets": 981500000, "propertyPlantEquipment": 1314540000, "goodWill": 55800000, "otherAssets": 108070000, "deferredLongTermAssetCharges": 14110000, "totalAssets": 2459910000, "accountsPayable": 101570000, "otherCurrentLiab": 292680000, "longTermDebt": 42460000, "otherLiab": 102620000, "totalCurrentLiabilities": 531080000, "totalLiab": 676160000, "commonStock": 44220000, "treasuryStock": 1739530000, "otherStockholderEquity": 1739530000, "totalStockholderEquity": 1783750000, "netTangibleAssets": 1727950000}, {"maxAge": 1, "endDate": "2020-06-30", "totalStockholderEquity": 1728770000, "netTangibleAssets": 1672970000}, {"maxAge": 1, "endDate": "2020-03-31", "cash": 55050000, "netReceivables": 650120000, "inventory": 171300000, "otherCurrentAssets": 47780000, "totalCurrentAssets": 958610000, "propertyPlantEquipment": 1342120000, "goodWill": 55800000, "otherAssets": 100410000, "deferredLongTermAssetCharges": 4400000, "totalAssets": 2456940000, "accountsPayable": 105000000, "shortLongTermDebt": 101690000, "otherCurrentLiab": 65920000, "longTermDebt": 53840000, "otherLiab": 98700000, "totalCurrentLiabilities": 575630000, "totalLiab": 728170000, "commonStock": 44220000, "retainedEarnings": 928280000, "treasuryStock": -17460000, "capitalSurplus": 773730000, "otherStockholderEquity": -17460000, "totalStockholderEquity": 1728770000, "netTangibleAssets": 1672970000}, {"maxAge": 1, "endDate": "2019-12-31", "totalStockholderEquity": 1681430000, "netTangibleAssets": 1681430000}], "maxAge": 86400}, "earningsHistory": {"history": [{"maxAge": 1, "epsActual": {}, "epsEstimate": {}, "epsDifference": {}, "surprisePercent": {}, "quarter": {}, "period": "-4q"}, {"maxAge": 1, "epsActual": {}, "epsEstimate": {}, "epsDifference": {}, "surprisePercent": {}, "quarter": {}, "period": "-3q"}, {"maxAge": 1, "epsActual": {}, "epsEstimate": {}, "epsDifference": {}, "surprisePercent": {}, "quarter": {}, "period": "-2q"}, {"maxAge": 1, "epsActual": 2.7, "epsEstimate": 1.63, "epsDifference": 1.07, "surprisePercent": 0.65599996, "quarter": "2017-12-31", "period": "-1q"}], "maxAge": 86400}, "indexTrend": {"maxAge": 1, "symbol": "SP5", "peRatio": 19.7411, "pegRatio": 1.34172, "estimates": [{"period": "0q", "growth": 0.549}, {"period": "+1q", "growth": 0.431}, {"period": "0y", "growth": 0.305}, {"period": "+1y", "growth": 0.109}, {"period": "+5y", "growth": 0.120865}, {"period": "-5y"}]}, "industryTrend": {"maxAge": 1, "symbol": null, "estimates": []}, "insiderTransactions": {"transactions": [{"maxAge": 1, "shares": 15000, "filerUrl": "", "transactionText": "", "filerName": "Swarnalatha (V)", "filerRelation": "Promoter", "moneyText": "", "startDate": "2015-12-23", "ownership": "D"}, {"maxAge": 1, "shares": 15000, "filerUrl": "", "transactionText": "", "filerName": "Praveena (V)", "filerRelation": "Promoter", "moneyText": "", "startDate": "2015-12-23", "ownership": "D"}, {"maxAge": 1, "shares": 41418, "filerUrl": "", "transactionText": "", "filerName": "Vungal (Rajeswari)", "filerRelation": "Promoter", "moneyText": "", "startDate": "2015-03-19", "ownership": "D"}, {"maxAge": 1, "shares": 431825, "filerUrl": "", "transactionText": "", "filerName": "Eurofins Analytical Services India Pvt Ltd", "filerRelation": "Institution- Corporation", "moneyText": "", "startDate": "2015-03-12", "ownership": "D"}, {"maxAge": 1, "shares": 461045, "filerUrl": "", "transactionText": "", "filerName": "Eurofins Analytical Services India Pvt Ltd", "filerRelation": "Institution- Corporation", "moneyText": "", "startDate": "2014-02-25", "ownership": "D"}, {"maxAge": 1, "shares": 373100, "filerUrl": "", "transactionText": "", "filerName": "Eurofins Analytical Services India Pvt Ltd", "filerRelation": "Institution- Corporation", "moneyText": "", "startDate": "2013-11-19", "ownership": "D"}, {"maxAge": 1, "shares": 494252, "filerUrl": "", "transactionText": "", "filerName": "Eurofins Analytical Services India Pvt Ltd", "filerRelation": "Institution- Corporation", "moneyText": "", "startDate": "2013-09-19", "ownership": "D"}, {"maxAge": 1, "shares": 442814, "filerUrl": "", "transactionText": "", "filerName": "LCGC Chromatography Solutions Pvt Ltd", "filerRelation": "Institution- Corporation", "moneyText": "", "startDate": "2013-07-18", "ownership": "D"}, {"maxAge": 1, "shares": 447548, "filerUrl": "", "transactionText": "", "filerName": "Eurofins Analytical Services India Pvt Ltd", "filerRelation": "Institution- Corporation", "moneyText": "", "startDate": "2013-06-05", "ownership": "D"}, {"maxAge": 1, "shares": 12175, "filerUrl": "", "transactionText": "", "filerName": "Eurofins Analytical Services India Pvt Ltd", "filerRelation": "Institution- Corporation", "moneyText": "", "startDate": "2013-04-01", "ownership": "D"}, {"maxAge": 1, "shares": 98000, "filerUrl": "", "transactionText": "", "filerName": "Vangal (Harriman)", "filerRelation": "Director", "moneyText": "", "startDate": "2012-03-07", "ownership": "D"}, {"maxAge": 1, "shares": 100000, "filerUrl": "", "transactionText": "", "filerName": "Vangal (Harriman)", "filerRelation": "Director", "moneyText": "", "startDate": "2011-12-21", "ownership": "D"}, {"maxAge": 1, "shares": 24230, "filerUrl": "", "transactionText": "", "filerName": "LCGC Chromatography Solutions Pvt Ltd", "filerRelation": "Institution- Corporation", "moneyText": "", "startDate": "2011-12-07", "ownership": "D"}, {"maxAge": 1, "shares": 169950, "filerUrl": "", "transactionText": "", "filerName": "Vasireddi (Veerabhadra Prasad)", "filerRelation": "Promoter", "moneyText": "", "startDate": "2011-09-28", "ownership": "D"}], "maxAge": 1}, "quoteType": {"exchange": "BSE", "quoteType": "EQUITY", "symbol": "VIMTALABS.BO", "underlyingSymbol": "VIMTALABS.BO", "shortName": "VIMTA LABS LTD.", "longName": "Vimta Labs Limited", "firstTradeDateEpochUtc": "2002-07-01 09:15:00", "timeZoneFullName": "Asia/Kolkata", "timeZoneShortName": "IST", "uuid": "1b4b65ae-06c2-36b3-983b-33906a01b948", "gmtOffSetMilliseconds": 19800000, "maxAge": 1}, "incomeStatementHistory": {"incomeStatementHistory": [{"maxAge": 1, "endDate": "2020-03-31", "totalRevenue": 1811470000, "costOfRevenue": 537450000, "grossProfit": 1274020000, "researchDevelopment": {}, "sellingGeneralAdministrative": 641950000, "nonRecurring": {}, "otherOperatingExpenses": 317390000, "totalOperatingExpenses": 1716950000, "operatingIncome": 94520000, "totalOtherIncomeExpenseNet": -11820000, "ebit": 94520000, "interestExpense": -24500000, "incomeBeforeTax": 82700000, "incomeTaxExpense": 14250000, "minorityInterest": {}, "netIncomeFromContinuingOps": 68450000, "discontinuedOperations": {}, "extraordinaryItems": {}, "effectOfAccountingCharges": {}, "otherItems": {}, "netIncome": 68450000, "netIncomeApplicableToCommonShares": 68450000}, {"maxAge": 1, "endDate": "2019-03-31", "totalRevenue": 2129760000, "costOfRevenue": 584210000, "grossProfit": 1545550000, "researchDevelopment": {}, "sellingGeneralAdministrative": 621330000, "nonRecurring": {}, "otherOperatingExpenses": 299150000, "totalOperatingExpenses": 1745950000, "operatingIncome": 383810000, "totalOtherIncomeExpenseNet": -32400000, "ebit": 383810000, "interestExpense": -41730000, "incomeBeforeTax": 351410000, "incomeTaxExpense": 98300000, "minorityInterest": {}, "netIncomeFromContinuingOps": 253110000, "discontinuedOperations": {}, "extraordinaryItems": {}, "effectOfAccountingCharges": {}, "otherItems": {}, "netIncome": 253110000, "netIncomeApplicableToCommonShares": 253110000}, {"maxAge": 1, "endDate": "2018-03-31", "totalRevenue": 1836190000, "costOfRevenue": 530020000, "grossProfit": 1306170000, "researchDevelopment": {}, "sellingGeneralAdministrative": 560330000, "nonRecurring": {}, "otherOperatingExpenses": 253600000, "totalOperatingExpenses": 1535190000, "operatingIncome": 301000000, "totalOtherIncomeExpenseNet": -45360000, "ebit": 301000000, "interestExpense": -47760000, "incomeBeforeTax": 255640000, "incomeTaxExpense": 91310000, "minorityInterest": {}, "netIncomeFromContinuingOps": 164330000, "discontinuedOperations": {}, "extraordinaryItems": {}, "effectOfAccountingCharges": {}, "otherItems": {}, "netIncome": 164330000, "netIncomeApplicableToCommonShares": 164330000}, {"maxAge": 1, "endDate": "2017-03-31", "totalRevenue": 1538480000, "costOfRevenue": 506950000, "grossProfit": 1031530000, "researchDevelopment": {}, "sellingGeneralAdministrative": 489990000, "nonRecurring": {}, "otherOperatingExpenses": 250470000, "totalOperatingExpenses": 1356760000, "operatingIncome": 181720000, "totalOtherIncomeExpenseNet": -16370000, "ebit": 181720000, "interestExpense": -16730000, "incomeBeforeTax": 165350000, "incomeTaxExpense": 59430000, "minorityInterest": {}, "netIncomeFromContinuingOps": 105920000, "discontinuedOperations": {}, "extraordinaryItems": {}, "effectOfAccountingCharges": {}, "otherItems": {}, "netIncome": 105920000, "netIncomeApplicableToCommonShares": 105920000}], "maxAge": 86400}, "fundOwnership": {"ownershipList": [], "maxAge": 1}, "summaryDetail": {"maxAge": 1, "priceHint": 2, "previousClose": 253.0, "open": 252.9, "dayLow": 246.3, "dayHigh": 268.5, "regularMarketPreviousClose": 253.0, "regularMarketOpen": 252.9, "regularMarketDayLow": 246.3, "regularMarketDayHigh": 268.5, "trailingPE": 54.815292, "forwardPE": 47.98131, "volume": 42651, "regularMarketVolume": 42651, "averageVolume": 8895, "averageVolume10days": 4930, "averageDailyVolume10Day": 4930, "bid": 255.8, "ask": 263.8, "bidSize": 0, "askSize": 0, "marketCap": 5675072512, "fiftyTwoWeekLow": 51.05, "fiftyTwoWeekHigh": 268.5, "fiftyDayAverage": 172.26212, "twoHundredDayAverage": 135.55147, "trailingAnnualDividendRate": 2.0, "trailingAnnualDividendYield": 0.007905139, "currency": "INR", "fromCurrency": null, "lastMarket": null, "algorithm": null, "tradeable": false}, "sectorTrend": {"maxAge": 1, "symbol": null, "estimates": []}, "incomeStatementHistoryQuarterly": {"incomeStatementHistory": [{"maxAge": 1, "endDate": "2020-09-30", "totalRevenue": 593820000, "costOfRevenue": 179610000, "grossProfit": 414210000, "researchDevelopment": {}, "sellingGeneralAdministrative": 153990000, "nonRecurring": {}, "otherOperatingExpenses": 100300000, "totalOperatingExpenses": 492040000, "operatingIncome": 101780000, "totalOtherIncomeExpenseNet": -2820000, "ebit": 101780000, "interestExpense": -3170000, "incomeBeforeTax": 98960000, "incomeTaxExpense": 23590000, "minorityInterest": {}, "netIncomeFromContinuingOps": 75370000, "discontinuedOperations": {}, "extraordinaryItems": {}, "effectOfAccountingCharges": {}, "otherItems": {}, "netIncome": 75370000, "netIncomeApplicableToCommonShares": 75370000}, {"maxAge": 1, "endDate": "2020-06-30", "totalRevenue": 327800000, "costOfRevenue": 98610000, "grossProfit": 229190000, "researchDevelopment": {}, "sellingGeneralAdministrative": 129120000, "nonRecurring": {}, "otherOperatingExpenses": 63860000, "totalOperatingExpenses": 348320000, "operatingIncome": -20520000, "totalOtherIncomeExpenseNet": -3560000, "ebit": -20520000, "interestExpense": -5910000, "incomeBeforeTax": -24080000, "incomeTaxExpense": -4650000, "minorityInterest": {}, "netIncomeFromContinuingOps": -19430000, "discontinuedOperations": {}, "extraordinaryItems": {}, "effectOfAccountingCharges": {}, "otherItems": {}, "netIncome": -19430000, "netIncomeApplicableToCommonShares": -19430000}, {"maxAge": 1, "endDate": "2020-03-31", "totalRevenue": 437000000, "costOfRevenue": 132560000, "grossProfit": 304440000, "researchDevelopment": {}, "sellingGeneralAdministrative": 182760000, "nonRecurring": {}, "otherOperatingExpenses": 57650000, "totalOperatingExpenses": 436510000, "operatingIncome": 490000, "totalOtherIncomeExpenseNet": 320000, "ebit": 490000, "interestExpense": -5910000, "incomeBeforeTax": 810000, "incomeTaxExpense": 210000, "minorityInterest": {}, "netIncomeFromContinuingOps": 600000, "discontinuedOperations": {}, "extraordinaryItems": {}, "effectOfAccountingCharges": {}, "otherItems": {}, "netIncome": 600000, "netIncomeApplicableToCommonShares": 600000}, {"maxAge": 1, "endDate": "2019-12-31", "totalRevenue": 514830000, "costOfRevenue": 146740000, "grossProfit": 368090000, "researchDevelopment": {}, "sellingGeneralAdministrative": 158430000, "nonRecurring": {}, "otherOperatingExpenses": 94740000, "totalOperatingExpenses": 452640000, "operatingIncome": 62190000, "totalOtherIncomeExpenseNet": -930000, "ebit": 62190000, "interestExpense": -9280000, "incomeBeforeTax": 61260000, "incomeTaxExpense": 14140000, "minorityInterest": {}, "netIncomeFromContinuingOps": 47120000, "discontinuedOperations": {}, "extraordinaryItems": {}, "effectOfAccountingCharges": {}, "otherItems": {}, "netIncome": 47120000, "netIncomeApplicableToCommonShares": 47120000}], "maxAge": 86400}, "cashflowStatementHistoryQuarterly": {"cashflowStatements": [{"maxAge": 1, "endDate": "2020-09-30", "netIncome": 75370000, "changeToLiabilities": 0}, {"maxAge": 1, "endDate": "2020-06-30", "netIncome": -19430000, "changeToLiabilities": 0}, {"maxAge": 1, "endDate": "2020-03-31", "netIncome": 600000, "changeToLiabilities": 0}, {"maxAge": 1, "endDate": "2019-12-31", "netIncome": 47120000, "changeToLiabilities": 0}], "maxAge": 86400}, "insiderHolders": {"holders": [{"maxAge": 1, "name": "Eurofins Analytical Services India Pvt Ltd", "relation": "Institution- Corporation", "url": "", "transactionDescription": "Acquisition", "latestTransDate": "2015-03-12", "positionDirect": 3325265, "positionDirectDate": "2015-03-12"}, {"maxAge": 1, "name": "LCGC Chromatography Solutions Pvt Ltd", "relation": "Institution- Corporation", "url": "", "transactionDescription": "Acquisition", "latestTransDate": "2013-07-18", "positionDirect": 1551155, "positionDirectDate": "2013-07-18"}, {"maxAge": 1, "name": "Praveena (V)", "relation": "Promoter", "url": "", "transactionDescription": "Sale", "latestTransDate": "2015-12-23", "positionDirect": 122550, "positionDirectDate": "2015-12-23"}, {"maxAge": 1, "name": "Swarnalatha (V)", "relation": "Promoter", "url": "", "transactionDescription": "Sale", "latestTransDate": "2015-12-23", "positionDirect": 94756, "positionDirectDate": "2015-12-23"}, {"maxAge": 1, "name": "Vangal (Harriman)", "relation": "Director", "url": "", "transactionDescription": "Sale", "latestTransDate": "2012-03-07", "positionDirect": 1748449, "positionDirectDate": "2012-03-07"}, {"maxAge": 1, "name": "Vasireddi (Veerabhadra Prasad)", "relation": "Promoter", "url": "", "transactionDescription": "Acquisition", "latestTransDate": "2011-09-28", "positionDirect": 1463515, "positionDirectDate": "2011-09-28"}, {"maxAge": 1, "name": "Vungal (Rajeswari)", "relation": "Promoter", "url": "", "transactionDescription": "Gift", "latestTransDate": "2015-03-19", "positionDirect": 80725, "positionDirectDate": "2015-03-19"}], "maxAge": 1}, "earnings": {"maxAge": 86400, "earningsChart": {"quarterly": [{"date": "4Q2017", "actual": 2.7, "estimate": 1.63}], "currentQuarterEstimateDate": "1Q", "currentQuarterEstimateYear": 2018, "earningsDate": []}, "financialsChart": {"yearly": [{"date": 2017, "revenue": 1538480000, "earnings": 105920000}, {"date": 2018, "revenue": 1836190000, "earnings": 164330000}, {"date": 2019, "revenue": 2129760000, "earnings": 253110000}, {"date": 2020, "revenue": 1811470000, "earnings": 68450000}], "quarterly": [{"date": "4Q2019", "revenue": 514830000, "earnings": 47120000}, {"date": "1Q2020", "revenue": 437000000, "earnings": 600000}, {"date": "2Q2020", "revenue": 327800000, "earnings": -19430000}, {"date": "3Q2020", "revenue": 593820000, "earnings": 75370000}]}, "financialCurrency": "INR"}, "calendarEvents": {"maxAge": 1, "earnings": {"earningsDate": [], "revenueAverage": 519770000}}, "upgradeDowngradeHistory": {"history": [], "maxAge": 86400}, "price": {"maxAge": 1, "regularMarketChangePercent": 0.014624554, "regularMarketChange": 3.7000122, "regularMarketTime": "2021-04-30 15:29:46", "priceHint": 2, "regularMarketPrice": 256.7, "regularMarketDayHigh": 268.5, "regularMarketDayLow": 246.3, "regularMarketVolume": 42651, "averageDailyVolume10Day": 4930, "averageDailyVolume3Month": 8895, "regularMarketPreviousClose": 253.0, "regularMarketSource": "FREE_REALTIME", "regularMarketOpen": 252.9, "exchange": "BSE", "exchangeName": "BSE", "exchangeDataDelayedBy": 0, "marketState": "CLOSED", "quoteType": "EQUITY", "symbol": "VIMTALABS.BO", "underlyingSymbol": null, "shortName": "VIMTA LABS LTD.", "longName": "Vimta Labs Limited", "currency": "INR", "quoteSourceName": "Delayed Quote", "currencySymbol": "\u20b9", "fromCurrency": null, "lastMarket": null, "marketCap": 5675072512}, "balanceSheetHistory": {"balanceSheetStatements": [{"maxAge": 1, "endDate": "2020-03-31", "cash": 55050000, "netReceivables": 650120000, "inventory": 171300000, "otherCurrentAssets": 47780000, "totalCurrentAssets": 958610000, "propertyPlantEquipment": 1342120000, "goodWill": 55800000, "otherAssets": 100410000, "deferredLongTermAssetCharges": 4400000, "totalAssets": 2456940000, "accountsPayable": 105000000, "shortLongTermDebt": 101690000, "otherCurrentLiab": 65920000, "longTermDebt": 53840000, "otherLiab": 98700000, "totalCurrentLiabilities": 575630000, "totalLiab": 728170000, "commonStock": 44220000, "retainedEarnings": 928280000, "treasuryStock": -17460000, "capitalSurplus": 773730000, "otherStockholderEquity": -17460000, "totalStockholderEquity": 1728770000, "netTangibleAssets": 1672970000}, {"maxAge": 1, "endDate": "2019-03-31", "cash": 26670000, "netReceivables": 641380000, "inventory": 190410000, "otherCurrentAssets": 36730000, "totalCurrentAssets": 923170000, "propertyPlantEquipment": 1389040000, "otherAssets": 62060000, "totalAssets": 2374270000, "accountsPayable": 110310000, "shortLongTermDebt": 90160000, "otherCurrentLiab": 57240000, "longTermDebt": 115680000, "otherLiab": 110070000, "totalCurrentLiabilities": 433000000, "totalLiab": 658750000, "commonStock": 44220000, "retainedEarnings": 913140000, "treasuryStock": -15570000, "capitalSurplus": 773730000, "otherStockholderEquity": -15570000, "totalStockholderEquity": 1715520000, "netTangibleAssets": 1715520000}, {"maxAge": 1, "endDate": "2018-03-31", "cash": 19950000, "netReceivables": 583150000, "inventory": 182640000, "otherCurrentAssets": 29550000, "totalCurrentAssets": 835630000, "propertyPlantEquipment": 1403900000, "otherAssets": 83020000, "totalAssets": 2322550000, "accountsPayable": 129740000, "shortLongTermDebt": 73270000, "otherCurrentLiab": 46510000, "longTermDebt": 194630000, "otherLiab": 109080000, "totalCurrentLiabilities": 498310000, "totalLiab": 802020000, "commonStock": 44220000, "retainedEarnings": 713340000, "treasuryStock": -10760000, "capitalSurplus": 773730000, "otherStockholderEquity": -10760000, "totalStockholderEquity": 1520530000, "netTangibleAssets": 1520530000}, {"maxAge": 1, "endDate": "2017-03-31", "cash": 6250000, "netReceivables": 483580000, "inventory": 152100000, "otherCurrentAssets": 37110000, "totalCurrentAssets": 698260000, "propertyPlantEquipment": 1412160000, "otherAssets": 106040000, "totalAssets": 2216460000, "accountsPayable": 152740000, "shortLongTermDebt": 60220000, "otherCurrentLiab": 103770000, "longTermDebt": 180640000, "otherLiab": 79750000, "totalCurrentLiabilities": 594420000, "totalLiab": 854980000, "commonStock": 44220000, "retainedEarnings": 549010000, "treasuryStock": -5480000, "capitalSurplus": 773730000, "otherStockholderEquity": -5480000, "totalStockholderEquity": 1361480000, "netTangibleAssets": 1361480000}], "maxAge": 86400}, "earningsTrend": {"trend": [{"maxAge": 1, "period": "0q", "endDate": "2018-03-31", "growth": {}, "earningsEstimate": {"avg": 0.0, "low": 0.0, "high": 0.0, "yearAgoEps": {}, "numberOfAnalysts": 0, "growth": {}}, "revenueEstimate": {"avg": 519770000, "low": 0, "high": 0, "numberOfAnalysts": 0, "yearAgoRevenue": 395690000, "growth": 0.314}, "epsTrend": {"current": 0.0, "7daysAgo": 0.0, "30daysAgo": 0.0, "60daysAgo": 0.0, "90daysAgo": 0.0}, "epsRevisions": {"upLast7days": 0, "upLast30days": 0, "downLast30days": 0, "downLast90days": {}}}, {"maxAge": 1, "period": "+1q", "endDate": "2018-06-30", "growth": {}, "earningsEstimate": {"avg": 0.0, "low": 0.0, "high": 0.0, "yearAgoEps": {}, "numberOfAnalysts": 0, "growth": {}}, "revenueEstimate": {"avg": 552760000, "low": 0, "high": 0, "numberOfAnalysts": 0, "yearAgoRevenue": 393615000, "growth": 0.404}, "epsTrend": {"current": 0.0, "7daysAgo": 0.0, "30daysAgo": 0.0, "60daysAgo": 0.0, "90daysAgo": 0.0}, "epsRevisions": {"upLast7days": 0, "upLast30days": 0, "downLast30days": 0, "downLast90days": {}}}, {"maxAge": 1, "period": "0y", "endDate": "2018-03-31", "growth": {}, "earningsEstimate": {"avg": 0.0, "low": 0.0, "high": 0.0, "yearAgoEps": {}, "numberOfAnalysts": 0, "growth": {}}, "revenueEstimate": {"avg": 1822910000, "low": 1752960000, "high": 1752960000, "numberOfAnalysts": 1, "yearAgoRevenue": 1533650000, "growth": 0.189}, "epsTrend": {"current": 0.0, "7daysAgo": 6.06, "30daysAgo": 6.06, "60daysAgo": 6.06, "90daysAgo": 6.06}, "epsRevisions": {"upLast7days": 0, "upLast30days": 0, "downLast30days": 0, "downLast90days": {}}}, {"maxAge": 1, "period": "+1y", "endDate": "2019-03-31", "growth": {}, "earningsEstimate": {"avg": 0.0, "low": 0.0, "high": 0.0, "yearAgoEps": {}, "numberOfAnalysts": 0, "growth": {}}, "revenueEstimate": {"avg": 2033430000, "low": 2033430000, "high": 2033430000, "numberOfAnalysts": 1, "yearAgoRevenue": 1822910000, "growth": 0.115}, "epsTrend": {"current": 0.0, "7daysAgo": 7.56, "30daysAgo": 7.56, "60daysAgo": 7.56, "90daysAgo": 7.56}, "epsRevisions": {"upLast7days": 0, "upLast30days": 0, "downLast30days": 0, "downLast90days": {}}}, {"maxAge": 1, "period": "+5y", "endDate": null, "growth": {}, "earningsEstimate": {"avg": {}, "low": {}, "high": {}, "yearAgoEps": {}, "numberOfAnalysts": {}, "growth": {}}, "revenueEstimate": {"avg": {}, "low": {}, "high": {}, "numberOfAnalysts": {}, "yearAgoRevenue": {}, "growth": {}}, "epsTrend": {"current": {}, "7daysAgo": {}, "30daysAgo": {}, "60daysAgo": {}, "90daysAgo": {}}, "epsRevisions": {"upLast7days": {}, "upLast30days": {}, "downLast30days": {}, "downLast90days": {}}}, {"maxAge": 1, "period": "-5y", "endDate": null, "growth": {}, "earningsEstimate": {"avg": {}, "low": {}, "high": {}, "yearAgoEps": {}, "numberOfAnalysts": {}, "growth": {}}, "revenueEstimate": {"avg": {}, "low": {}, "high": {}, "numberOfAnalysts": {}, "yearAgoRevenue": {}, "growth": {}}, "epsTrend": {"current": {}, "7daysAgo": {}, "30daysAgo": {}, "60daysAgo": {}, "90daysAgo": {}}, "epsRevisions": {"upLast7days": {}, "upLast30days": {}, "downLast30days": {}, "downLast90days": {}}}], "maxAge": 1}, "financialData": {"maxAge": 86400, "currentPrice": 256.7, "targetHighPrice": 128.0, "targetLowPrice": 128.0, "targetMeanPrice": 128.0, "targetMedianPrice": 128.0, "recommendationKey": "none", "numberOfAnalystOpinions": 1, "grossProfits": 1274020000, "financialCurrency": "INR"}}}