{"VINDHYATEL.BO": {"recommendationTrend": {"trend": [{"period": "0m", "strongBuy": 0, "buy": 0, "hold": 0, "sell": 0, "strongSell": 0}, {"period": "-1m", "strongBuy": 0, "buy": 0, "hold": 0, "sell": 0, "strongSell": 0}, {"period": "-2m", "strongBuy": 0, "buy": 0, "hold": 0, "sell": 0, "strongSell": 0}, {"period": "-3m", "strongBuy": 0, "buy": 0, "hold": 0, "sell": 0, "strongSell": 0}], "maxAge": 86400}, "cashflowStatementHistory": {"cashflowStatements": [{"maxAge": 1, "endDate": "2020-03-31", "netIncome": 2374027000, "depreciation": 205259000, "changeToNetincome": -529443000, "changeToAccountReceivables": 1809077000, "changeToLiabilities": -1576017000, "changeToInventory": -1708803000, "changeToOperatingActivities": -371311000, "totalCashFromOperatingActivities": 204854000, "capitalExpenditures": -352610000, "investments": 347633000, "otherCashflowsFromInvestingActivities": 263026000, "totalCashflowsFromInvestingActivities": 297248000, "dividendsPaid": -169970000, "netBorrowings": 559443000, "otherCashflowsFromFinancingActivities": -872464000, "totalCashFromFinancingActivities": -482783000, "changeInCash": 19319000, "issuanceOfStock": 208000}, {"maxAge": 1, "endDate": "2019-03-31", "netIncome": 2756074000, "depreciation": 196981000, "changeToNetincome": -449230000, "changeToAccountReceivables": -3142024000, "changeToLiabilities": 2243349000, "changeToInventory": -4302929000, "changeToOperatingActivities": -228415000, "totalCashFromOperatingActivities": -2924129000, "capitalExpenditures": -550120000, "investments": 279035000, "otherCashflowsFromInvestingActivities": 317098000, "totalCashflowsFromInvestingActivities": 51934000, "dividendsPaid": -141390000, "netBorrowings": 3614571000, "otherCashflowsFromFinancingActivities": -606842000, "totalCashFromFinancingActivities": 2866525000, "changeInCash": -5670000, "issuanceOfStock": 186000}, {"maxAge": 1, "endDate": "2018-03-31", "netIncome": 1534107000, "depreciation": 131486000, "changeToNetincome": -320238000, "changeToAccountReceivables": -3033283000, "changeToLiabilities": 1706756000, "changeToInventory": -1823400000, "changeToOperatingActivities": 584139000, "totalCashFromOperatingActivities": -1218712000, "capitalExpenditures": -372482000, "investments": -143894000, "otherCashflowsFromInvestingActivities": 263311000, "totalCashflowsFromInvestingActivities": -250455000, "dividendsPaid": -82956000, "netBorrowings": 1936388000, "otherCashflowsFromFinancingActivities": -380176000, "totalCashFromFinancingActivities": 1473276000, "changeInCash": 4109000, "issuanceOfStock": 20000}, {"maxAge": 1, "endDate": "2017-03-31", "netIncome": 1700416000, "depreciation": 126641000, "changeToNetincome": -939558000, "changeToAccountReceivables": -725278000, "changeToLiabilities": 1778134000, "changeToInventory": -1132597000, "changeToOperatingActivities": 19883000, "totalCashFromOperatingActivities": 827641000, "capitalExpenditures": -127201000, "investments": -249427000, "otherCashflowsFromInvestingActivities": 266675000, "totalCashflowsFromInvestingActivities": -109390000, "dividendsPaid": -87421000, "netBorrowings": -361664000, "otherCashflowsFromFinancingActivities": -275975000, "totalCashFromFinancingActivities": -725033000, "changeInCash": -6782000, "issuanceOfStock": 27000}], "maxAge": 86400}, "institutionOwnership": {"ownershipList": [], "maxAge": 1}, "balanceSheetHistoryQuarterly": {"balanceSheetStatements": [{"maxAge": 1, "endDate": "2020-06-30", "totalStockholderEquity": 24115223000, "netTangibleAssets": 24110747000}, {"maxAge": 1, "endDate": "2020-03-31", "cash": 53632000, "netReceivables": 11856920000, "inventory": 9740277000, "otherCurrentAssets": 719802000, "totalCurrentAssets": 22396448000, "longTermInvestments": 21942434000, "propertyPlantEquipment": 1343654000, "intangibleAssets": 4476000, "otherAssets": 1570927000, "totalAssets": 47257939000, "accountsPayable": 5862974000, "shortLongTermDebt": 608195000, "otherCurrentLiab": 3038178000, "longTermDebt": 3643371000, "otherLiab": 5066043000, "totalCurrentLiabilities": 14346700000, "totalLiab": 23142716000, "commonStock": 118500000, "retainedEarnings": 19820874000, "treasuryStock": 3786950000, "capitalSurplus": 388899000, "otherStockholderEquity": 3786950000, "totalStockholderEquity": 24115223000, "netTangibleAssets": 24110747000}, {"maxAge": 1, "endDate": "2019-12-31", "totalStockholderEquity": 24219821000, "netTangibleAssets": 24118593000}, {"maxAge": 1, "endDate": "2019-09-30", "cash": 1054181000, "shortTermInvestments": 364522000, "netReceivables": 11965210000, "inventory": 9281199000, "otherCurrentAssets": 1185160000, "totalCurrentAssets": 23850272000, "longTermInvestments": 17972176000, "propertyPlantEquipment": 1244551000, "intangibleAssets": 101228000, "otherAssets": 1225703000, "totalAssets": 44393930000, "accountsPayable": 5475816000, "otherCurrentLiab": 4774682000, "longTermDebt": 4030586000, "otherLiab": 394216000, "totalCurrentLiabilities": 15749307000, "totalLiab": 20174109000, "commonStock": 118499000, "treasuryStock": 24101322000, "otherStockholderEquity": 24101322000, "totalStockholderEquity": 24219821000, "netTangibleAssets": 24118593000}], "maxAge": 86400}, "earningsHistory": {"history": [{"maxAge": 1, "epsActual": {}, "epsEstimate": {}, "epsDifference": {}, "surprisePercent": {}, "quarter": {}, "period": "-4q"}, {"maxAge": 1, "epsActual": {}, "epsEstimate": {}, "epsDifference": {}, "surprisePercent": {}, "quarter": {}, "period": "-3q"}, {"maxAge": 1, "epsActual": {}, "epsEstimate": {}, "epsDifference": {}, "surprisePercent": {}, "quarter": {}, "period": "-2q"}, {"maxAge": 1, "epsActual": 22.48, "epsEstimate": 15.65, "epsDifference": 6.83, "surprisePercent": 0.436, "quarter": "2018-03-31", "period": "-1q"}], "maxAge": 86400}, "indexTrend": {"maxAge": 1, "symbol": "SP5", "peRatio": 19.7411, "pegRatio": 1.34172, "estimates": [{"period": "0q", "growth": 0.549}, {"period": "+1q", "growth": 0.431}, {"period": "0y", "growth": 0.305}, {"period": "+1y", "growth": 0.109}, {"period": "+5y", "growth": 0.120865}, {"period": "-5y"}]}, "industryTrend": {"maxAge": 1, "symbol": null, "estimates": []}, "quoteType": {"exchange": "BSE", "quoteType": "EQUITY", "symbol": "VINDHYATEL.BO", "underlyingSymbol": "VINDHYATEL.BO", "shortName": "VINDHYA TELELINKS LTD.", "longName": "Vindhya Telelinks Limited", "firstTradeDateEpochUtc": "2000-01-03 09:15:00", "timeZoneFullName": "Asia/Kolkata", "timeZoneShortName": "IST", "uuid": "c92b26f8-d43f-3daf-b75d-595f2cf8a987", "gmtOffSetMilliseconds": 19800000, "maxAge": 1}, "incomeStatementHistory": {"incomeStatementHistory": [{"maxAge": 1, "endDate": "2020-03-31", "totalRevenue": 18831931000, "costOfRevenue": 14260270000, "grossProfit": 4571661000, "researchDevelopment": {}, "sellingGeneralAdministrative": 1040817000, "nonRecurring": {}, "otherOperatingExpenses": 926118000, "totalOperatingExpenses": 16434529000, "operatingIncome": 2397402000, "totalOtherIncomeExpenseNet": 1244938000, "ebit": 2397402000, "interestExpense": -879859000, "incomeBeforeTax": 3642340000, "incomeTaxExpense": 1268313000, "minorityInterest": {}, "netIncomeFromContinuingOps": 2374027000, "discontinuedOperations": {}, "extraordinaryItems": {}, "effectOfAccountingCharges": {}, "otherItems": {}, "netIncome": 2374027000, "netIncomeApplicableToCommonShares": 2374027000}, {"maxAge": 1, "endDate": "2019-03-31", "totalRevenue": 20953695000, "costOfRevenue": 15533907000, "grossProfit": 5419788000, "researchDevelopment": {}, "sellingGeneralAdministrative": 945727000, "nonRecurring": {}, "otherOperatingExpenses": 1064163000, "totalOperatingExpenses": 17742843000, "operatingIncome": 3210852000, "totalOtherIncomeExpenseNet": 460185000, "ebit": 3210852000, "interestExpense": -607419000, "incomeBeforeTax": 3671037000, "incomeTaxExpense": 914963000, "minorityInterest": {}, "netIncomeFromContinuingOps": 2756074000, "discontinuedOperations": {}, "extraordinaryItems": {}, "effectOfAccountingCharges": {}, "otherItems": {}, "netIncome": 2756074000, "netIncomeApplicableToCommonShares": 2756074000}, {"maxAge": 1, "endDate": "2018-03-31", "totalRevenue": 13426230000, "costOfRevenue": 10174186000, "grossProfit": 3252044000, "researchDevelopment": {}, "sellingGeneralAdministrative": 683702000, "nonRecurring": {}, "otherOperatingExpenses": 786028000, "totalOperatingExpenses": 11777123000, "operatingIncome": 1649107000, "totalOtherIncomeExpenseNet": 330818000, "ebit": 1649107000, "interestExpense": -374342000, "incomeBeforeTax": 1979925000, "incomeTaxExpense": 445818000, "minorityInterest": {}, "netIncomeFromContinuingOps": 1534107000, "discontinuedOperations": {}, "extraordinaryItems": {}, "effectOfAccountingCharges": {}, "otherItems": {}, "netIncome": 1534107000, "netIncomeApplicableToCommonShares": 1534107000}, {"maxAge": 1, "endDate": "2017-03-31", "totalRevenue": 9976748000, "costOfRevenue": 7490051000, "grossProfit": 2486697000, "researchDevelopment": {}, "sellingGeneralAdministrative": 505738000, "nonRecurring": {}, "otherOperatingExpenses": 680305000, "totalOperatingExpenses": 8802667000, "operatingIncome": 1174081000, "totalOtherIncomeExpenseNet": 828502000, "ebit": 1174081000, "interestExpense": -275975000, "incomeBeforeTax": 2002583000, "incomeTaxExpense": 302167000, "minorityInterest": {}, "netIncomeFromContinuingOps": 1700416000, "discontinuedOperations": {}, "extraordinaryItems": {}, "effectOfAccountingCharges": {}, "otherItems": {}, "netIncome": 1700416000, "netIncomeApplicableToCommonShares": 1700416000}], "maxAge": 86400}, "fundOwnership": {"ownershipList": [{"maxAge": 1, "reportDate": "2020-07-31", "organization": "DFA Investment Dimensions-DFA Emerging Mkts Value", "pctHeld": 0.002, "position": 23536, "value": 15347825}, {"maxAge": 1, "reportDate": "2020-07-31", "organization": "DFA Emerging Markets Small Cap Series", "pctHeld": 0.0013, "position": 15392, "value": 10037123}, {"maxAge": 1, "reportDate": "2020-07-31", "organization": "DFA Emerging Markets Core Equity Portfolio", "pctHeld": 0.0013, "position": 15346, "value": 10007126}, {"maxAge": 1, "reportDate": "2020-07-31", "organization": "DFA Investment Dimensions-Emerging Markets Social Core Equity", "pctHeld": 0.0001, "position": 1762, "value": 1149000}, {"maxAge": 1, "reportDate": "2020-07-31", "organization": "DFA Investment Dimensions-World Ex U.S. Core Equity Port", "pctHeld": 0.0001, "position": 1308, "value": 852946}, {"maxAge": 1, "reportDate": "2020-07-31", "organization": "DFA T.A. World Ex U.S. Core Equity Portfolio", "pctHeld": 0.0001, "position": 1145, "value": 746654}], "maxAge": 1}, "summaryDetail": {"maxAge": 1, "priceHint": 2, "previousClose": 814.0, "open": 802.75, "dayLow": 802.75, "dayHigh": 817.7, "regularMarketPreviousClose": 814.0, "regularMarketOpen": 802.75, "regularMarketDayLow": 802.75, "regularMarketDayHigh": 817.7, "trailingPE": 4.8558335, "forwardPE": 10.931002, "volume": 288, "regularMarketVolume": 288, "averageVolume": 2526, "averageVolume10days": 2012, "averageDailyVolume10Day": 2012, "bid": 800.0, "ask": 824.8, "bidSize": 0, "askSize": 0, "marketCap": 9593895936, "fiftyTwoWeekLow": 380.0, "fiftyTwoWeekHigh": 980.55, "fiftyDayAverage": 829.653, "twoHundredDayAverage": 785.49194, "trailingAnnualDividendRate": 10.0, "trailingAnnualDividendYield": 0.012285012, "currency": "INR", "fromCurrency": null, "lastMarket": null, "algorithm": null, "tradeable": false}, "sectorTrend": {"maxAge": 1, "symbol": null, "estimates": []}, "incomeStatementHistoryQuarterly": {"incomeStatementHistory": [{"maxAge": 1, "endDate": "2020-06-30", "totalRevenue": 2804459000, "costOfRevenue": 2106000000, "grossProfit": 698459000, "researchDevelopment": {}, "sellingGeneralAdministrative": 201675000, "nonRecurring": {}, "otherOperatingExpenses": 143639000, "totalOperatingExpenses": 2500784000, "operatingIncome": 303675000, "totalOtherIncomeExpenseNet": 47412000, "ebit": 303675000, "interestExpense": -196074000, "incomeBeforeTax": 351087000, "incomeTaxExpense": 43950000, "minorityInterest": {}, "netIncomeFromContinuingOps": 307137000, "discontinuedOperations": {}, "extraordinaryItems": {}, "effectOfAccountingCharges": {}, "otherItems": {}, "netIncome": 307137000, "netIncomeApplicableToCommonShares": 307137000}, {"maxAge": 1, "endDate": "2020-03-31", "totalRevenue": 4590879000, "costOfRevenue": 3480174000, "grossProfit": 1110705000, "researchDevelopment": {}, "sellingGeneralAdministrative": 328362000, "nonRecurring": {}, "otherOperatingExpenses": 148347000, "totalOperatingExpenses": 4006698000, "operatingIncome": 584181000, "totalOtherIncomeExpenseNet": 772496000, "ebit": 584181000, "interestExpense": -141468000, "incomeBeforeTax": 1356677000, "incomeTaxExpense": 974019000, "minorityInterest": {}, "netIncomeFromContinuingOps": 382658000, "discontinuedOperations": {}, "extraordinaryItems": {}, "effectOfAccountingCharges": {}, "otherItems": {}, "netIncome": 382658000, "netIncomeApplicableToCommonShares": 382658000}, {"maxAge": 1, "endDate": "2019-12-31", "totalRevenue": 5722987000, "costOfRevenue": 4482985000, "grossProfit": 1240002000, "researchDevelopment": {}, "sellingGeneralAdministrative": 237120000, "nonRecurring": {}, "otherOperatingExpenses": 266303000, "totalOperatingExpenses": 5037816000, "operatingIncome": 685171000, "totalOtherIncomeExpenseNet": 85067000, "ebit": 685171000, "interestExpense": -259744000, "incomeBeforeTax": 770238000, "incomeTaxExpense": 102593000, "minorityInterest": {}, "netIncomeFromContinuingOps": 667645000, "discontinuedOperations": {}, "extraordinaryItems": {}, "effectOfAccountingCharges": {}, "otherItems": {}, "netIncome": 667645000, "netIncomeApplicableToCommonShares": 667645000}, {"maxAge": 1, "endDate": "2019-09-30", "totalRevenue": 4319143000, "costOfRevenue": 3240626000, "grossProfit": 1078517000, "researchDevelopment": {}, "sellingGeneralAdministrative": 230517000, "nonRecurring": {}, "otherOperatingExpenses": 258087000, "totalOperatingExpenses": 3782471000, "operatingIncome": 536672000, "totalOtherIncomeExpenseNet": 134650000, "ebit": 536672000, "interestExpense": -255099000, "incomeBeforeTax": 671322000, "incomeTaxExpense": 53096000, "minorityInterest": {}, "netIncomeFromContinuingOps": 618226000, "discontinuedOperations": {}, "extraordinaryItems": {}, "effectOfAccountingCharges": {}, "otherItems": {}, "netIncome": 618226000, "netIncomeApplicableToCommonShares": 618226000}], "maxAge": 86400}, "cashflowStatementHistoryQuarterly": {"cashflowStatements": [{"maxAge": 1, "endDate": "2020-06-30", "netIncome": 307137000, "changeToLiabilities": 0}, {"maxAge": 1, "endDate": "2020-03-31", "netIncome": 382658000, "changeToLiabilities": 0}, {"maxAge": 1, "endDate": "2019-12-31", "netIncome": 667645000, "changeToLiabilities": 0}, {"maxAge": 1, "endDate": "2019-09-30", "netIncome": 618226000, "changeToLiabilities": 0}], "maxAge": 86400}, "insiderHolders": {"holders": [], "maxAge": 1}, "earnings": {"maxAge": 86400, "earningsChart": {"quarterly": [{"date": "1Q2018", "actual": 22.48, "estimate": 15.65}], "currentQuarterEstimateDate": "2Q", "currentQuarterEstimateYear": 2018, "earningsDate": []}, "financialsChart": {"yearly": [{"date": 2017, "revenue": 9976748000, "earnings": 1700416000}, {"date": 2018, "revenue": 13426230000, "earnings": 1534107000}, {"date": 2019, "revenue": 20953695000, "earnings": 2756074000}, {"date": 2020, "revenue": 18831931000, "earnings": 2374027000}], "quarterly": [{"date": "3Q2019", "revenue": 4319143000, "earnings": 618226000}, {"date": "4Q2019", "revenue": 5722987000, "earnings": 667645000}, {"date": "1Q2020", "revenue": 4590879000, "earnings": 382658000}, {"date": "2Q2020", "revenue": 2804459000, "earnings": 307137000}]}, "financialCurrency": "INR"}, "calendarEvents": {"maxAge": 1, "earnings": {"earningsDate": [], "revenueAverage": 4064120000}}, "upgradeDowngradeHistory": {"history": [], "maxAge": 86400}, "price": {"maxAge": 1, "regularMarketChangePercent": -0.005466846, "regularMarketChange": -4.450012, "regularMarketTime": "2021-04-30 15:24:46", "priceHint": 2, "regularMarketPrice": 809.55, "regularMarketDayHigh": 817.7, "regularMarketDayLow": 802.75, "regularMarketVolume": 288, "averageDailyVolume10Day": 2012, "averageDailyVolume3Month": 2526, "regularMarketPreviousClose": 814.0, "regularMarketSource": "FREE_REALTIME", "regularMarketOpen": 802.75, "exchange": "BSE", "exchangeName": "BSE", "exchangeDataDelayedBy": 0, "marketState": "CLOSED", "quoteType": "EQUITY", "symbol": "VINDHYATEL.BO", "underlyingSymbol": null, "shortName": "VINDHYA TELELINKS LTD.", "longName": "Vindhya Telelinks Limited", "currency": "INR", "quoteSourceName": "Delayed Quote", "currencySymbol": "\u20b9", "fromCurrency": null, "lastMarket": null, "marketCap": 9593895936}, "balanceSheetHistory": {"balanceSheetStatements": [{"maxAge": 1, "endDate": "2020-03-31", "cash": 53632000, "netReceivables": 11856920000, "inventory": 9740277000, "otherCurrentAssets": 719802000, "totalCurrentAssets": 22396448000, "longTermInvestments": 21942434000, "propertyPlantEquipment": 1343654000, "intangibleAssets": 4476000, "otherAssets": 1570927000, "totalAssets": 47257939000, "accountsPayable": 5862974000, "shortLongTermDebt": 608195000, "otherCurrentLiab": 3038178000, "longTermDebt": 3643371000, "otherLiab": 5066043000, "totalCurrentLiabilities": 14346700000, "totalLiab": 23142716000, "commonStock": 118500000, "retainedEarnings": 19820874000, "treasuryStock": 3786950000, "capitalSurplus": 388899000, "otherStockholderEquity": 3786950000, "totalStockholderEquity": 24115223000, "netTangibleAssets": 24110747000}, {"maxAge": 1, "endDate": "2019-03-31", "cash": 34313000, "netReceivables": 13277512000, "inventory": 8031474000, "otherCurrentAssets": 816021000, "totalCurrentAssets": 22183113000, "longTermInvestments": 18130046000, "propertyPlantEquipment": 1276410000, "intangibleAssets": 6541000, "otherAssets": 1140906000, "totalAssets": 42737016000, "accountsPayable": 6676021000, "shortLongTermDebt": 308300000, "otherCurrentLiab": 3136210000, "longTermDebt": 3548299000, "otherLiab": 369286000, "totalCurrentLiabilities": 14890334000, "totalLiab": 18807919000, "commonStock": 118458000, "retainedEarnings": 17413049000, "treasuryStock": 6008857000, "capitalSurplus": 388733000, "otherStockholderEquity": 6008857000, "totalStockholderEquity": 23929097000, "netTangibleAssets": 23922556000}, {"maxAge": 1, "endDate": "2018-03-31", "cash": 39983000, "netReceivables": 9023441000, "inventory": 3728545000, "otherCurrentAssets": 661503000, "totalCurrentAssets": 13470886000, "longTermInvestments": 17083666000, "propertyPlantEquipment": 878947000, "intangibleAssets": 8606000, "otherAssets": 426761000, "totalAssets": 31868866000, "accountsPayable": 4648234000, "shortLongTermDebt": 134362000, "otherCurrentLiab": 1010584000, "longTermDebt": 1121840000, "otherLiab": 350261000, "totalCurrentLiabilities": 9438841000, "totalLiab": 10910942000, "commonStock": 118421000, "retainedEarnings": 14886230000, "treasuryStock": 5564689000, "capitalSurplus": 388584000, "otherStockholderEquity": 5564689000, "totalStockholderEquity": 20957924000, "netTangibleAssets": 20949318000}, {"maxAge": 1, "endDate": "2017-03-31", "cash": 35874000, "netReceivables": 6365652000, "inventory": 1905145000, "otherCurrentAssets": 755633000, "totalCurrentAssets": 9072643000, "longTermInvestments": 13655384000, "propertyPlantEquipment": 858160000, "intangibleAssets": 4352000, "otherAssets": 609575000, "totalAssets": 24200114000, "accountsPayable": 3044486000, "shortLongTermDebt": 97995000, "otherCurrentLiab": 1063459000, "longTermDebt": 998019000, "otherLiab": 325912000, "totalCurrentLiabilities": 6031058000, "totalLiab": 7354989000, "commonStock": 118418000, "retainedEarnings": 13508187000, "treasuryStock": 2829953000, "capitalSurplus": 388567000, "otherStockholderEquity": 2829953000, "totalStockholderEquity": 16845125000, "netTangibleAssets": 16840773000}], "maxAge": 86400}, "earningsTrend": {"trend": [{"maxAge": 1, "period": "0q", "endDate": "2018-06-30", "growth": {}, "earningsEstimate": {"avg": 0.0, "low": 0.0, "high": 0.0, "yearAgoEps": {}, "numberOfAnalysts": 0, "growth": {}}, "revenueEstimate": {"avg": 4064120000, "low": 0, "high": 0, "numberOfAnalysts": 0, "yearAgoRevenue": {}, "growth": {}}, "epsTrend": {"current": 0.0, "7daysAgo": 0.0, "30daysAgo": 0.0, "60daysAgo": 0.0, "90daysAgo": 0.0}, "epsRevisions": {"upLast7days": 0, "upLast30days": 0, "downLast30days": 0, "downLast90days": {}}}, {"maxAge": 1, "period": "+1q", "endDate": "2018-09-30", "growth": {}, "earningsEstimate": {"avg": 0.0, "low": 0.0, "high": 0.0, "yearAgoEps": {}, "numberOfAnalysts": 0, "growth": {}}, "revenueEstimate": {"avg": 5734370000, "low": 0, "high": 0, "numberOfAnalysts": 0, "yearAgoRevenue": {}, "growth": {}}, "epsTrend": {"current": 0.0, "7daysAgo": 0.0, "30daysAgo": 0.0, "60daysAgo": 0.0, "90daysAgo": 0.0}, "epsRevisions": {"upLast7days": 0, "upLast30days": 0, "downLast30days": 0, "downLast90days": {}}}, {"maxAge": 1, "period": "0y", "endDate": "2019-03-31", "growth": {}, "earningsEstimate": {"avg": 0.0, "low": 0.0, "high": 0.0, "yearAgoEps": {}, "numberOfAnalysts": 0, "growth": {}}, "revenueEstimate": {"avg": 14598000000, "low": 14598000000, "high": 14598000000, "numberOfAnalysts": 1, "yearAgoRevenue": 13426200000, "growth": 0.087}, "epsTrend": {"current": 0.0, "7daysAgo": 74.06, "30daysAgo": 74.06, "60daysAgo": 74.06, "90daysAgo": 74.06}, "epsRevisions": {"upLast7days": 0, "upLast30days": 0, "downLast30days": 0, "downLast90days": {}}}, {"maxAge": 1, "period": "+1y", "endDate": "2020-03-31", "growth": {}, "earningsEstimate": {"avg": 0.0, "low": 0.0, "high": 0.0, "yearAgoEps": {}, "numberOfAnalysts": 0, "growth": {}}, "revenueEstimate": {"avg": 0, "low": 0, "high": 0, "numberOfAnalysts": 0, "yearAgoRevenue": 14598000000, "growth": {}}, "epsTrend": {"current": 0.0, "7daysAgo": 0.0, "30daysAgo": 0.0, "60daysAgo": 0.0, "90daysAgo": 0.0}, "epsRevisions": {"upLast7days": 0, "upLast30days": 0, "downLast30days": 0, "downLast90days": {}}}, {"maxAge": 1, "period": "+5y", "endDate": null, "growth": {}, "earningsEstimate": {"avg": {}, "low": {}, "high": {}, "yearAgoEps": {}, "numberOfAnalysts": {}, "growth": {}}, "revenueEstimate": {"avg": {}, "low": {}, "high": {}, "numberOfAnalysts": {}, "yearAgoRevenue": {}, "growth": {}}, "epsTrend": {"current": {}, "7daysAgo": {}, "30daysAgo": {}, "60daysAgo": {}, "90daysAgo": {}}, "epsRevisions": {"upLast7days": {}, "upLast30days": {}, "downLast30days": {}, "downLast90days": {}}}, {"maxAge": 1, "period": "-5y", "endDate": null, "growth": {}, "earningsEstimate": {"avg": {}, "low": {}, "high": {}, "yearAgoEps": {}, "numberOfAnalysts": {}, "growth": {}}, "revenueEstimate": {"avg": {}, "low": {}, "high": {}, "numberOfAnalysts": {}, "yearAgoRevenue": {}, "growth": {}}, "epsTrend": {"current": {}, "7daysAgo": {}, "30daysAgo": {}, "60daysAgo": {}, "90daysAgo": {}}, "epsRevisions": {"upLast7days": {}, "upLast30days": {}, "downLast30days": {}, "downLast90days": {}}}], "maxAge": 1}, "financialData": {"maxAge": 86400, "currentPrice": 809.55, "targetHighPrice": 705.0, "targetLowPrice": 705.0, "targetMeanPrice": 705.0, "targetMedianPrice": 705.0, "recommendationKey": "none", "numberOfAnalystOpinions": 1, "grossProfits": 4571661000, "financialCurrency": "INR"}}}