{"VINTRON.BO": {"cashflowStatementHistory": {"cashflowStatements": [{"maxAge": 1, "endDate": "2020-03-31", "netIncome": 41807000, "depreciation": 11538000, "changeToNetincome": -73615000, "changeToAccountReceivables": 17082000, "changeToLiabilities": -14097000, "changeToInventory": -3474000, "changeToOperatingActivities": -20624000, "totalCashFromOperatingActivities": -40956000, "capitalExpenditures": -65000, "otherCashflowsFromInvestingActivities": 126000, "totalCashflowsFromInvestingActivities": 100283000, "netBorrowings": -48069000, "otherCashflowsFromFinancingActivities": -11838000, "totalCashFromFinancingActivities": -59907000, "changeInCash": -579000}, {"maxAge": 1, "endDate": "2019-03-31", "netIncome": -23508000, "depreciation": 8689000, "changeToNetincome": 11514000, "changeToAccountReceivables": 7844000, "changeToLiabilities": 824000, "changeToInventory": -325000, "changeToOperatingActivities": 9969000, "totalCashFromOperatingActivities": 15434000, "capitalExpenditures": -259000, "otherCashflowsFromInvestingActivities": 345000, "totalCashflowsFromInvestingActivities": 27000, "netBorrowings": -3449000, "otherCashflowsFromFinancingActivities": -11861000, "totalCashFromFinancingActivities": -15310000, "changeInCash": 151000}, {"maxAge": 1, "endDate": "2018-03-31", "netIncome": -47799000, "depreciation": 8609000, "changeToNetincome": 10978000, "changeToAccountReceivables": 5915000, "changeToLiabilities": 14817000, "changeToInventory": -16737000, "changeToOperatingActivities": 22535000, "totalCashFromOperatingActivities": -1258000, "capitalExpenditures": -23631000, "investments": 2150000, "otherCashflowsFromInvestingActivities": 220000, "totalCashflowsFromInvestingActivities": -21261000, "netBorrowings": 33381000, "otherCashflowsFromFinancingActivities": -10968000, "totalCashFromFinancingActivities": 22413000, "changeInCash": -106000}, {"maxAge": 1, "endDate": "2017-03-31", "netIncome": -92126000, "depreciation": 7601000, "changeToNetincome": 7908000, "changeToAccountReceivables": -2199000, "changeToLiabilities": 4581000, "changeToInventory": 54133000, "changeToOperatingActivities": -2501000, "totalCashFromOperatingActivities": -22179000, "capitalExpenditures": -5659000, "investments": 2150000, "otherCashflowsFromInvestingActivities": 450000, "totalCashflowsFromInvestingActivities": -5274000, "netBorrowings": 35222000, "otherCashflowsFromFinancingActivities": -8413000, "totalCashFromFinancingActivities": 26809000, "changeInCash": -644000}], "maxAge": 86400}, "institutionOwnership": {"ownershipList": [], "maxAge": 1}, "balanceSheetHistoryQuarterly": {"balanceSheetStatements": [{"maxAge": 1, "endDate": "2020-03-31", "cash": 1239000, "netReceivables": 20909000, "inventory": 53683000, "otherCurrentAssets": 437000, "totalCurrentAssets": 76268000, "propertyPlantEquipment": 49888000, "intangibleAssets": 155000, "otherAssets": 12136000, "totalAssets": 138447000, "accountsPayable": 44145000, "shortLongTermDebt": 4068000, "otherCurrentLiab": 8272000, "longTermDebt": 113179000, "otherLiab": 5073000, "totalCurrentLiabilities": 72546000, "totalLiab": 204809000, "commonStock": 78356000, "retainedEarnings": -518236000, "treasuryStock": 331188000, "capitalSurplus": 42330000, "otherStockholderEquity": 331188000, "totalStockholderEquity": -66362000, "netTangibleAssets": -66517000}, {"maxAge": 1, "endDate": "2019-12-31", "totalStockholderEquity": -118889000, "netTangibleAssets": -119258000}, {"maxAge": 1, "endDate": "2019-09-30", "cash": 1519000, "netReceivables": 29866000, "inventory": 47424000, "otherCurrentAssets": 3235000, "totalCurrentAssets": 82044000, "longTermInvestments": 6808000, "propertyPlantEquipment": 51855000, "intangibleAssets": 369000, "otherAssets": 4032000, "totalAssets": 145108000, "accountsPayable": 50046000, "otherCurrentLiab": 105320000, "longTermDebt": 108068000, "totalCurrentLiabilities": 155929000, "totalLiab": 263997000, "commonStock": 78366000, "treasuryStock": -197255000, "otherStockholderEquity": -197255000, "totalStockholderEquity": -118889000, "netTangibleAssets": -119258000}, {"maxAge": 1, "endDate": "2019-06-30", "totalStockholderEquity": -108169000, "netTangibleAssets": -108751000}], "maxAge": 86400}, "indexTrend": {"maxAge": 1, "symbol": "SP5", "peRatio": 19.7411, "pegRatio": 1.34172, "estimates": [{"period": "0q", "growth": 0.549}, {"period": "+1q", "growth": 0.431}, {"period": "0y", "growth": 0.305}, {"period": "+1y", "growth": 0.109}, {"period": "+5y", "growth": 0.120859005}, {"period": "-5y"}]}, "insiderTransactions": {"transactions": [{"maxAge": 1, "shares": 263543, "filerUrl": "", "transactionText": "", "filerName": "Goodworth Build Invest Pvt Ltd", "filerRelation": "Promoter", "moneyText": "", "startDate": "2017-03-23", "ownership": "D"}, {"maxAge": 1, "shares": 7911906, "filerUrl": "", "transactionText": "", "filerName": "Goodworth Build Invest Pvt Ltd", "filerRelation": "Promoter", "moneyText": "", "startDate": "2017-03-01", "ownership": "D"}], "maxAge": 1}, "quoteType": {"exchange": "BSE", "quoteType": "EQUITY", "symbol": "VINTRON.BO", "underlyingSymbol": "VINTRON.BO", "shortName": "VINTRON INFORMATICS LTD.", "longName": "Vintron Informatics Limited", "firstTradeDateEpochUtc": "2002-07-01 09:15:00", "timeZoneFullName": "Asia/Kolkata", "timeZoneShortName": "IST", "uuid": "9085fdf1-ae7e-3403-a3eb-f665138a355a", "gmtOffSetMilliseconds": 19800000, "maxAge": 1}, "incomeStatementHistory": {"incomeStatementHistory": [{"maxAge": 1, "endDate": "2020-03-31", "totalRevenue": 159133000, "costOfRevenue": 124046000, "grossProfit": 35087000, "researchDevelopment": {}, "sellingGeneralAdministrative": 28703000, "nonRecurring": {}, "otherOperatingExpenses": 14315000, "totalOperatingExpenses": 188098000, "operatingIncome": -28965000, "totalOtherIncomeExpenseNet": 70772000, "ebit": -28965000, "interestExpense": -7087000, "incomeBeforeTax": 41807000, "incomeTaxExpense": 0, "minorityInterest": {}, "netIncomeFromContinuingOps": 41807000, "discontinuedOperations": {}, "extraordinaryItems": {}, "effectOfAccountingCharges": {}, "otherItems": {}, "netIncome": 41807000, "netIncomeApplicableToCommonShares": 41807000}, {"maxAge": 1, "endDate": "2019-03-31", "totalRevenue": 239305000, "costOfRevenue": 176524000, "grossProfit": 62781000, "researchDevelopment": {}, "sellingGeneralAdministrative": 48357000, "nonRecurring": {}, "otherOperatingExpenses": 18098000, "totalOperatingExpenses": 252435000, "operatingIncome": -13130000, "totalOtherIncomeExpenseNet": -10378000, "ebit": -13130000, "interestExpense": -11811000, "incomeBeforeTax": -23508000, "incomeTaxExpense": 0, "minorityInterest": {}, "netIncomeFromContinuingOps": -23508000, "discontinuedOperations": {}, "extraordinaryItems": {}, "effectOfAccountingCharges": {}, "otherItems": {}, "netIncome": -23508000, "netIncomeApplicableToCommonShares": -23508000}, {"maxAge": 1, "endDate": "2018-03-31", "totalRevenue": 246303000, "costOfRevenue": 194412000, "grossProfit": 51891000, "researchDevelopment": {}, "sellingGeneralAdministrative": 47748000, "nonRecurring": {}, "otherOperatingExpenses": 32855000, "totalOperatingExpenses": 284769000, "operatingIncome": -38466000, "totalOtherIncomeExpenseNet": -9153000, "ebit": -38466000, "interestExpense": -10386000, "incomeBeforeTax": -47619000, "incomeTaxExpense": 180000, "minorityInterest": {}, "netIncomeFromContinuingOps": -47799000, "discontinuedOperations": {}, "extraordinaryItems": {}, "effectOfAccountingCharges": {}, "otherItems": {}, "netIncome": -47799000, "netIncomeApplicableToCommonShares": -47799000}, {"maxAge": 1, "endDate": "2017-03-31", "totalRevenue": 219492000, "costOfRevenue": 232598000, "grossProfit": -13106000, "researchDevelopment": {}, "sellingGeneralAdministrative": 43337000, "nonRecurring": {}, "otherOperatingExpenses": 21372000, "totalOperatingExpenses": 305332000, "operatingIncome": -85840000, "totalOtherIncomeExpenseNet": -6286000, "ebit": -85840000, "interestExpense": -8357000, "incomeBeforeTax": -92126000, "incomeTaxExpense": 0, "minorityInterest": {}, "netIncomeFromContinuingOps": -92126000, "discontinuedOperations": {}, "extraordinaryItems": {}, "effectOfAccountingCharges": {}, "otherItems": {}, "netIncome": -92126000, "netIncomeApplicableToCommonShares": -92126000}], "maxAge": 86400}, "fundOwnership": {"ownershipList": [], "maxAge": 1}, "summaryDetail": {"maxAge": 1, "priceHint": 4, "previousClose": 0.62, "open": 0.62, "dayLow": 0.62, "dayHigh": 0.62, "regularMarketPreviousClose": 0.62, "regularMarketOpen": 0.62, "regularMarketDayLow": 0.62, "regularMarketDayHigh": 0.62, "trailingPE": 1.1698114, "volume": 5029, "regularMarketVolume": 5029, "averageVolume": 12865, "averageVolume10days": 2008, "averageDailyVolume10Day": 2008, "bid": 0.59, "ask": 0.62, "bidSize": 0, "askSize": 0, "marketCap": 48580596, "fiftyTwoWeekLow": 0.38, "fiftyTwoWeekHigh": 0.98, "fiftyDayAverage": 0.5760606, "twoHundredDayAverage": 0.5578832, "currency": "INR", "fromCurrency": null, "lastMarket": null, "algorithm": null, "tradeable": false}, "incomeStatementHistoryQuarterly": {"incomeStatementHistory": [{"maxAge": 1, "endDate": "2020-03-31", "totalRevenue": 38056000, "costOfRevenue": 31859000, "grossProfit": 6197000, "researchDevelopment": {}, "sellingGeneralAdministrative": 8251000, "nonRecurring": {}, "otherOperatingExpenses": -2617000, "totalOperatingExpenses": 51690000, "operatingIncome": -13634000, "totalOtherIncomeExpenseNet": -3955000, "ebit": -13634000, "interestExpense": {}, "incomeBeforeTax": -17589000, "incomeTaxExpense": 0, "minorityInterest": {}, "netIncomeFromContinuingOps": -17589000, "discontinuedOperations": {}, "extraordinaryItems": {}, "effectOfAccountingCharges": {}, "otherItems": {}, "netIncome": -17589000, "netIncomeApplicableToCommonShares": -17589000}, {"maxAge": 1, "endDate": "2019-12-31", "totalRevenue": 36890000, "costOfRevenue": 32092000, "grossProfit": 4798000, "researchDevelopment": {}, "sellingGeneralAdministrative": 6836000, "nonRecurring": {}, "otherOperatingExpenses": 6834000, "totalOperatingExpenses": 48041000, "operatingIncome": -11151000, "totalOtherIncomeExpenseNet": 81264000, "ebit": -11151000, "interestExpense": -1667000, "incomeBeforeTax": 70113000, "incomeTaxExpense": 0, "minorityInterest": {}, "netIncomeFromContinuingOps": 70113000, "discontinuedOperations": {}, "extraordinaryItems": {}, "effectOfAccountingCharges": {}, "otherItems": {}, "netIncome": 70113000, "netIncomeApplicableToCommonShares": 70113000}, {"maxAge": 1, "endDate": "2019-09-30", "totalRevenue": 34057000, "costOfRevenue": 22731000, "grossProfit": 11326000, "researchDevelopment": {}, "sellingGeneralAdministrative": 7038000, "nonRecurring": {}, "otherOperatingExpenses": 6672000, "totalOperatingExpenses": 38720000, "operatingIncome": -4663000, "totalOtherIncomeExpenseNet": -4218000, "ebit": -4663000, "interestExpense": -3991000, "incomeBeforeTax": -8881000, "incomeTaxExpense": 0, "minorityInterest": {}, "netIncomeFromContinuingOps": -8881000, "discontinuedOperations": {}, "extraordinaryItems": {}, "effectOfAccountingCharges": {}, "otherItems": {}, "netIncome": -8881000, "netIncomeApplicableToCommonShares": -8881000}, {"maxAge": 1, "endDate": "2019-06-30", "totalRevenue": 50130000, "costOfRevenue": 37364000, "grossProfit": 12766000, "researchDevelopment": {}, "sellingGeneralAdministrative": 6578000, "nonRecurring": {}, "otherOperatingExpenses": 3426000, "totalOperatingExpenses": 49647000, "operatingIncome": 483000, "totalOtherIncomeExpenseNet": -2319000, "ebit": 483000, "interestExpense": -2907000, "incomeBeforeTax": -1836000, "incomeTaxExpense": 0, "minorityInterest": {}, "netIncomeFromContinuingOps": -1836000, "discontinuedOperations": {}, "extraordinaryItems": {}, "effectOfAccountingCharges": {}, "otherItems": {}, "netIncome": -1836000, "netIncomeApplicableToCommonShares": -1836000}], "maxAge": 86400}, "cashflowStatementHistoryQuarterly": {"cashflowStatements": [{"maxAge": 1, "endDate": "2020-03-31", "netIncome": -17589000, "changeToLiabilities": 0}, {"maxAge": 1, "endDate": "2019-12-31", "netIncome": 70113000, "changeToLiabilities": 0}, {"maxAge": 1, "endDate": "2019-09-30", "netIncome": -8881000, "changeToLiabilities": 0}, {"maxAge": 1, "endDate": "2019-06-30", "netIncome": -1836000, "changeToLiabilities": 0}], "maxAge": 86400}, "insiderHolders": {"holders": [{"maxAge": 1, "name": "Goodworth Build Invest Pvt Ltd", "relation": "Promoter", "url": "", "transactionDescription": "Sale", "latestTransDate": "2017-03-23", "positionDirect": 57924551, "positionDirectDate": "2017-03-23"}], "maxAge": 1}, "calendarEvents": {"maxAge": 1, "earnings": {"earningsDate": ["2020-08-24 05:30:S"]}}, "upgradeDowngradeHistory": {"history": [], "maxAge": 86400}, "price": {"maxAge": 1, "regularMarketChangePercent": 0.0, "regularMarketChange": 0.0, "regularMarketTime": "2021-04-30 14:15:00", "priceHint": 4, "regularMarketPrice": 0.62, "regularMarketDayHigh": 0.62, "regularMarketDayLow": 0.62, "regularMarketVolume": 5029, "averageDailyVolume10Day": 2008, "averageDailyVolume3Month": 12865, "regularMarketPreviousClose": 0.62, "regularMarketSource": "FREE_REALTIME", "regularMarketOpen": 0.62, "exchange": "BSE", "exchangeName": "BSE", "exchangeDataDelayedBy": 0, "marketState": "CLOSED", "quoteType": "EQUITY", "symbol": "VINTRON.BO", "underlyingSymbol": null, "shortName": "VINTRON INFORMATICS LTD.", "longName": "Vintron Informatics Limited", "currency": "INR", "quoteSourceName": "Delayed Quote", "currencySymbol": "\u20b9", "fromCurrency": null, "lastMarket": null, "marketCap": 48580596}, "balanceSheetHistory": {"balanceSheetStatements": [{"maxAge": 1, "endDate": "2020-03-31", "cash": 1239000, "netReceivables": 20909000, "inventory": 53683000, "otherCurrentAssets": 437000, "totalCurrentAssets": 76268000, "propertyPlantEquipment": 49888000, "intangibleAssets": 155000, "otherAssets": 12136000, "totalAssets": 138447000, "accountsPayable": 44145000, "shortLongTermDebt": 4068000, "otherCurrentLiab": 8272000, "longTermDebt": 113179000, "otherLiab": 5073000, "totalCurrentLiabilities": 72546000, "totalLiab": 204809000, "commonStock": 78356000, "retainedEarnings": -518236000, "treasuryStock": 331188000, "capitalSurplus": 42330000, "otherStockholderEquity": 331188000, "totalStockholderEquity": -66362000, "netTangibleAssets": -66517000}, {"maxAge": 1, "endDate": "2019-03-31", "cash": 1818000, "netReceivables": 39834000, "inventory": 50209000, "otherCurrentAssets": 1458000, "totalCurrentAssets": 93319000, "propertyPlantEquipment": 56549000, "intangibleAssets": 582000, "otherAssets": 9272000, "totalAssets": 159722000, "accountsPayable": 58241000, "shortLongTermDebt": 7191000, "otherCurrentLiab": 17797000, "longTermDebt": 161248000, "otherLiab": 4395000, "totalCurrentLiabilities": 102248000, "totalLiab": 267891000, "commonStock": 78356000, "retainedEarnings": -560043000, "treasuryStock": 331188000, "capitalSurplus": 42330000, "otherStockholderEquity": 331188000, "totalStockholderEquity": -108169000, "netTangibleAssets": -108751000}, {"maxAge": 1, "endDate": "2018-03-31", "cash": 1667000, "netReceivables": 43077000, "inventory": 49883000, "otherCurrentAssets": 4809000, "totalCurrentAssets": 99436000, "propertyPlantEquipment": 64979000, "intangibleAssets": 951000, "otherAssets": 10522000, "totalAssets": 175888000, "accountsPayable": 57417000, "shortLongTermDebt": 5688000, "otherCurrentLiab": 16101000, "longTermDebt": 166201000, "totalCurrentLiabilities": 94348000, "totalLiab": 260549000, "commonStock": 78356000, "retainedEarnings": -536535000, "treasuryStock": 331188000, "capitalSurplus": 42330000, "otherStockholderEquity": 331188000, "totalStockholderEquity": -84661000, "netTangibleAssets": -85612000}, {"maxAge": 1, "endDate": "2017-03-31", "cash": 1774000, "shortTermInvestments": 2150000, "netReceivables": 44709000, "inventory": 33146000, "otherCurrentAssets": 1299000, "totalCurrentAssets": 83078000, "propertyPlantEquipment": 49956000, "intangibleAssets": 1375000, "otherAssets": 18315000, "totalAssets": 152724000, "accountsPayable": 42599000, "shortLongTermDebt": 6651000, "otherCurrentLiab": 415000, "longTermDebt": 131857000, "totalCurrentLiabilities": 57729000, "totalLiab": 189586000, "commonStock": 78356000, "retainedEarnings": -488736000, "treasuryStock": 331188000, "capitalSurplus": 42330000, "otherStockholderEquity": 331188000, "totalStockholderEquity": -36862000, "netTangibleAssets": -38237000}], "maxAge": 86400}, "financialData": {"maxAge": 86400, "currentPrice": 0.62, "recommendationKey": "none", "grossProfits": 35087000, "financialCurrency": "INR"}}}