{"VINYLINDIA.NS": {"assetProfile": {"address1": "Ramkrishna Mandir Road", "address2": "Off Mathuradas Vasanji Road Andheri (East)", "city": "Mumbai", "zip": "400059", "country": "India", "phone": "91 22 2835 7000", "fax": "91 22 2835 7831", "website": "http://www.vinylchemicals.com", "industry": "Specialty Chemicals", "sector": "Basic Materials", "longBusinessSummary": "Vinyl Chemicals (India) Limited engages in the trading of various chemicals in India and internationally. It primarily sells vinyl acetate monomer. The company was incorporated in 1986 and is based in Mumbai, India.", "fullTimeEmployees": 15, "companyOfficers": [{"maxAge": 1, "name": "Mr. Madhukar Balvantray Parekh", "age": 74, "title": "Chairman & MD", "yearBorn": 1946, "fiscalYear": 2020, "totalPay": 3300000, "exercisedValue": 0, "unexercisedValue": 0}, {"maxAge": 1, "name": "Mr. Mahendra Shantaram Gayatonde", "title": "Chief Financial Officer", "fiscalYear": 2020, "totalPay": 2838000, "exercisedValue": 0, "unexercisedValue": 0}, {"maxAge": 1, "name": "Mr. Priykant Chhotalal Patel", "title": "Pres, Compliance Officer & Sec.", "exercisedValue": 0, "unexercisedValue": 0}, {"maxAge": 1, "name": "Mr. K. S. Krishnan", "title": "Additional Sec.", "exercisedValue": 0, "unexercisedValue": 0}], "compensationAsOfEpochDate": "2020-12-31 05:30:00", "maxAge": 86400}, "cashflowStatementHistory": {"cashflowStatements": [{"maxAge": 1, "endDate": "2020-03-31", "netIncome": 74589336, "depreciation": 68249, "changeToNetincome": -58794036, "changeToAccountReceivables": 182903740, "changeToLiabilities": 136119680, "changeToInventory": 184727370, "changeToOperatingActivities": -7683273, "totalCashFromOperatingActivities": 511931066, "investments": -438478406, "otherCashflowsFromInvestingActivities": 120000, "totalCashflowsFromInvestingActivities": -438358406, "dividendsPaid": -44009067, "otherCashflowsFromFinancingActivities": -9046195, "totalCashFromFinancingActivities": -53055262, "changeInCash": 20517398}, {"maxAge": 1, "endDate": "2019-03-31", "netIncome": 88601203, "depreciation": 66253, "changeToNetincome": -3589130, "changeToAccountReceivables": 136704704, "changeToLiabilities": -333069626, "changeToInventory": -109458297, "changeToOperatingActivities": 9258262, "totalCashFromOperatingActivities": -211486631, "investments": 335444949, "otherCashflowsFromInvestingActivities": 120000, "totalCashflowsFromInvestingActivities": 335564949, "dividendsPaid": -44009067, "otherCashflowsFromFinancingActivities": -9046194, "totalCashFromFinancingActivities": -53055261, "changeInCash": 71023057}, {"maxAge": 1, "endDate": "2018-03-31", "netIncome": 116659959, "depreciation": 58594, "changeToNetincome": -32340183, "changeToAccountReceivables": -318083875, "changeToLiabilities": 572482966, "changeToInventory": -376354791, "changeToOperatingActivities": 10480094, "totalCashFromOperatingActivities": -27097236, "investments": 79274712, "otherCashflowsFromInvestingActivities": 120000, "totalCashflowsFromInvestingActivities": 79394712, "dividendsPaid": -33006800, "otherCashflowsFromFinancingActivities": -6719423, "totalCashFromFinancingActivities": -39726223, "changeInCash": 12571253}, {"maxAge": 1, "endDate": "2017-03-31", "netIncome": 87159798, "depreciation": 55252, "changeToNetincome": -27518135, "changeToAccountReceivables": 37324706, "changeToLiabilities": -232515372, "changeToInventory": 71297309, "changeToOperatingActivities": -6559767, "totalCashFromOperatingActivities": -70756209, "investments": 100828756, "otherCashflowsFromInvestingActivities": 120000, "totalCashflowsFromInvestingActivities": 100948756, "dividendsPaid": -27505666, "otherCashflowsFromFinancingActivities": -5599604, "totalCashFromFinancingActivities": -33105270, "changeInCash": -2912723}], "maxAge": 86400}, "institutionOwnership": {"ownershipList": [], "maxAge": 1}, "majorHoldersBreakdown": {"maxAge": 1, "insidersPercentHeld": 0.54298, "institutionsPercentHeld": 0.0, "institutionsFloatPercentHeld": 0.0, "institutionsCount": 0}, "balanceSheetHistoryQuarterly": {"balanceSheetStatements": [{"maxAge": 1, "endDate": "2020-12-31", "totalStockholderEquity": 593800000, "netTangibleAssets": 593800000}, {"maxAge": 1, "endDate": "2020-09-30", "cash": 38600000, "shortTermInvestments": 300900000, "netReceivables": 599800000, "inventory": 245400000, "otherCurrentAssets": 35900000, "totalCurrentAssets": 1220600000, "propertyPlantEquipment": 2100000, "otherAssets": 6800000, "deferredLongTermAssetCharges": 300000, "totalAssets": 1229500000, "accountsPayable": 599200000, "otherCurrentLiab": 29600000, "longTermDebt": 4900000, "otherLiab": 1300000, "totalCurrentLiabilities": 629500000, "totalLiab": 635700000, "commonStock": 18300000, "treasuryStock": 575500000, "otherStockholderEquity": 575500000, "totalStockholderEquity": 593800000, "netTangibleAssets": 593800000}, {"maxAge": 1, "endDate": "2020-06-30", "totalStockholderEquity": 611400000, "netTangibleAssets": 611400000}, {"maxAge": 1, "endDate": "2020-03-31", "cash": 106325517, "shortTermInvestments": 474176137, "netReceivables": 455892227, "inventory": 478226926, "otherCurrentAssets": 32501885, "totalCurrentAssets": 1547122692, "propertyPlantEquipment": 2104271, "otherAssets": 6652697, "deferredLongTermAssetCharges": 308330, "totalAssets": 1555879660, "accountsPayable": 918000972, "otherCurrentLiab": 9882430, "longTermDebt": 4947308, "otherLiab": 1314498, "totalCurrentLiabilities": 938127017, "totalLiab": 944388823, "commonStock": 18337111, "retainedEarnings": 587700101, "treasuryStock": 5453625, "otherStockholderEquity": 5453625, "totalStockholderEquity": 611490837, "netTangibleAssets": 611490837}], "maxAge": 86400}, "indexTrend": {"maxAge": 1, "symbol": "SP5", "peRatio": 19.7411, "pegRatio": 1.34172, "estimates": [{"period": "0q", "growth": 0.549}, {"period": "+1q", "growth": 0.431}, {"period": "0y", "growth": 0.305}, {"period": "+1y", "growth": 0.109}, {"period": "+5y", "growth": 0.120865}, {"period": "-5y"}]}, "defaultKeyStatistics": {"maxAge": 1, "priceHint": 2, "enterpriseValue": 2025513600, "profitMargins": 0.02498, "floatShares": 7946813, "sharesOutstanding": 18337100, "heldPercentInsiders": 0.54298, "heldPercentInstitutions": 0.0, "beta": 1.029237, "category": null, "bookValue": 32.28, "priceToBook": 3.929678, "fundFamily": null, "legalType": null, "lastFiscalYearEnd": "2020-03-31 05:30:00", "nextFiscalYearEnd": "2022-03-31 05:30:00", "mostRecentQuarter": "2020-12-31 05:30:00", "earningsQuarterlyGrowth": 0.245, "netIncomeToCommon": 77289336, "trailingEps": 4.217, "lastSplitFactor": null, "enterpriseToRevenue": 0.655, "enterpriseToEbitda": 15.368}, "summaryProfile": {"address1": "Ramkrishna Mandir Road", "address2": "Off Mathuradas Vasanji Road Andheri (East)", "city": "Mumbai", "zip": "400059", "country": "India", "phone": "91 22 2835 7000", "fax": "91 22 2835 7831", "website": "http://www.vinylchemicals.com", "industry": "Specialty Chemicals", "sector": "Basic Materials", "longBusinessSummary": "Vinyl Chemicals (India) Limited engages in the trading of various chemicals in India and internationally. It primarily sells vinyl acetate monomer. The company was incorporated in 1986 and is based in Mumbai, India.", "fullTimeEmployees": 15, "companyOfficers": [], "maxAge": 86400}, "netSharePurchaseActivity": {"maxAge": 1, "period": "6m", "buyInfoCount": 0, "buyInfoShares": 0, "sellInfoCount": 0, "netInfoCount": 0, "netInfoShares": 0, "netPercentInsiderShares": 0.0, "totalInsiderShares": 9934066}, "insiderTransactions": {"transactions": [{"maxAge": 1, "shares": 17814, "filerUrl": "", "transactionText": "", "filerName": "Parekh (Kalpana Apurva)", "filerRelation": "Promoter", "moneyText": "", "startDate": "2019-03-29", "ownership": "D"}, {"maxAge": 1, "shares": 7900, "filerUrl": "", "transactionText": "", "filerName": "Parekh (Kamalini Rashmikant)", "filerRelation": "UNREPORTED", "moneyText": "", "startDate": "2018-02-10", "ownership": "D"}, {"maxAge": 1, "shares": 13100, "filerUrl": "", "transactionText": "", "filerName": "Parekh (Rashmikant Himatlal)", "filerRelation": "UNREPORTED", "moneyText": "", "startDate": "2018-02-10", "ownership": "D"}, {"maxAge": 1, "shares": 60000, "filerUrl": "", "transactionText": "", "filerName": "Parekh (Kalpana Apurva)", "filerRelation": "Promoter", "moneyText": "", "startDate": "2015-06-23", "ownership": "D"}, {"maxAge": 1, "shares": 28500, "filerUrl": "", "transactionText": "", "filerName": "Parekh (Kalpana Apurva)", "filerRelation": "Promoter", "moneyText": "", "startDate": "2013-12-23", "ownership": "D"}, {"maxAge": 1, "shares": 28500, "filerUrl": "", "transactionText": "", "filerName": "Parekh (Ajay Balvantray)", "filerRelation": "UNREPORTED", "moneyText": "", "startDate": "2013-12-23", "ownership": "D"}, {"maxAge": 1, "shares": 35188, "filerUrl": "", "transactionText": "", "filerName": "Parekh (Kalpana Apurva)", "filerRelation": "Promoter", "moneyText": "", "startDate": "2013-06-06", "ownership": "D"}, {"maxAge": 1, "shares": 42312, "filerUrl": "", "transactionText": "", "filerName": "Parekh (Kanta Balvantray)", "filerRelation": "Promoter", "moneyText": "", "startDate": "2013-06-06", "ownership": "D"}, {"maxAge": 1, "shares": 45876, "filerUrl": "", "transactionText": "", "filerName": "Parekh (Kanta Balvantray)", "filerRelation": "Promoter", "moneyText": "", "startDate": "2013-03-14", "ownership": "D"}], "maxAge": 1}, "quoteType": {"exchange": "NSI", "quoteType": "EQUITY", "symbol": "VINYLINDIA.NS", "underlyingSymbol": "VINYLINDIA.NS", "shortName": "VINYL CHEMICALS(IN", "longName": "Vinyl Chemicals (India) Limited", "firstTradeDateEpochUtc": "2008-01-01 09:15:00", "timeZoneFullName": "Asia/Kolkata", "timeZoneShortName": "IST", "uuid": "7150d50d-494a-39a1-90ff-1befdc1fb703", "gmtOffSetMilliseconds": 19800000, "maxAge": 1}, "incomeStatementHistory": {"incomeStatementHistory": [{"maxAge": 1, "endDate": "2020-03-31", "totalRevenue": 3723275728, "costOfRevenue": 3524421641, "grossProfit": 198854087, "researchDevelopment": {}, "sellingGeneralAdministrative": 32913922, "nonRecurring": {}, "otherOperatingExpenses": 13541032, "totalOperatingExpenses": 3570944844, "operatingIncome": 152330884, "totalOtherIncomeExpenseNet": -52432767, "ebit": 152330884, "interestExpense": -10562, "incomeBeforeTax": 99898117, "incomeTaxExpense": 25308781, "minorityInterest": {}, "netIncomeFromContinuingOps": 74589336, "discontinuedOperations": {}, "extraordinaryItems": {}, "effectOfAccountingCharges": {}, "otherItems": {}, "netIncome": 74589336, "netIncomeApplicableToCommonShares": 74589336}, {"maxAge": 1, "endDate": "2019-03-31", "totalRevenue": 4827645195, "costOfRevenue": 4540254435, "grossProfit": 287390760, "researchDevelopment": {}, "sellingGeneralAdministrative": 34650091, "nonRecurring": {}, "otherOperatingExpenses": 45374929, "totalOperatingExpenses": 4620345708, "operatingIncome": 207299487, "totalOtherIncomeExpenseNet": -67252129, "ebit": 207299487, "interestExpense": -29239, "incomeBeforeTax": 140047358, "incomeTaxExpense": 51446155, "minorityInterest": {}, "netIncomeFromContinuingOps": 88601203, "discontinuedOperations": {}, "extraordinaryItems": {}, "effectOfAccountingCharges": {}, "otherItems": {}, "netIncome": 88601203, "netIncomeApplicableToCommonShares": 88601203}, {"maxAge": 1, "endDate": "2018-03-31", "totalRevenue": 3751860516, "costOfRevenue": 3517848921, "grossProfit": 234011595, "researchDevelopment": {}, "sellingGeneralAdministrative": 31460416, "nonRecurring": {}, "otherOperatingExpenses": 17560865, "totalOperatingExpenses": 3566928796, "operatingIncome": 184931720, "totalOtherIncomeExpenseNet": -3766249, "ebit": 184931720, "interestExpense": -197721, "incomeBeforeTax": 181165471, "incomeTaxExpense": 64505512, "minorityInterest": {}, "netIncomeFromContinuingOps": 116659959, "discontinuedOperations": {}, "extraordinaryItems": {}, "effectOfAccountingCharges": {}, "otherItems": {}, "netIncome": 116659959, "netIncomeApplicableToCommonShares": 116659959}, {"maxAge": 1, "endDate": "2017-03-31", "totalRevenue": 2927135220, "costOfRevenue": 2767380943, "grossProfit": 159754277, "researchDevelopment": {}, "sellingGeneralAdministrative": 25921558, "nonRecurring": {}, "otherOperatingExpenses": 38291926, "totalOperatingExpenses": 2831649679, "operatingIncome": 95485541, "totalOtherIncomeExpenseNet": 38786536, "ebit": 95485541, "interestExpense": -1906, "incomeBeforeTax": 134272077, "incomeTaxExpense": 47112279, "minorityInterest": {}, "netIncomeFromContinuingOps": 87159798, "discontinuedOperations": {}, "extraordinaryItems": {}, "effectOfAccountingCharges": {}, "otherItems": {}, "netIncome": 87159798, "netIncomeApplicableToCommonShares": 87159798}], "maxAge": 86400}, "fundOwnership": {"ownershipList": [], "maxAge": 1}, "summaryDetail": {"maxAge": 1, "priceHint": 2, "previousClose": 129.0, "open": 127.6, "dayLow": 126.5, "dayHigh": 132.95, "regularMarketPreviousClose": 129.0, "regularMarketOpen": 127.6, "regularMarketDayLow": 126.5, "regularMarketDayHigh": 132.95, "dividendRate": 2.4, "dividendYield": 0.0186, "exDividendDate": "2020-08-31 05:30:00", "payoutRatio": 0.5687, "fiveYearAvgDividendYield": 2.63, "beta": 1.029237, "trailingPE": 30.080626, "volume": 110258, "regularMarketVolume": 110258, "averageVolume": 151402, "averageVolume10days": 50576, "averageDailyVolume10Day": 50576, "bid": 0.0, "ask": 0.0, "bidSize": 0, "askSize": 0, "marketCap": 2320657408, "fiftyTwoWeekLow": 40.6, "fiftyTwoWeekHigh": 143.1, "priceToSalesTrailing12Months": 0.750178, "fiftyDayAverage": 125.01765, "twoHundredDayAverage": 114.8883, "trailingAnnualDividendRate": 2.4, "trailingAnnualDividendYield": 0.018604651, "currency": "INR", "fromCurrency": null, "lastMarket": null, "algorithm": null, "tradeable": false}, "incomeStatementHistoryQuarterly": {"incomeStatementHistory": [{"maxAge": 1, "endDate": "2020-12-31", "totalRevenue": 1266900000, "costOfRevenue": 1188900000, "grossProfit": 78000000, "researchDevelopment": {}, "sellingGeneralAdministrative": 11800000, "nonRecurring": {}, "otherOperatingExpenses": 11000000, "totalOperatingExpenses": 1211700000, "operatingIncome": 55200000, "totalOtherIncomeExpenseNet": 9600000, "ebit": 55200000, "interestExpense": {}, "incomeBeforeTax": 64800000, "incomeTaxExpense": 16500000, "minorityInterest": {}, "netIncomeFromContinuingOps": 48300000, "discontinuedOperations": {}, "extraordinaryItems": {}, "effectOfAccountingCharges": {}, "otherItems": {}, "netIncome": 48300000, "netIncomeApplicableToCommonShares": 48300000}, {"maxAge": 1, "endDate": "2020-09-30", "totalRevenue": 816500000, "costOfRevenue": 785900000, "grossProfit": 30600000, "researchDevelopment": {}, "sellingGeneralAdministrative": 8300000, "nonRecurring": {}, "otherOperatingExpenses": 7700000, "totalOperatingExpenses": 801900000, "operatingIncome": 14600000, "totalOtherIncomeExpenseNet": 5500000, "ebit": 14600000, "interestExpense": -100000, "incomeBeforeTax": 20100000, "incomeTaxExpense": 5200000, "minorityInterest": {}, "netIncomeFromContinuingOps": 14900000, "discontinuedOperations": {}, "extraordinaryItems": {}, "effectOfAccountingCharges": {}, "otherItems": {}, "netIncome": 14900000, "netIncomeApplicableToCommonShares": 14900000}, {"maxAge": 1, "endDate": "2020-06-30", "totalRevenue": 298500000, "costOfRevenue": 270700000, "grossProfit": 27800000, "researchDevelopment": {}, "sellingGeneralAdministrative": 7900000, "nonRecurring": {}, "otherOperatingExpenses": 5500000, "totalOperatingExpenses": 284100000, "operatingIncome": 14400000, "totalOtherIncomeExpenseNet": 1400000, "ebit": 14400000, "interestExpense": -100000, "incomeBeforeTax": 15800000, "incomeTaxExpense": 4200000, "minorityInterest": {}, "netIncomeFromContinuingOps": 11600000, "discontinuedOperations": {}, "extraordinaryItems": {}, "effectOfAccountingCharges": {}, "otherItems": {}, "netIncome": 11600000, "netIncomeApplicableToCommonShares": 11600000}, {"maxAge": 1, "endDate": "2020-03-31", "totalRevenue": 711575728, "costOfRevenue": 654021641, "grossProfit": 57554087, "researchDevelopment": {}, "sellingGeneralAdministrative": 7513922, "nonRecurring": {}, "otherOperatingExpenses": 2541032, "totalOperatingExpenses": 664044844, "operatingIncome": 47530884, "totalOtherIncomeExpenseNet": -44432767, "ebit": 47530884, "interestExpense": -100000, "incomeBeforeTax": 3098117, "incomeTaxExpense": 608781, "minorityInterest": {}, "netIncomeFromContinuingOps": 2489336, "discontinuedOperations": {}, "extraordinaryItems": {}, "effectOfAccountingCharges": {}, "otherItems": {}, "netIncome": 2489336, "netIncomeApplicableToCommonShares": 2489336}], "maxAge": 86400}, "cashflowStatementHistoryQuarterly": {"cashflowStatements": [{"maxAge": 1, "endDate": "2020-12-31", "netIncome": 48300000, "changeToLiabilities": 0}, {"maxAge": 1, "endDate": "2020-09-30", "netIncome": 14900000, "changeToLiabilities": 0}, {"maxAge": 1, "endDate": "2020-06-30", "netIncome": 11600000, "changeToLiabilities": 0}, {"maxAge": 1, "endDate": "2020-03-31", "netIncome": 2489336, "changeToLiabilities": 0}], "maxAge": 86400}, "insiderHolders": {"holders": [{"maxAge": 1, "name": "Parekh (Ajay Balvantray)", "relation": "UNREPORTED", "url": "", "transactionDescription": "Gift", "latestTransDate": "2013-12-23", "positionDirect": 0, "positionDirectDate": "2013-12-23"}, {"maxAge": 1, "name": "Parekh (Kalpana Apurva)", "relation": "Promoter", "url": "", "transactionDescription": "Other", "latestTransDate": "2019-03-29", "positionDirect": 21502, "positionDirectDate": "2019-03-29"}, {"maxAge": 1, "name": "Parekh (Kamalini Rashmikant)", "relation": "UNREPORTED", "url": "", "transactionDescription": "Other", "latestTransDate": "2018-02-10", "positionDirect": 12300, "positionDirectDate": "2018-02-10"}, {"maxAge": 1, "name": "Parekh (Kanta Balvantray)", "relation": "Promoter", "url": "", "transactionDescription": "Sale", "latestTransDate": "2013-06-06", "positionDirect": 17814, "positionDirectDate": "2013-06-06"}, {"maxAge": 1, "name": "Parekh (Rashmikant Himatlal)", "relation": "UNREPORTED", "url": "", "transactionDescription": "Other", "latestTransDate": "2018-02-10", "positionDirect": 25200, "positionDirectDate": "2018-02-10"}], "maxAge": 1}, "calendarEvents": {"maxAge": 1, "earnings": {"earningsDate": []}, "exDividendDate": "2020-08-31 05:30:00"}, "upgradeDowngradeHistory": {"history": [], "maxAge": 86400}, "price": {"maxAge": 1, "regularMarketChangePercent": -0.016666679, "regularMarketChange": -2.1500015, "regularMarketTime": "2021-04-30 15:29:59", "priceHint": 2, "regularMarketPrice": 126.85, "regularMarketDayHigh": 132.95, "regularMarketDayLow": 126.5, "regularMarketVolume": 110258, "averageDailyVolume10Day": 50576, "averageDailyVolume3Month": 151402, "regularMarketPreviousClose": 129.0, "regularMarketSource": "FREE_REALTIME", "regularMarketOpen": 127.6, "exchange": "NSI", "exchangeName": "NSE", "exchangeDataDelayedBy": 15, "marketState": "CLOSED", "quoteType": "EQUITY", "symbol": "VINYLINDIA.NS", "underlyingSymbol": null, "shortName": "VINYL CHEMICALS(IN", "longName": "Vinyl Chemicals (India) Limited", "currency": "INR", "quoteSourceName": "Delayed Quote", "currencySymbol": "\u20b9", "fromCurrency": null, "lastMarket": null, "marketCap": 2320657408}, "balanceSheetHistory": {"balanceSheetStatements": [{"maxAge": 1, "endDate": "2020-03-31", "cash": 106325517, "shortTermInvestments": 474176137, "netReceivables": 455892227, "inventory": 478226926, "otherCurrentAssets": 32501885, "totalCurrentAssets": 1547122692, "propertyPlantEquipment": 2104271, "otherAssets": 6652697, "deferredLongTermAssetCharges": 308330, "totalAssets": 1555879660, "accountsPayable": 918000972, "otherCurrentLiab": 9882430, "longTermDebt": 4947308, "otherLiab": 1314498, "totalCurrentLiabilities": 938127017, "totalLiab": 944388823, "commonStock": 18337111, "retainedEarnings": 587700101, "treasuryStock": 5453625, "otherStockholderEquity": 5453625, "totalStockholderEquity": 611490837, "netTangibleAssets": 611490837}, {"maxAge": 1, "endDate": "2019-03-31", "cash": 85808119, "shortTermInvestments": 21780207, "netReceivables": 638854967, "inventory": 662954296, "otherCurrentAssets": 17930909, "totalCurrentAssets": 1428589948, "propertyPlantEquipment": 2172520, "otherAssets": 6345494, "totalAssets": 1437107962, "accountsPayable": 781881292, "otherCurrentLiab": 45146125, "longTermDebt": 4947308, "otherLiab": 907892, "totalCurrentLiabilities": 840949703, "totalLiab": 846804903, "commonStock": 18337111, "retainedEarnings": 566512323, "treasuryStock": 5453625, "otherStockholderEquity": 5453625, "totalStockholderEquity": 590303059, "netTangibleAssets": 590303059}, {"maxAge": 1, "endDate": "2018-03-31", "cash": 14785062, "shortTermInvestments": 338236110, "netReceivables": 775586671, "inventory": 553495999, "otherCurrentAssets": 23066423, "totalCurrentAssets": 1705498114, "propertyPlantEquipment": 2213773, "otherAssets": 5397060, "deferredLongTermAssetCharges": 420656, "totalAssets": 1713108947, "accountsPayable": 1114950918, "otherCurrentLiab": 25729931, "longTermDebt": 4947308, "otherLiab": 526897, "totalCurrentLiabilities": 1152719816, "totalLiab": 1158194021, "commonStock": 18337111, "retainedEarnings": 531124190, "treasuryStock": 5453625, "otherStockholderEquity": 5453625, "totalStockholderEquity": 554914926, "netTangibleAssets": 554914926}, {"maxAge": 1, "endDate": "2017-03-31", "cash": 2213809, "shortTermInvestments": 385474866, "netReceivables": 461978079, "inventory": 177141207, "otherCurrentAssets": 5291474, "totalCurrentAssets": 1032258560, "propertyPlantEquipment": 2232278, "otherAssets": 10119975, "deferredLongTermAssetCharges": 3333304, "totalAssets": 1044610813, "accountsPayable": 526379567, "shortLongTermDebt": 4947308, "otherCurrentLiab": 24636753, "otherLiab": 7560326, "totalCurrentLiabilities": 559148941, "totalLiab": 566709267, "commonStock": 18337111, "retainedEarnings": 454110810, "treasuryStock": 5453625, "otherStockholderEquity": 5453625, "totalStockholderEquity": 477901546, "netTangibleAssets": 477901546}], "maxAge": 86400}, "financialData": {"maxAge": 86400, "currentPrice": 126.85, "recommendationKey": "none", "totalCash": 339500000, "totalCashPerShare": 18.557, "ebitda": 131800632, "totalDebt": 4900000, "totalRevenue": 3093475840, "debtToEquity": 0.825, "revenuePerShare": 168.776, "grossProfits": 198854087, "earningsGrowth": 0.245, "revenueGrowth": 0.145, "grossMargins": 0.0627, "ebitdaMargins": 0.04261, "operatingMargins": 0.042579997, "profitMargins": 0.02498, "financialCurrency": "INR"}}}