{"VINYOFL.BO": {"cashflowStatementHistory": {"cashflowStatements": [{"maxAge": 1, "endDate": "2020-03-31", "netIncome": 25065000, "depreciation": 3244000, "changeToNetincome": 457000, "changeToAccountReceivables": -23076775, "changeToLiabilities": -6375000, "changeToInventory": -6913000, "totalCashFromOperatingActivities": -7598775, "capitalExpenditures": -4279000, "otherCashflowsFromInvestingActivities": 407000, "totalCashflowsFromInvestingActivities": -2998000, "netBorrowings": 12244000, "otherCashflowsFromFinancingActivities": -1651000, "totalCashFromFinancingActivities": 10593000, "changeInCash": -3775}, {"maxAge": 1, "endDate": "2019-03-31", "netIncome": 17746000, "depreciation": 3244000, "changeToNetincome": 457000, "changeToAccountReceivables": -23076775, "changeToLiabilities": 0, "changeToInventory": -6913000, "totalCashFromOperatingActivities": -7598775, "capitalExpenditures": -4279000, "otherCashflowsFromInvestingActivities": 407000, "totalCashflowsFromInvestingActivities": -2998000, "netBorrowings": 12244000, "otherCashflowsFromFinancingActivities": -1651000, "totalCashFromFinancingActivities": 10593000, "changeInCash": -3775}, {"maxAge": 1, "endDate": "2018-03-31", "netIncome": 18661431, "depreciation": 2700000, "changeToNetincome": 944569, "changeToAccountReceivables": -21933000, "changeToLiabilities": -5444000, "changeToInventory": 9351000, "totalCashFromOperatingActivities": 4280000, "capitalExpenditures": -4696000, "otherCashflowsFromInvestingActivities": 1092000, "totalCashflowsFromInvestingActivities": -2270000, "netBorrowings": -116000, "otherCashflowsFromFinancingActivities": -2094000, "totalCashFromFinancingActivities": -2210000, "changeInCash": -200000}, {"maxAge": 1, "endDate": "2017-03-31", "netIncome": 16929618, "depreciation": 2598000, "changeToNetincome": 2316383, "changeToAccountReceivables": -8758000, "changeToLiabilities": 8796000, "changeToInventory": -14079000, "totalCashFromOperatingActivities": 7803000, "capitalExpenditures": -2459000, "otherCashflowsFromInvestingActivities": 292000, "totalCashflowsFromInvestingActivities": -3224000, "netBorrowings": -6289000, "otherCashflowsFromFinancingActivities": -2761000, "totalCashFromFinancingActivities": -9050000, "changeInCash": -4471000}], "maxAge": 86400}, "institutionOwnership": {"maxAge": 1, "ownershipList": []}, "balanceSheetHistoryQuarterly": {"balanceSheetStatements": [{"maxAge": 1, "endDate": "2020-06-30", "cash": 544000, "netReceivables": 152976000, "inventory": 46794000, "totalCurrentAssets": 200314000, "longTermInvestments": 17000, "propertyPlantEquipment": 25839000, "otherAssets": 2225000, "totalAssets": 228395000, "accountsPayable": 13435000, "otherCurrentLiab": 7040000, "otherLiab": 2250000, "totalCurrentLiabilities": 32319000, "totalLiab": 34569000, "commonStock": 43190000, "retainedEarnings": 150636000, "totalStockholderEquity": 193826000, "netTangibleAssets": 193826000}, {"maxAge": 1, "endDate": "2020-03-31", "cash": 898000, "netReceivables": 185740000, "inventory": 57492000, "totalCurrentAssets": 244386000, "longTermInvestments": 17000, "propertyPlantEquipment": 26397000, "otherAssets": 2225000, "totalAssets": 273025000, "accountsPayable": 17846000, "otherCurrentLiab": 5144000, "otherLiab": 2250000, "totalCurrentLiabilities": 76808000, "totalLiab": 79058000, "commonStock": 43190000, "retainedEarnings": 150777000, "totalStockholderEquity": 193967000, "netTangibleAssets": 193967000}, {"maxAge": 1, "endDate": "2019-12-31", "totalStockholderEquity": 178120000, "netTangibleAssets": 178120000}, {"maxAge": 1, "endDate": "2019-09-30", "cash": 9707000, "netReceivables": 112364000, "inventory": 54863000, "totalCurrentAssets": 176934000, "longTermInvestments": 17000, "propertyPlantEquipment": 26018000, "otherAssets": 2225000, "totalAssets": 205194000, "accountsPayable": 18311000, "otherCurrentLiab": 5725000, "otherLiab": 3038000, "totalCurrentLiabilities": 24036000, "totalLiab": 27074000, "commonStock": 43190000, "retainedEarnings": 134930000, "totalStockholderEquity": 178120000, "netTangibleAssets": 178120000}], "maxAge": 86400}, "indexTrend": {"maxAge": 1, "symbol": "SP5", "peRatio": 19.7411, "pegRatio": 1.34172, "estimates": [{"period": "0q", "growth": 0.549}, {"period": "+1q", "growth": 0.431}, {"period": "0y", "growth": 0.305}, {"period": "+1y", "growth": 0.109}, {"period": "+5y", "growth": 0.120859005}, {"period": "-5y"}]}, "insiderTransactions": {"transactions": [{"maxAge": 1, "shares": 100, "filerUrl": "", "transactionText": "", "filerName": "Kansarga (Jayakumar Jayantilal)", "filerRelation": "Promoter", "moneyText": "", "startDate": "2019-06-06", "ownership": "D"}, {"maxAge": 1, "shares": 0, "filerUrl": "", "transactionText": "", "filerName": "Kansarga (Jayakumar Jayantilal)", "filerRelation": "UNREPORTED", "moneyText": "", "startDate": "2019-06-06", "ownership": "I"}], "maxAge": 1}, "quoteType": {"exchange": "BSE", "quoteType": "EQUITY", "symbol": "VINYOFL.BO", "underlyingSymbol": "VINYOFL.BO", "shortName": "VINYOFLEX LTD.", "longName": "Vinyoflex Limited", "firstTradeDateEpochUtc": "2008-04-22 09:15:00", "timeZoneFullName": "Asia/Kolkata", "timeZoneShortName": "IST", "uuid": "b1211dd0-ad96-36f6-a81d-1571a0e11352", "messageBoardId": null, "gmtOffSetMilliseconds": 19800000, "maxAge": 1}, "incomeStatementHistory": {"incomeStatementHistory": [{"maxAge": 1, "endDate": "2020-03-31", "totalRevenue": 377073000, "costOfRevenue": 278278000, "grossProfit": 98795000, "researchDevelopment": {}, "sellingGeneralAdministrative": 19015000, "nonRecurring": {}, "otherOperatingExpenses": 40941000, "totalOperatingExpenses": 341478000, "operatingIncome": 35595000, "totalOtherIncomeExpenseNet": -1577000, "ebit": 35595000, "interestExpense": -1577000, "incomeBeforeTax": 34018000, "incomeTaxExpense": 8953000, "minorityInterest": {}, "netIncomeFromContinuingOps": 25065000, "discontinuedOperations": {}, "extraordinaryItems": {}, "effectOfAccountingCharges": {}, "otherItems": {}, "netIncome": 25065000, "netIncomeApplicableToCommonShares": 25065000}, {"maxAge": 1, "endDate": "2019-03-31", "totalRevenue": 389972000, "costOfRevenue": 304603000, "grossProfit": 85369000, "researchDevelopment": {}, "sellingGeneralAdministrative": 16733000, "nonRecurring": {}, "otherOperatingExpenses": 39480000, "totalOperatingExpenses": 363780000, "operatingIncome": 26192000, "totalOtherIncomeExpenseNet": -1513000, "ebit": 26192000, "interestExpense": -1513000, "incomeBeforeTax": 24679000, "incomeTaxExpense": 6933000, "minorityInterest": {}, "netIncomeFromContinuingOps": 17746000, "discontinuedOperations": {}, "extraordinaryItems": {}, "effectOfAccountingCharges": {}, "otherItems": {}, "netIncome": 17746000, "netIncomeApplicableToCommonShares": 17746000}, {"maxAge": 1, "endDate": "2018-03-31", "totalRevenue": 337899916, "costOfRevenue": 257572880, "grossProfit": 80327036, "researchDevelopment": {}, "sellingGeneralAdministrative": 15956290, "nonRecurring": {}, "otherOperatingExpenses": 34032730, "totalOperatingExpenses": 310262368, "operatingIncome": 27637548, "totalOtherIncomeExpenseNet": -1881749, "ebit": 27637548, "interestExpense": -2029633, "incomeBeforeTax": 25755799, "incomeTaxExpense": 7094368, "minorityInterest": {}, "netIncomeFromContinuingOps": 18661431, "discontinuedOperations": {}, "extraordinaryItems": {}, "effectOfAccountingCharges": {}, "otherItems": {}, "netIncome": 18661431, "netIncomeApplicableToCommonShares": 18661431}, {"maxAge": 1, "endDate": "2017-03-31", "totalRevenue": 311005767, "costOfRevenue": 238016137, "grossProfit": 72989630, "researchDevelopment": {}, "sellingGeneralAdministrative": 7732644, "nonRecurring": {}, "otherOperatingExpenses": 34800451, "totalOperatingExpenses": 283147356, "operatingIncome": 27858411, "totalOtherIncomeExpenseNet": -2532328, "ebit": 27858411, "interestExpense": -2761257, "incomeBeforeTax": 25326083, "incomeTaxExpense": 8396465, "minorityInterest": {}, "netIncomeFromContinuingOps": 16929618, "discontinuedOperations": {}, "extraordinaryItems": {}, "effectOfAccountingCharges": {}, "otherItems": {}, "netIncome": 16929618, "netIncomeApplicableToCommonShares": 16929618}], "maxAge": 86400}, "fundOwnership": {"maxAge": 1, "ownershipList": []}, "summaryDetail": {"maxAge": 1, "priceHint": 2, "previousClose": 28.1, "open": 29.0, "dayLow": 28.9, "dayHigh": 29.4, "regularMarketPreviousClose": 28.1, "regularMarketOpen": 29.0, "regularMarketDayLow": 28.9, "regularMarketDayHigh": 29.4, "trailingPE": 6.5044246, "volume": 650, "regularMarketVolume": 650, "averageVolume": 4546, "averageVolume10days": 2992, "averageDailyVolume10Day": 2992, "bid": 27.1, "ask": 29.4, "bidSize": 0, "askSize": 0, "marketCap": 126978600, "fiftyTwoWeekLow": 15.25, "fiftyTwoWeekHigh": 37.65, "fiftyDayAverage": 29.332857, "twoHundredDayAverage": 22.345621, "currency": "INR", "fromCurrency": null, "toCurrency": null, "lastMarket": null, "algorithm": null, "tradeable": false}, "incomeStatementHistoryQuarterly": {"incomeStatementHistory": [{"maxAge": 1, "endDate": "2020-06-30", "totalRevenue": 21892000, "costOfRevenue": 13011000, "grossProfit": 8881000, "researchDevelopment": {}, "sellingGeneralAdministrative": 3415000, "nonRecurring": {}, "otherOperatingExpenses": 3565000, "totalOperatingExpenses": 20802000, "operatingIncome": 1090000, "totalOtherIncomeExpenseNet": -1232000, "ebit": 1090000, "interestExpense": -1232000, "incomeBeforeTax": -142000, "incomeTaxExpense": 0, "minorityInterest": {}, "netIncomeFromContinuingOps": -142000, "discontinuedOperations": {}, "extraordinaryItems": {}, "effectOfAccountingCharges": {}, "otherItems": {}, "netIncome": -142000, "netIncomeApplicableToCommonShares": -142000}, {"maxAge": 1, "endDate": "2020-03-31", "totalRevenue": 107149000, "costOfRevenue": 77155000, "grossProfit": 29994000, "researchDevelopment": {}, "sellingGeneralAdministrative": 3846000, "nonRecurring": {}, "otherOperatingExpenses": 11621000, "totalOperatingExpenses": 93466000, "operatingIncome": 13683000, "totalOtherIncomeExpenseNet": -659000, "ebit": 13683000, "interestExpense": -659000, "incomeBeforeTax": 13024000, "incomeTaxExpense": 3453000, "minorityInterest": {}, "netIncomeFromContinuingOps": 9571000, "discontinuedOperations": {}, "extraordinaryItems": {}, "effectOfAccountingCharges": {}, "otherItems": {}, "netIncome": 9571000, "netIncomeApplicableToCommonShares": 9571000}, {"maxAge": 1, "endDate": "2019-12-31", "totalRevenue": 100187000, "costOfRevenue": 74235000, "grossProfit": 25952000, "researchDevelopment": {}, "sellingGeneralAdministrative": 5749000, "nonRecurring": {}, "otherOperatingExpenses": 10568000, "totalOperatingExpenses": 91352000, "operatingIncome": 8835000, "totalOtherIncomeExpenseNet": -60000, "ebit": 8835000, "interestExpense": -60000, "incomeBeforeTax": 8775000, "incomeTaxExpense": 2500000, "minorityInterest": {}, "netIncomeFromContinuingOps": 6275000, "discontinuedOperations": {}, "extraordinaryItems": {}, "effectOfAccountingCharges": {}, "otherItems": {}, "netIncome": 6275000, "netIncomeApplicableToCommonShares": 6275000}, {"maxAge": 1, "endDate": "2019-09-30", "totalRevenue": 76672000, "costOfRevenue": 56526000, "grossProfit": 20146000, "researchDevelopment": {}, "sellingGeneralAdministrative": 5390000, "nonRecurring": {}, "otherOperatingExpenses": 8204000, "totalOperatingExpenses": 70920000, "operatingIncome": 5752000, "totalOtherIncomeExpenseNet": -42000, "ebit": 5752000, "interestExpense": -42000, "incomeBeforeTax": 5710000, "incomeTaxExpense": 1400000, "minorityInterest": {}, "netIncomeFromContinuingOps": 4310000, "discontinuedOperations": {}, "extraordinaryItems": {}, "effectOfAccountingCharges": {}, "otherItems": {}, "netIncome": 4310000, "netIncomeApplicableToCommonShares": 4310000}], "maxAge": 86400}, "cashflowStatementHistoryQuarterly": {"cashflowStatements": [{"maxAge": 1, "endDate": "2020-06-30", "netIncome": -142000, "changeToLiabilities": 0}, {"maxAge": 1, "endDate": "2020-03-31", "netIncome": 9571000, "changeToLiabilities": 0}, {"maxAge": 1, "endDate": "2019-12-31", "netIncome": 6275000, "changeToLiabilities": 0}, {"maxAge": 1, "endDate": "2019-09-30", "netIncome": 4310000, "changeToLiabilities": 0}], "maxAge": 86400}, "insiderHolders": {"holders": [{"maxAge": 1, "name": "Kansarga (Jayakumar Jayantilal)", "relation": "Promoter", "url": "", "transactionDescription": "Sale", "latestTransDate": "2019-06-06", "positionDirect": 29900, "positionDirectDate": "2019-06-06"}], "maxAge": 1}, "calendarEvents": {"maxAge": 1, "earnings": {"earningsDate": []}}, "price": {"maxAge": 1, "regularMarketChangePercent": 0.04626332, "regularMarketChange": 1.2999992, "regularMarketTime": "2021-04-30 12:38:56", "priceHint": 2, "regularMarketPrice": 29.4, "regularMarketDayHigh": 29.4, "regularMarketDayLow": 28.9, "regularMarketVolume": 650, "averageDailyVolume10Day": 2992, "averageDailyVolume3Month": 4546, "regularMarketPreviousClose": 28.1, "regularMarketSource": "FREE_REALTIME", "regularMarketOpen": 29.0, "exchange": "BSE", "exchangeName": "BSE", "exchangeDataDelayedBy": 0, "marketState": "CLOSED", "quoteType": "EQUITY", "symbol": "VINYOFL.BO", "underlyingSymbol": null, "shortName": "VINYOFLEX LTD.", "longName": "Vinyoflex Limited", "currency": "INR", "quoteSourceName": "Delayed Quote", "currencySymbol": "\u20b9", "fromCurrency": null, "toCurrency": null, "lastMarket": null, "marketCap": 126978600}, "balanceSheetHistory": {"balanceSheetStatements": [{"maxAge": 1, "endDate": "2020-03-31", "cash": 898000, "netReceivables": 185740000, "inventory": 57492000, "totalCurrentAssets": 244386000, "longTermInvestments": 17000, "propertyPlantEquipment": 26397000, "otherAssets": 2225000, "totalAssets": 273025000, "accountsPayable": 17846000, "otherCurrentLiab": 5144000, "otherLiab": 2250000, "totalCurrentLiabilities": 76808000, "totalLiab": 79058000, "commonStock": 43190000, "retainedEarnings": 150777000, "totalStockholderEquity": 193967000, "netTangibleAssets": 193967000}, {"maxAge": 1, "endDate": "2019-03-31", "cash": 902000, "netReceivables": 163928000, "inventory": 50579000, "totalCurrentAssets": 215492000, "longTermInvestments": 17000, "propertyPlantEquipment": 25361000, "otherAssets": 2008000, "totalAssets": 242878000, "accountsPayable": 25922000, "otherCurrentLiab": 3444000, "otherLiab": 3038000, "totalCurrentLiabilities": 70938000, "totalLiab": 73976000, "commonStock": 43190000, "retainedEarnings": 125712000, "totalStockholderEquity": 168902000, "netTangibleAssets": 168902000}, {"maxAge": 1, "endDate": "2018-03-31", "cash": 865895, "netReceivables": 138489683, "inventory": 46049107, "totalCurrentAssets": 185517752, "longTermInvestments": 17000, "propertyPlantEquipment": 23140939, "otherAssets": 2008174, "totalAssets": 210683865, "accountsPayable": 13444936, "otherCurrentLiab": 4826296, "totalCurrentLiabilities": 59527344, "totalLiab": 59527344, "commonStock": 43190000, "retainedEarnings": 107966520, "totalStockholderEquity": 151156520, "netTangibleAssets": 151156520}, {"maxAge": 1, "endDate": "2017-03-31", "cash": 1065673, "netReceivables": 117940456, "inventory": 55400483, "totalCurrentAssets": 174469178, "longTermInvestments": 17000, "propertyPlantEquipment": 21145533, "otherAssets": 2008174, "totalAssets": 197639885, "accountsPayable": 19215758, "otherCurrentLiab": 4159452, "totalCurrentLiabilities": 65144796, "totalLiab": 65144796, "commonStock": 43190000, "retainedEarnings": 89305088, "totalStockholderEquity": 132495088, "netTangibleAssets": 132495088}], "maxAge": 86400}, "financialData": {"maxAge": 86400, "currentPrice": 29.4, "recommendationKey": "none", "grossProfits": 98795000, "financialCurrency": "INR"}}}