{"VIPCLOTHNG.NS": {"assetProfile": {"address1": "C-6, Street No. 22", "address2": "MIDC Andheri (East)", "city": "Mumbai", "zip": "400093", "country": "India", "phone": "91 22 2825 7624", "fax": "91 22 2837 1023", "website": "http://www.vipclothing.in", "industry": "Apparel Manufacturing", "sector": "Consumer Cyclical", "longBusinessSummary": "VIP Clothing Limited manufactures, markets, and distributes garments in India. It offers innerwear and socks for men and women under the VIP, Frenchie, Feelings, Leader, and Brat brands. The company operates through 550 dealer network and 110,000 retail outlets in India. It also exports its products. The company was formerly known as Maxwell Industries Limited and changed its name to VIP Clothing Limited in October 2016. VIP Clothing Limited was founded in 1971 and is headquartered in Mumbai, India.", "fullTimeEmployees": 1408, "companyOfficers": [{"maxAge": 1, "name": "Mr. Sunil Jaykumar Pathare", "age": 49, "title": "Exec. Chairman & MD", "yearBorn": 1971, "fiscalYear": 2020, "totalPay": 9006000, "exercisedValue": 0, "unexercisedValue": 0}, {"maxAge": 1, "name": "Mr. Devendra  Vyas", "age": 45, "title": "Chief Financial Officer", "yearBorn": 1975, "fiscalYear": 2020, "totalPay": 3759000, "exercisedValue": 0, "unexercisedValue": 0}, {"maxAge": 1, "name": "Mr. Kapil Jaykumar Pathare", "age": 41, "title": "Whole Time Director", "yearBorn": 1979, "fiscalYear": 2020, "totalPay": 7524000, "exercisedValue": 0, "unexercisedValue": 0}, {"maxAge": 1, "name": "Ms. Archana  Mungunti", "title": "Company Sec. & Compliance Officer", "exercisedValue": 0, "unexercisedValue": 0}, {"maxAge": 1, "name": "Mr. Prashant  Mulki", "age": 54, "title": "Bus. Head of Sales", "yearBorn": 1966, "exercisedValue": 0, "unexercisedValue": 0}, {"maxAge": 1, "name": "Mr. Amit  Mhatre", "age": 46, "title": "Bus. Head of Sales", "yearBorn": 1974, "exercisedValue": 0, "unexercisedValue": 0}, {"maxAge": 1, "name": "Mr. Avadhoot  Sansare", "title": "Bus. Head - VIP", "exercisedValue": 0, "unexercisedValue": 0}, {"maxAge": 1, "name": "Suresh  Kumar C.", "age": 44, "title": "Head of Quality Assurance", "yearBorn": 1976, "exercisedValue": 0, "unexercisedValue": 0}, {"maxAge": 1, "name": "Bhushan  Patel", "age": 47, "title": "Bus. Head of Sales", "yearBorn": 1973, "exercisedValue": 0, "unexercisedValue": 0}, {"maxAge": 1, "name": "Sunny  Thukral", "age": 38, "title": "Head of Sourcing Accessories, Packaging & Logistics", "yearBorn": 1982, "exercisedValue": 0, "unexercisedValue": 0}], "compensationAsOfEpochDate": "2020-12-31 05:30:00", "maxAge": 86400}, "cashflowStatementHistory": {"cashflowStatements": [{"maxAge": 1, "endDate": "2020-03-31", "netIncome": -149504000, "depreciation": 37902000, "changeToNetincome": -83707000, "changeToAccountReceivables": 118252000, "changeToLiabilities": -35000, "changeToInventory": 193239000, "changeToOperatingActivities": 57984000, "totalCashFromOperatingActivities": 178634000, "capitalExpenditures": -49570000, "investments": 29193000, "otherCashflowsFromInvestingActivities": 4480000, "totalCashflowsFromInvestingActivities": -15883000, "netBorrowings": -39521000, "otherCashflowsFromFinancingActivities": -105240000, "totalCashFromFinancingActivities": -144761000, "changeInCash": 17990000}, {"maxAge": 1, "endDate": "2019-03-31", "netIncome": -61934000, "depreciation": 28365000, "changeToNetincome": 73527000, "changeToAccountReceivables": 47236000, "changeToLiabilities": -33324000, "changeToInventory": 17939000, "changeToOperatingActivities": -7236000, "totalCashFromOperatingActivities": 69309000, "capitalExpenditures": -5436000, "investments": -5935000, "otherCashflowsFromInvestingActivities": 4380000, "totalCashflowsFromInvestingActivities": -6836000, "netBorrowings": 25690000, "otherCashflowsFromFinancingActivities": -88070000, "totalCashFromFinancingActivities": -62380000, "changeInCash": 93000}, {"maxAge": 1, "endDate": "2018-03-31", "netIncome": -30723000, "depreciation": 29582000, "changeToNetincome": 106848000, "changeToAccountReceivables": -123118000, "changeToLiabilities": 14088000, "changeToInventory": -101724000, "changeToOperatingActivities": -65755000, "totalCashFromOperatingActivities": -166352000, "capitalExpenditures": -8370000, "investments": -5935000, "otherCashflowsFromInvestingActivities": 12768000, "totalCashflowsFromInvestingActivities": 28707000, "netBorrowings": -161603000, "otherCashflowsFromFinancingActivities": -103962000, "totalCashFromFinancingActivities": 148809000, "changeInCash": 11164000, "issuanceOfStock": 414374000}, {"maxAge": 1, "endDate": "2017-03-31", "netIncome": -73873000, "depreciation": 35765000, "changeToNetincome": 109707000, "changeToAccountReceivables": -95712000, "changeToLiabilities": -12339000, "changeToInventory": 122440000, "changeToOperatingActivities": 16360000, "totalCashFromOperatingActivities": 102348000, "capitalExpenditures": -5000000, "investments": -5935000, "otherCashflowsFromInvestingActivities": 13422000, "totalCashflowsFromInvestingActivities": 118049000, "netBorrowings": -91178000, "otherCashflowsFromFinancingActivities": -118594000, "totalCashFromFinancingActivities": -209772000, "changeInCash": 10625000, "issuanceOfStock": 414374000}], "maxAge": 86400}, "institutionOwnership": {"ownershipList": [], "maxAge": 1}, "majorHoldersBreakdown": {"maxAge": 1, "insidersPercentHeld": 0.58612996, "institutionsPercentHeld": 0.0, "institutionsFloatPercentHeld": 0.0, "institutionsCount": 0}, "balanceSheetHistoryQuarterly": {"balanceSheetStatements": [{"maxAge": 1, "endDate": "2020-12-31", "totalStockholderEquity": 1311852000, "netTangibleAssets": 617933000}, {"maxAge": 1, "endDate": "2020-09-30", "cash": 44749000, "netReceivables": 597856000, "inventory": 723132000, "otherCurrentAssets": 153550000, "totalCurrentAssets": 1519287000, "longTermInvestments": 25000, "propertyPlantEquipment": 380256000, "intangibleAssets": 693919000, "otherAssets": 13555000, "totalAssets": 2607042000, "accountsPayable": 167782000, "otherCurrentLiab": 71565000, "longTermDebt": 20418000, "otherLiab": 276195000, "totalCurrentLiabilities": 998577000, "totalLiab": 1295190000, "commonStock": 165193000, "treasuryStock": 1146659000, "otherStockholderEquity": 1146659000, "totalStockholderEquity": 1311852000, "netTangibleAssets": 617933000}, {"maxAge": 1, "endDate": "2020-06-30", "totalStockholderEquity": 1365943000, "netTangibleAssets": 671709000}, {"maxAge": 1, "endDate": "2020-03-31", "cash": 18150000, "shortTermInvestments": 23248000, "netReceivables": 630329000, "inventory": 923714000, "otherCurrentAssets": 15046000, "totalCurrentAssets": 1617047000, "longTermInvestments": 25000, "propertyPlantEquipment": 398115000, "intangibleAssets": 694234000, "otherAssets": 13660000, "totalAssets": 2723081000, "accountsPayable": 207495000, "shortLongTermDebt": 688000, "otherCurrentLiab": 38552000, "longTermDebt": 1485000, "otherLiab": 238061000, "totalCurrentLiabilities": 1075994000, "totalLiab": 1357139000, "commonStock": 165193000, "retainedEarnings": 50009000, "treasuryStock": 403500000, "capitalSurplus": 747240000, "otherStockholderEquity": 403500000, "totalStockholderEquity": 1365942000, "netTangibleAssets": 671708000}], "maxAge": 86400}, "indexTrend": {"maxAge": 1, "symbol": "SP5", "peRatio": 19.7411, "pegRatio": 1.34172, "estimates": [{"period": "0q", "growth": 0.549}, {"period": "+1q", "growth": 0.431}, {"period": "0y", "growth": 0.305}, {"period": "+1y", "growth": 0.109}, {"period": "+5y", "growth": 0.120865}, {"period": "-5y"}]}, "defaultKeyStatistics": {"maxAge": 1, "priceHint": 2, "enterpriseValue": 1793799296, "profitMargins": -0.10429, "floatShares": 35205772, "sharesOutstanding": 82596496, "heldPercentInsiders": 0.58612996, "heldPercentInstitutions": 0.0, "beta": 1.541799, "category": null, "bookValue": 17.098, "priceToBook": 0.75739855, "fundFamily": null, "legalType": null, "lastFiscalYearEnd": "2020-03-31 05:30:00", "nextFiscalYearEnd": "2022-03-31 05:30:00", "mostRecentQuarter": "2020-12-31 05:30:00", "netIncomeToCommon": -138715008, "trailingEps": -1.694, "lastSplitFactor": null, "enterpriseToRevenue": 1.349, "enterpriseToEbitda": -81.426}, "summaryProfile": {"address1": "C-6, Street No. 22", "address2": "MIDC Andheri (East)", "city": "Mumbai", "zip": "400093", "country": "India", "phone": "91 22 2825 7624", "fax": "91 22 2837 1023", "website": "http://www.vipclothing.in", "industry": "Apparel Manufacturing", "sector": "Consumer Cyclical", "longBusinessSummary": "VIP Clothing Limited manufactures, markets, and distributes garments in India. It offers innerwear and socks for men and women under the VIP, Frenchie, Feelings, Leader, and Brat brands. The company operates through 550 dealer network and 110,000 retail outlets in India. It also exports its products. The company was formerly known as Maxwell Industries Limited and changed its name to VIP Clothing Limited in October 2016. VIP Clothing Limited was founded in 1971 and is headquartered in Mumbai, India.", "fullTimeEmployees": 1408, "companyOfficers": [], "maxAge": 86400}, "netSharePurchaseActivity": {"maxAge": 1, "period": "6m", "buyInfoCount": 0, "buyInfoShares": 0, "sellInfoCount": 0, "netInfoCount": 0, "netInfoShares": 0, "netPercentInsiderShares": 0.0, "totalInsiderShares": 48840612}, "insiderTransactions": {"transactions": [{"maxAge": 1, "shares": 20000, "value": 3866, "filerUrl": "", "transactionText": "Acquisition at price 0.19 per share.", "filerName": "Maxwell Capital Management Pvt Ltd", "filerRelation": "Promoter", "moneyText": "", "startDate": "2021-03-30", "ownership": "D"}, {"maxAge": 1, "shares": 6000000, "filerUrl": "", "transactionText": "", "filerName": "Subhkam Properties Pvt. Ltd.", "filerRelation": "Promoter", "moneyText": "", "startDate": "2021-03-30", "ownership": "D"}, {"maxAge": 1, "shares": 2000000, "filerUrl": "", "transactionText": "", "filerName": "Subhkam Properties Pvt. Ltd.", "filerRelation": "Promoter", "moneyText": "", "startDate": "2021-03-23", "ownership": "D"}, {"maxAge": 1, "shares": 1500000, "filerUrl": "", "transactionText": "", "filerName": "Subhkam Properties Pvt. Ltd.", "filerRelation": "Promoter", "moneyText": "", "startDate": "2021-03-22", "ownership": "D"}, {"maxAge": 1, "shares": 10000, "value": 2207, "filerUrl": "", "transactionText": "Acquisition at price 0.22 per share.", "filerName": "Maxwell Capital Management Pvt Ltd", "filerRelation": "Promoter", "moneyText": "", "startDate": "2021-03-16", "ownership": "D"}, {"maxAge": 1, "shares": 13001, "filerUrl": "", "transactionText": "Acquisition at price 0.00 per share.", "filerName": "Pathare (Kanishk Sunil)", "filerRelation": "Promoter", "moneyText": "", "startDate": "2021-03-08", "ownership": "D"}, {"maxAge": 1, "shares": 20000, "value": 3930, "filerUrl": "", "transactionText": "Acquisition at price 0.20 per share.", "filerName": "Maxwell Capital Management Pvt Ltd", "filerRelation": "Promoter", "moneyText": "", "startDate": "2021-03-05", "ownership": "D"}, {"maxAge": 1, "shares": 300, "value": 59, "filerUrl": "", "transactionText": "Sale at price 0.20 per share.", "filerName": "Shende (Milind)", "filerRelation": "UNREPORTED", "moneyText": "", "startDate": "2021-02-11", "ownership": "D"}, {"maxAge": 1, "shares": 10000, "value": 1275, "filerUrl": "", "transactionText": "Acquisition at price 0.13 per share.", "filerName": "Pathare (Kanishk Sunil)", "filerRelation": "Promoter", "moneyText": "", "startDate": "2020-10-14", "ownership": "D"}, {"maxAge": 1, "shares": 0, "filerUrl": "", "transactionText": "", "filerName": "Pathare (Kanishk Sunil)", "filerRelation": "Promoter", "moneyText": "", "startDate": "2020-10-12", "ownership": "I"}, {"maxAge": 1, "shares": 23000, "value": 2852, "filerUrl": "", "transactionText": "Acquisition at price 0.12 per share.", "filerName": "Pathare (Kanishk Sunil)", "filerRelation": "Promoter", "moneyText": "", "startDate": "2020-10-12", "ownership": "D"}, {"maxAge": 1, "shares": 4000, "value": 553, "filerUrl": "", "transactionText": "Acquisition at price 0.14 per share.", "filerName": "Pathare (Kanishk Sunil)", "filerRelation": "UNREPORTED", "moneyText": "", "startDate": "2020-08-26", "ownership": "D"}, {"maxAge": 1, "shares": 925, "value": 122, "filerUrl": "", "transactionText": "Acquisition at price 0.13 per share.", "filerName": "Pathare (Kanishk Sunil)", "filerRelation": "UNREPORTED", "moneyText": "", "startDate": "2020-08-25", "ownership": "D"}, {"maxAge": 1, "shares": 35000, "value": 4399, "filerUrl": "", "transactionText": "Acquisition at price 0.13 per share.", "filerName": "Pathare (Kanishk Sunil)", "filerRelation": "UNREPORTED", "moneyText": "", "startDate": "2020-08-24", "ownership": "D"}, {"maxAge": 1, "shares": 58068, "value": 6886, "filerUrl": "", "transactionText": "Acquisition at price 0.12 per share.", "filerName": "Pathare (Kanishk Sunil)", "filerRelation": "UNREPORTED", "moneyText": "", "startDate": "2020-08-21", "ownership": "D"}, {"maxAge": 1, "shares": 89359, "value": 10026, "filerUrl": "", "transactionText": "Acquisition at price 0.11 per share.", "filerName": "Pathare (Kanishk Sunil)", "filerRelation": "UNREPORTED", "moneyText": "", "startDate": "2020-08-20", "ownership": "D"}, {"maxAge": 1, "shares": 55447, "value": 5888, "filerUrl": "", "transactionText": "Acquisition at price 0.11 per share.", "filerName": "Pathare (Kanishk Sunil)", "filerRelation": "UNREPORTED", "moneyText": "", "startDate": "2020-08-19", "ownership": "D"}, {"maxAge": 1, "shares": 631083, "filerUrl": "", "transactionText": "", "filerName": "Pathare (Sunil Jaykumar)", "filerRelation": "Chairman of the Board", "moneyText": "", "startDate": "2017-09-01", "ownership": "D"}, {"maxAge": 1, "shares": 631083, "filerUrl": "", "transactionText": "", "filerName": "Pathare (Kapil Jaykumar)", "filerRelation": "Wholetime Director", "moneyText": "", "startDate": "2017-09-01", "ownership": "D"}, {"maxAge": 1, "shares": 2500000, "filerUrl": "", "transactionText": "", "filerName": "Pathare (Kapil Jaykumar)", "filerRelation": "Promoter", "moneyText": "", "startDate": "2015-10-26", "ownership": "D"}, {"maxAge": 1, "shares": 300000, "filerUrl": "", "transactionText": "", "filerName": "Reliance Capital Ltd", "filerRelation": "Institution- Corporation", "moneyText": "", "startDate": "2015-02-20", "ownership": "D"}, {"maxAge": 1, "shares": 1700000, "filerUrl": "", "transactionText": "", "filerName": "Reliance Capital Ltd", "filerRelation": "Institution- Corporation", "moneyText": "", "startDate": "2015-02-19", "ownership": "D"}, {"maxAge": 1, "shares": 4027215, "filerUrl": "", "transactionText": "", "filerName": "Reliance Capital Ltd", "filerRelation": "Institution- Corporation", "moneyText": "", "startDate": "2015-01-15", "ownership": "D"}], "maxAge": 1}, "quoteType": {"exchange": "NSI", "quoteType": "EQUITY", "symbol": "VIPCLOTHNG.NS", "underlyingSymbol": "VIPCLOTHNG.NS", "shortName": "VIP CLOTHING LTD", "longName": "VIP Clothing Limited", "firstTradeDateEpochUtc": "2007-08-06 09:15:00", "timeZoneFullName": "Asia/Kolkata", "timeZoneShortName": "IST", "uuid": "72c6ad50-4738-3117-9b73-1e92a7e7237d", "gmtOffSetMilliseconds": 19800000, "maxAge": 1}, "incomeStatementHistory": {"incomeStatementHistory": [{"maxAge": 1, "endDate": "2020-03-31", "totalRevenue": 1749414000, "costOfRevenue": 1128629000, "grossProfit": 620785000, "researchDevelopment": {}, "sellingGeneralAdministrative": 301382000, "nonRecurring": {}, "otherOperatingExpenses": 422724000, "totalOperatingExpenses": 1926140000, "operatingIncome": -176726000, "totalOtherIncomeExpenseNet": -99073000, "ebit": -176726000, "interestExpense": -91446000, "incomeBeforeTax": -275799000, "incomeTaxExpense": -126295000, "minorityInterest": {}, "netIncomeFromContinuingOps": -149504000, "discontinuedOperations": {}, "extraordinaryItems": {}, "effectOfAccountingCharges": {}, "otherItems": {}, "netIncome": -149504000, "netIncomeApplicableToCommonShares": -149504000}, {"maxAge": 1, "endDate": "2019-03-31", "totalRevenue": 2088743000, "costOfRevenue": 1230447000, "grossProfit": 858296000, "researchDevelopment": {}, "sellingGeneralAdministrative": 339664000, "nonRecurring": {}, "otherOperatingExpenses": 467308000, "totalOperatingExpenses": 2070665000, "operatingIncome": 18078000, "totalOtherIncomeExpenseNet": -83185000, "ebit": 18078000, "interestExpense": -74506000, "incomeBeforeTax": -65107000, "incomeTaxExpense": -3173000, "minorityInterest": {}, "netIncomeFromContinuingOps": -61934000, "discontinuedOperations": {}, "extraordinaryItems": {}, "effectOfAccountingCharges": {}, "otherItems": {}, "netIncome": -61934000, "netIncomeApplicableToCommonShares": -61934000}, {"maxAge": 1, "endDate": "2018-03-31", "totalRevenue": 2231783000, "costOfRevenue": 1302494000, "grossProfit": 929289000, "researchDevelopment": {}, "sellingGeneralAdministrative": 349805000, "nonRecurring": {}, "otherOperatingExpenses": 460989000, "totalOperatingExpenses": 2150616000, "operatingIncome": 81167000, "totalOtherIncomeExpenseNet": -106399000, "ebit": 81167000, "interestExpense": -90361000, "incomeBeforeTax": -25232000, "incomeTaxExpense": 4618000, "minorityInterest": {}, "netIncomeFromContinuingOps": -29850000, "discontinuedOperations": -873000, "extraordinaryItems": {}, "effectOfAccountingCharges": {}, "otherItems": {}, "netIncome": -30723000, "netIncomeApplicableToCommonShares": -30723000}, {"maxAge": 1, "endDate": "2017-03-31", "totalRevenue": 2321797000, "costOfRevenue": 1428068000, "grossProfit": 893729000, "researchDevelopment": {}, "sellingGeneralAdministrative": 251231000, "nonRecurring": {}, "otherOperatingExpenses": 443760000, "totalOperatingExpenses": 2192149000, "operatingIncome": 129648000, "totalOtherIncomeExpenseNet": -190630000, "ebit": 129648000, "interestExpense": -103513000, "incomeBeforeTax": -60982000, "incomeTaxExpense": -3540000, "minorityInterest": {}, "netIncomeFromContinuingOps": -57442000, "discontinuedOperations": -16431000, "extraordinaryItems": {}, "effectOfAccountingCharges": {}, "otherItems": {}, "netIncome": -73873000, "netIncomeApplicableToCommonShares": -73873000}], "maxAge": 86400}, "fundOwnership": {"ownershipList": [], "maxAge": 1}, "summaryDetail": {"maxAge": 1, "priceHint": 2, "previousClose": 13.1, "open": 13.1, "dayLow": 12.7, "dayHigh": 13.3, "regularMarketPreviousClose": 13.1, "regularMarketOpen": 13.1, "regularMarketDayLow": 12.7, "regularMarketDayHigh": 13.3, "exDividendDate": "2015-09-16 05:30:00", "payoutRatio": 0.0, "beta": 1.541799, "volume": 35149, "regularMarketVolume": 35149, "averageVolume": 274522, "averageVolume10days": 2124012, "averageDailyVolume10Day": 2124012, "bid": 0.0, "ask": 0.0, "bidSize": 0, "askSize": 0, "marketCap": 1069624576, "fiftyTwoWeekLow": 4.7, "fiftyTwoWeekHigh": 18.3, "priceToSalesTrailing12Months": 0.80414736, "fiftyDayAverage": 14.490909, "twoHundredDayAverage": 12.279285, "currency": "INR", "fromCurrency": null, "lastMarket": null, "algorithm": null, "tradeable": false}, "incomeStatementHistoryQuarterly": {"incomeStatementHistory": [{"maxAge": 1, "endDate": "2020-12-31", "totalRevenue": 417850000, "costOfRevenue": 238118000, "grossProfit": 179732000, "researchDevelopment": {}, "sellingGeneralAdministrative": 43256000, "nonRecurring": {}, "otherOperatingExpenses": 118065000, "totalOperatingExpenses": 409392000, "operatingIncome": 8458000, "totalOtherIncomeExpenseNet": -28086000, "ebit": 8458000, "interestExpense": -28086000, "incomeBeforeTax": -19628000, "incomeTaxExpense": -65458000, "minorityInterest": {}, "netIncomeFromContinuingOps": 45830000, "discontinuedOperations": {}, "extraordinaryItems": {}, "effectOfAccountingCharges": {}, "otherItems": {}, "netIncome": 45830000, "netIncomeApplicableToCommonShares": 45830000}, {"maxAge": 1, "endDate": "2020-09-30", "totalRevenue": 429947000, "costOfRevenue": 258110000, "grossProfit": 171837000, "researchDevelopment": {}, "sellingGeneralAdministrative": 43263000, "nonRecurring": {}, "otherOperatingExpenses": 98106000, "totalOperatingExpenses": 409344000, "operatingIncome": 20603000, "totalOtherIncomeExpenseNet": -26198000, "ebit": 20603000, "interestExpense": -26198000, "incomeBeforeTax": -5595000, "incomeTaxExpense": -2526000, "minorityInterest": {}, "netIncomeFromContinuingOps": -3069000, "discontinuedOperations": {}, "extraordinaryItems": {}, "effectOfAccountingCharges": {}, "otherItems": {}, "netIncome": -3069000, "netIncomeApplicableToCommonShares": -3069000}, {"maxAge": 1, "endDate": "2020-06-30", "totalRevenue": 177702000, "costOfRevenue": 110761000, "grossProfit": 66941000, "researchDevelopment": {}, "sellingGeneralAdministrative": 44327000, "nonRecurring": {}, "otherOperatingExpenses": 39473000, "totalOperatingExpenses": 204610000, "operatingIncome": -26908000, "totalOtherIncomeExpenseNet": -27774000, "ebit": -26908000, "interestExpense": -27774000, "incomeBeforeTax": -54682000, "incomeTaxExpense": -3332000, "minorityInterest": {}, "netIncomeFromContinuingOps": -51350000, "discontinuedOperations": {}, "extraordinaryItems": {}, "effectOfAccountingCharges": {}, "otherItems": {}, "netIncome": -51350000, "netIncomeApplicableToCommonShares": -51350000}, {"maxAge": 1, "endDate": "2020-03-31", "totalRevenue": 304636000, "costOfRevenue": 187632000, "grossProfit": 117004000, "researchDevelopment": {}, "sellingGeneralAdministrative": 139712000, "nonRecurring": {}, "otherOperatingExpenses": -19214000, "totalOperatingExpenses": 356923000, "operatingIncome": -52287000, "totalOtherIncomeExpenseNet": -26857000, "ebit": -52287000, "interestExpense": -19230000, "incomeBeforeTax": -79144000, "incomeTaxExpense": 50982000, "minorityInterest": {}, "netIncomeFromContinuingOps": -130126000, "discontinuedOperations": {}, "extraordinaryItems": {}, "effectOfAccountingCharges": {}, "otherItems": {}, "netIncome": -130126000, "netIncomeApplicableToCommonShares": -130126000}], "maxAge": 86400}, "cashflowStatementHistoryQuarterly": {"cashflowStatements": [{"maxAge": 1, "endDate": "2020-12-31", "netIncome": 45830000, "changeToLiabilities": 0}, {"maxAge": 1, "endDate": "2020-09-30", "netIncome": -3069000, "changeToLiabilities": 0}, {"maxAge": 1, "endDate": "2020-06-30", "netIncome": -51350000, "changeToLiabilities": 0}, {"maxAge": 1, "endDate": "2020-03-31", "netIncome": -130126000, "changeToLiabilities": 0}], "maxAge": 86400}, "insiderHolders": {"holders": [{"maxAge": 1, "name": "Maxwell Capital Management Pvt Ltd", "relation": "Promoter", "url": "", "transactionDescription": "Acquisition", "latestTransDate": "2021-03-30", "positionDirect": 50000, "positionDirectDate": "2021-03-30"}, {"maxAge": 1, "name": "Pathare (Kanishk Sunil)", "relation": "Promoter", "url": "", "transactionDescription": "Acquisition", "latestTransDate": "2021-03-08", "positionDirect": 288800, "positionDirectDate": "2021-03-08"}, {"maxAge": 1, "name": "Pathare (Kapil Jaykumar)", "relation": "Wholetime Director", "url": "", "transactionDescription": "Other", "latestTransDate": "2017-09-01", "positionDirect": 14815548, "positionDirectDate": "2017-09-01"}, {"maxAge": 1, "name": "Pathare (Sunil Jaykumar)", "relation": "Chairman of the Board", "url": "", "transactionDescription": "Other", "latestTransDate": "2017-09-01", "positionDirect": 16742008, "positionDirectDate": "2017-09-01"}, {"maxAge": 1, "name": "Reliance Capital Ltd", "relation": "Institution- Corporation", "url": "", "transactionDescription": "Sale", "latestTransDate": "2015-02-20", "positionDirect": 3150000, "positionDirectDate": "2015-02-20"}, {"maxAge": 1, "name": "Shende (Milind)", "relation": "UNREPORTED", "url": "", "transactionDescription": "Sale", "latestTransDate": "2021-02-11", "positionDirect": 320, "positionDirectDate": "2021-02-11"}, {"maxAge": 1, "name": "Subhkam Properties Pvt. Ltd.", "relation": "Promoter", "url": "", "transactionDescription": "Sale", "latestTransDate": "2021-03-30", "positionDirect": 0, "positionDirectDate": "2021-03-30"}], "maxAge": 1}, "calendarEvents": {"maxAge": 1, "earnings": {"earningsDate": []}, "exDividendDate": "2015-09-16 05:30:00"}, "upgradeDowngradeHistory": {"history": [], "maxAge": 86400}, "price": {"maxAge": 1, "regularMarketChangePercent": -0.011450424, "regularMarketChange": -0.15000057, "regularMarketTime": "2021-04-30 15:28:49", "priceHint": 2, "regularMarketPrice": 12.95, "regularMarketDayHigh": 13.3, "regularMarketDayLow": 12.7, "regularMarketVolume": 35149, "averageDailyVolume10Day": 2124012, "averageDailyVolume3Month": 274522, "regularMarketPreviousClose": 13.1, "regularMarketSource": "FREE_REALTIME", "regularMarketOpen": 13.1, "exchange": "NSI", "exchangeName": "NSE", "exchangeDataDelayedBy": 15, "marketState": "CLOSED", "quoteType": "EQUITY", "symbol": "VIPCLOTHNG.NS", "underlyingSymbol": null, "shortName": "VIP CLOTHING LTD", "longName": "VIP Clothing Limited", "currency": "INR", "quoteSourceName": "Delayed Quote", "currencySymbol": "\u20b9", "fromCurrency": null, "lastMarket": null, "marketCap": 1069624576}, "balanceSheetHistory": {"balanceSheetStatements": [{"maxAge": 1, "endDate": "2020-03-31", "cash": 18150000, "shortTermInvestments": 23248000, "netReceivables": 630329000, "inventory": 923714000, "otherCurrentAssets": 15046000, "totalCurrentAssets": 1617047000, "longTermInvestments": 25000, "propertyPlantEquipment": 398115000, "intangibleAssets": 694234000, "otherAssets": 13660000, "totalAssets": 2723081000, "accountsPayable": 207495000, "shortLongTermDebt": 688000, "otherCurrentLiab": 38552000, "longTermDebt": 1485000, "otherLiab": 238061000, "totalCurrentLiabilities": 1075994000, "totalLiab": 1357139000, "commonStock": 165193000, "retainedEarnings": 50009000, "treasuryStock": 403500000, "capitalSurplus": 747240000, "otherStockholderEquity": 403500000, "totalStockholderEquity": 1365942000, "netTangibleAssets": 671708000}, {"maxAge": 1, "endDate": "2019-03-31", "cash": 160000, "shortTermInvestments": 53918000, "netReceivables": 731429000, "inventory": 1116953000, "otherCurrentAssets": 17739000, "totalCurrentAssets": 1924942000, "longTermInvestments": 115000, "propertyPlantEquipment": 386495000, "intangibleAssets": 698737000, "otherAssets": 13669000, "totalAssets": 3023958000, "accountsPayable": 207529000, "shortLongTermDebt": 971000, "otherCurrentLiab": 24841000, "longTermDebt": 2173000, "otherLiab": 416746000, "totalCurrentLiabilities": 1087104000, "totalLiab": 1506023000, "commonStock": 165193000, "retainedEarnings": 202002000, "treasuryStock": 403500000, "capitalSurplus": 747240000, "otherStockholderEquity": 403500000, "totalStockholderEquity": 1517935000, "netTangibleAssets": 819198000}, {"maxAge": 1, "endDate": "2018-03-31", "cash": 68000, "shortTermInvestments": 47984000, "netReceivables": 747854000, "inventory": 1134892000, "otherCurrentAssets": 23673000, "totalCurrentAssets": 1959254000, "longTermInvestments": 115000, "propertyPlantEquipment": 410129000, "intangibleAssets": 1250195000, "otherAssets": 16121000, "totalAssets": 3635814000, "accountsPayable": 240854000, "shortLongTermDebt": 895000, "otherCurrentLiab": 20553000, "longTermDebt": 3144000, "otherLiab": 601646000, "totalCurrentLiabilities": 1084656000, "totalLiab": 1689446000, "commonStock": 165193000, "retainedEarnings": 627391000, "treasuryStock": 406544000, "capitalSurplus": 747240000, "otherStockholderEquity": 406544000, "totalStockholderEquity": 1946368000, "netTangibleAssets": 696173000}, {"maxAge": 1, "endDate": "2017-03-31", "cash": 272000, "shortTermInvestments": 36602000, "netReceivables": 582494000, "inventory": 1033167000, "otherCurrentAssets": 24522000, "totalCurrentAssets": 1682850000, "longTermInvestments": 115000, "propertyPlantEquipment": 456435000, "intangibleAssets": 1254569000, "otherAssets": 15907000, "totalAssets": 3409876000, "accountsPayable": 226766000, "shortLongTermDebt": 16959000, "otherCurrentLiab": 31196000, "longTermDebt": 4237000, "otherLiab": 598867000, "totalCurrentLiabilities": 1244477000, "totalLiab": 1847581000, "commonStock": 132154000, "retainedEarnings": 657692000, "treasuryStock": 403500000, "capitalSurplus": 368949000, "otherStockholderEquity": 403500000, "totalStockholderEquity": 1562295000, "netTangibleAssets": 307726000}], "maxAge": 86400}, "financialData": {"maxAge": 86400, "currentPrice": 12.95, "recommendationKey": "none", "totalCash": 44749000, "totalCashPerShare": 0.537, "ebitda": -22029750, "totalDebt": 746961024, "totalRevenue": 1330135040, "debtToEquity": 56.939, "revenuePerShare": 16.24, "grossProfits": 620785000, "revenueGrowth": 0.184, "grossMargins": 0.4026, "ebitdaMargins": -0.01656, "operatingMargins": -0.03769, "profitMargins": -0.10429, "financialCurrency": "INR"}}}