{"VIPULORG.BO": {"cashflowStatementHistory": {"cashflowStatements": [{"maxAge": 1, "endDate": "2020-03-31", "netIncome": 46227000, "depreciation": 19590000, "changeToNetincome": 8120000, "changeToAccountReceivables": -32630000, "changeToLiabilities": 153973000, "changeToInventory": -77137000, "changeToOperatingActivities": 20400000, "totalCashFromOperatingActivities": 139102000, "capitalExpenditures": -112554000, "otherCashflowsFromInvestingActivities": 908000, "totalCashflowsFromInvestingActivities": -111646000, "dividendsPaid": -7338000, "netBorrowings": 14803000, "otherCashflowsFromFinancingActivities": -8990000, "totalCashFromFinancingActivities": -1525000, "changeInCash": 25931000}, {"maxAge": 1, "endDate": "2019-03-31", "netIncome": 35297000, "depreciation": 6360000, "changeToNetincome": 10592000, "changeToAccountReceivables": 78440000, "changeToLiabilities": -26523000, "changeToInventory": 2038000, "changeToOperatingActivities": 42965000, "totalCashFromOperatingActivities": 149196000, "capitalExpenditures": -117221000, "otherCashflowsFromInvestingActivities": 4315000, "totalCashflowsFromInvestingActivities": -112906000, "dividendsPaid": -7287000, "netBorrowings": -3294000, "otherCashflowsFromFinancingActivities": -10878000, "totalCashFromFinancingActivities": -21459000, "changeInCash": 14830000}, {"maxAge": 1, "endDate": "2018-03-31", "netIncome": 22418000, "depreciation": 7035000, "changeToNetincome": 8580000, "changeToAccountReceivables": -138363000, "changeToLiabilities": 83756000, "changeToInventory": -12720000, "changeToOperatingActivities": -54621000, "totalCashFromOperatingActivities": -83915000, "capitalExpenditures": -47522000, "otherCashflowsFromInvestingActivities": 4814000, "totalCashflowsFromInvestingActivities": -42708000, "dividendsPaid": -5856000, "netBorrowings": 79998000, "otherCashflowsFromFinancingActivities": -9016000, "totalCashFromFinancingActivities": 108926000, "changeInCash": -17697000, "issuanceOfStock": 43800000}, {"maxAge": 1, "endDate": "2017-03-31", "netIncome": 16220000, "depreciation": 7828000, "changeToNetincome": 371000, "changeToAccountReceivables": -44413000, "changeToLiabilities": 38118000, "changeToInventory": -25453000, "changeToOperatingActivities": -33453000, "totalCashFromOperatingActivities": -40782000, "capitalExpenditures": -25581000, "otherCashflowsFromInvestingActivities": 3649000, "totalCashflowsFromInvestingActivities": -21932000, "dividendsPaid": -5705000, "netBorrowings": 39276000, "otherCashflowsFromFinancingActivities": 8466000, "totalCashFromFinancingActivities": 73637000, "changeInCash": 10923000, "issuanceOfStock": 31600000}], "maxAge": 86400}, "institutionOwnership": {"maxAge": 1, "ownershipList": []}, "balanceSheetHistoryQuarterly": {"balanceSheetStatements": [{"maxAge": 1, "endDate": "2020-06-30", "totalStockholderEquity": 319464000, "netTangibleAssets": 317847000}, {"maxAge": 1, "endDate": "2020-03-31", "cash": 42312000, "netReceivables": 327600000, "inventory": 164647000, "otherCurrentAssets": 54972000, "totalCurrentAssets": 589806000, "longTermInvestments": 5590000, "propertyPlantEquipment": 319423000, "intangibleAssets": 1617000, "otherAssets": 34728000, "totalAssets": 951164000, "accountsPayable": 362931000, "shortLongTermDebt": 19200000, "otherCurrentLiab": 46759000, "longTermDebt": 70692000, "otherLiab": 5321000, "minorityInterest": -1364000, "totalCurrentLiabilities": 557051000, "totalLiab": 633064000, "commonStock": 77245000, "retainedEarnings": 139423000, "treasuryStock": 5818000, "capitalSurplus": 96978000, "otherStockholderEquity": 5818000, "totalStockholderEquity": 319464000, "netTangibleAssets": 317847000}, {"maxAge": 1, "endDate": "2019-12-31"}, {"maxAge": 1, "endDate": "2019-09-30"}], "maxAge": 86400}, "indexTrend": {"maxAge": 1, "symbol": "SP5", "peRatio": 19.7411, "pegRatio": 1.34172, "estimates": [{"period": "0q", "growth": 0.549}, {"period": "+1q", "growth": 0.431}, {"period": "0y", "growth": 0.305}, {"period": "+1y", "growth": 0.109}, {"period": "+5y", "growth": 0.120859005}, {"period": "-5y"}]}, "insiderTransactions": {"transactions": [{"maxAge": 1, "shares": 0, "filerUrl": "", "transactionText": "", "filerName": "Shah (Vipul Pravinchandra)", "filerRelation": "Managing Director", "moneyText": "", "startDate": "2020-07-03", "ownership": "I"}, {"maxAge": 1, "shares": 0, "filerUrl": "", "transactionText": "", "filerName": "Shah (Jaya P)", "filerRelation": "Promoter", "moneyText": "", "startDate": "2020-07-03", "ownership": "I"}, {"maxAge": 1, "shares": 0, "filerUrl": "", "transactionText": "", "filerName": "Shah (Kavita P)", "filerRelation": "Promoter", "moneyText": "", "startDate": "2020-07-03", "ownership": "I"}, {"maxAge": 1, "shares": 0, "filerUrl": "", "transactionText": "", "filerName": "Shah (Mihir Vipul)", "filerRelation": "Wholetime Director", "moneyText": "", "startDate": "2020-07-03", "ownership": "I"}, {"maxAge": 1, "shares": 0, "filerUrl": "", "transactionText": "", "filerName": "Shah (Mita Vipul)", "filerRelation": "Promoter", "moneyText": "", "startDate": "2020-07-03", "ownership": "I"}, {"maxAge": 1, "shares": 36500, "filerUrl": "", "transactionText": "", "filerName": "Shah (Jaya P)", "filerRelation": "Promoter", "moneyText": "", "startDate": "2020-06-30", "ownership": "D"}, {"maxAge": 1, "shares": 18250, "filerUrl": "", "transactionText": "", "filerName": "Shah (Kavita P)", "filerRelation": "Promoter", "moneyText": "", "startDate": "2020-06-30", "ownership": "D"}, {"maxAge": 1, "shares": 1095000, "filerUrl": "", "transactionText": "", "filerName": "Shah (Vipul Pravinchandra)", "filerRelation": "Managing Director", "moneyText": "", "startDate": "2020-06-30", "ownership": "D"}, {"maxAge": 1, "shares": 292000, "filerUrl": "", "transactionText": "", "filerName": "Shah (Mihir Vipul)", "filerRelation": "Wholetime Director", "moneyText": "", "startDate": "2020-06-30", "ownership": "D"}, {"maxAge": 1, "shares": 310250, "filerUrl": "", "transactionText": "", "filerName": "Shah (Vatsal Vipul)", "filerRelation": "Promoter", "moneyText": "", "startDate": "2020-06-30", "ownership": "D"}, {"maxAge": 1, "shares": 73000, "filerUrl": "", "transactionText": "", "filerName": "Shah (Mita Vipul)", "filerRelation": "Promoter", "moneyText": "", "startDate": "2020-06-30", "ownership": "D"}], "maxAge": 1}, "quoteType": {"exchange": "BSE", "quoteType": "EQUITY", "symbol": "VIPULORG.BO", "underlyingSymbol": "VIPULORG.BO", "shortName": "Vipul Organics Limited", "longName": "Vipul Organics Limited", "firstTradeDateEpochUtc": "2002-01-02 09:15:00", "timeZoneFullName": "Asia/Kolkata", "timeZoneShortName": "IST", "uuid": "b800b91b-38f1-31f5-9bf5-95c889e41966", "messageBoardId": null, "gmtOffSetMilliseconds": 19800000, "maxAge": 1}, "incomeStatementHistory": {"incomeStatementHistory": [{"maxAge": 1, "endDate": "2020-03-31", "totalRevenue": 922480000, "costOfRevenue": 638530000, "grossProfit": 283950000, "researchDevelopment": {}, "sellingGeneralAdministrative": 54543000, "nonRecurring": {}, "otherOperatingExpenses": 141528000, "totalOperatingExpenses": 854750000, "operatingIncome": 67730000, "totalOtherIncomeExpenseNet": 1030000, "ebit": 67730000, "interestExpense": -7715000, "incomeBeforeTax": 68760000, "incomeTaxExpense": 22533000, "minorityInterest": -1364000, "netIncomeFromContinuingOps": 46227000, "discontinuedOperations": {}, "extraordinaryItems": {}, "effectOfAccountingCharges": {}, "otherItems": {}, "netIncome": 46227000, "netIncomeApplicableToCommonShares": 46227000}, {"maxAge": 1, "endDate": "2019-03-31", "totalRevenue": 900142000, "costOfRevenue": 655865000, "grossProfit": 244277000, "researchDevelopment": {}, "sellingGeneralAdministrative": 41689000, "nonRecurring": {}, "otherOperatingExpenses": 135349000, "totalOperatingExpenses": 839290000, "operatingIncome": 60852000, "totalOtherIncomeExpenseNet": -10564000, "ebit": 60852000, "interestExpense": -9443000, "incomeBeforeTax": 50288000, "incomeTaxExpense": 14991000, "minorityInterest": -1425000, "netIncomeFromContinuingOps": 35297000, "discontinuedOperations": {}, "extraordinaryItems": {}, "effectOfAccountingCharges": {}, "otherItems": {}, "netIncome": 35297000, "netIncomeApplicableToCommonShares": 35297000}, {"maxAge": 1, "endDate": "2018-03-31", "totalRevenue": 792018000, "costOfRevenue": 609866000, "grossProfit": 182152000, "researchDevelopment": {}, "sellingGeneralAdministrative": 39689000, "nonRecurring": {}, "otherOperatingExpenses": 103712000, "totalOperatingExpenses": 760394000, "operatingIncome": 31624000, "totalOtherIncomeExpenseNet": 2295000, "ebit": 31624000, "interestExpense": -8724000, "incomeBeforeTax": 33919000, "incomeTaxExpense": 11501000, "minorityInterest": -1458000, "netIncomeFromContinuingOps": 22418000, "discontinuedOperations": {}, "extraordinaryItems": {}, "effectOfAccountingCharges": {}, "otherItems": {}, "netIncome": 22418000, "netIncomeApplicableToCommonShares": 22418000}, {"maxAge": 1, "endDate": "2017-03-31", "totalRevenue": 571607000, "costOfRevenue": 414961000, "grossProfit": 156646000, "researchDevelopment": {}, "sellingGeneralAdministrative": 31556000, "nonRecurring": {}, "otherOperatingExpenses": 91855000, "totalOperatingExpenses": 546510000, "operatingIncome": 25097000, "totalOtherIncomeExpenseNet": -1128000, "ebit": 25097000, "interestExpense": -5512000, "incomeBeforeTax": 23969000, "incomeTaxExpense": 7771000, "minorityInterest": -1353000, "netIncomeFromContinuingOps": 16198000, "discontinuedOperations": {}, "extraordinaryItems": {}, "effectOfAccountingCharges": {}, "otherItems": {}, "netIncome": 16220000, "netIncomeApplicableToCommonShares": 16220000}], "maxAge": 86400}, "fundOwnership": {"maxAge": 1, "ownershipList": []}, "summaryDetail": {"maxAge": 1, "priceHint": 2, "previousClose": 177.05, "open": 180.5, "dayLow": 175.55, "dayHigh": 180.5, "regularMarketPreviousClose": 177.05, "regularMarketOpen": 180.5, "regularMarketDayLow": 175.55, "regularMarketDayHigh": 180.5, "trailingPE": 30.050802, "volume": 6059, "regularMarketVolume": 6059, "averageVolume": 33055, "averageVolume10days": 11187, "averageDailyVolume10Day": 11187, "bid": 177.3, "ask": 179.0, "bidSize": 0, "askSize": 0, "marketCap": 1694558720, "fiftyTwoWeekLow": 80.0, "fiftyTwoWeekHigh": 188.0, "fiftyDayAverage": 131.58142, "twoHundredDayAverage": 112.70912, "trailingAnnualDividendRate": 0.8, "trailingAnnualDividendYield": 0.0045184977, "currency": "INR", "fromCurrency": null, "toCurrency": null, "lastMarket": null, "algorithm": null, "tradeable": false}, "incomeStatementHistoryQuarterly": {"incomeStatementHistory": [{"maxAge": 1, "endDate": "2020-06-30", "totalRevenue": 201417000, "costOfRevenue": 131274000, "grossProfit": 70143000, "researchDevelopment": {}, "sellingGeneralAdministrative": 10881000, "nonRecurring": {}, "otherOperatingExpenses": 29028000, "totalOperatingExpenses": 185405000, "operatingIncome": 16012000, "totalOtherIncomeExpenseNet": -814000, "ebit": 16012000, "interestExpense": -2677000, "incomeBeforeTax": 15198000, "incomeTaxExpense": 4198000, "minorityInterest": {}, "netIncomeFromContinuingOps": 11000000, "discontinuedOperations": {}, "extraordinaryItems": {}, "effectOfAccountingCharges": {}, "otherItems": {}, "netIncome": 11000000, "netIncomeApplicableToCommonShares": 11000000}, {"maxAge": 1, "endDate": "2020-03-31", "totalRevenue": 211819000, "costOfRevenue": 140475000, "grossProfit": 71344000, "researchDevelopment": {}, "sellingGeneralAdministrative": 19249000, "nonRecurring": {}, "otherOperatingExpenses": 33306000, "totalOperatingExpenses": 208105000, "operatingIncome": 3714000, "totalOtherIncomeExpenseNet": 5750000, "ebit": 3714000, "interestExpense": -2481000, "incomeBeforeTax": 9464000, "incomeTaxExpense": 5794000, "minorityInterest": -1364000, "netIncomeFromContinuingOps": 3670000, "discontinuedOperations": {}, "extraordinaryItems": {}, "effectOfAccountingCharges": {}, "otherItems": {}, "netIncome": 3670000, "netIncomeApplicableToCommonShares": 3670000}, {"maxAge": 1, "endDate": "2019-12-31", "totalRevenue": 246241000, "costOfRevenue": 169640000, "grossProfit": 76601000, "researchDevelopment": {}, "sellingGeneralAdministrative": 13770000, "nonRecurring": {}, "otherOperatingExpenses": 36831000, "totalOperatingExpenses": 221986000, "operatingIncome": 24255000, "totalOtherIncomeExpenseNet": -1369000, "ebit": 24255000, "interestExpense": -1515000, "incomeBeforeTax": 22886000, "incomeTaxExpense": 6401000, "minorityInterest": -1364000, "netIncomeFromContinuingOps": 16485000, "discontinuedOperations": {}, "extraordinaryItems": {}, "effectOfAccountingCharges": {}, "otherItems": {}, "netIncome": 16485000, "netIncomeApplicableToCommonShares": 16485000}, {"maxAge": 1, "endDate": "2019-09-30", "totalRevenue": 250020000, "costOfRevenue": 174250000, "grossProfit": 75770000, "researchDevelopment": {}, "sellingGeneralAdministrative": 11560000, "nonRecurring": {}, "otherOperatingExpenses": 40200000, "totalOperatingExpenses": 227730000, "operatingIncome": 22290000, "totalOtherIncomeExpenseNet": -1280000, "ebit": 22290000, "interestExpense": -1420000, "incomeBeforeTax": 21010000, "incomeTaxExpense": 5960000, "minorityInterest": -1364000, "netIncomeFromContinuingOps": 15050000, "discontinuedOperations": {}, "extraordinaryItems": {}, "effectOfAccountingCharges": {}, "otherItems": {}, "netIncome": 15050000, "netIncomeApplicableToCommonShares": 15050000}], "maxAge": 86400}, "cashflowStatementHistoryQuarterly": {"cashflowStatements": [{"maxAge": 1, "endDate": "2020-06-30", "netIncome": 11000000, "changeToLiabilities": 0}, {"maxAge": 1, "endDate": "2020-03-31", "netIncome": 3670000, "changeToLiabilities": 0}, {"maxAge": 1, "endDate": "2019-12-31", "netIncome": 16485000, "changeToLiabilities": 0}, {"maxAge": 1, "endDate": "2019-09-30", "netIncome": 15050000, "changeToLiabilities": 0}], "maxAge": 86400}, "insiderHolders": {"holders": [{"maxAge": 1, "name": "Shah (Jaya P)", "relation": "Promoter", "url": "", "transactionDescription": "Acquisition", "latestTransDate": "2020-07-03", "positionIndirect": 486500, "positionIndirectDate": 1593734400}, {"maxAge": 1, "name": "Shah (Kavita P)", "relation": "Promoter", "url": "", "transactionDescription": "Acquisition", "latestTransDate": "2020-07-03", "positionIndirect": 69000, "positionIndirectDate": 1593734400}, {"maxAge": 1, "name": "Shah (Mihir Vipul)", "relation": "Wholetime Director", "url": "", "transactionDescription": "Acquisition", "latestTransDate": "2020-07-03", "positionIndirect": 1452600, "positionIndirectDate": 1593734400}, {"maxAge": 1, "name": "Shah (Mita Vipul)", "relation": "Promoter", "url": "", "transactionDescription": "Acquisition", "latestTransDate": "2020-07-03", "positionIndirect": 512500, "positionIndirectDate": 1593734400}, {"maxAge": 1, "name": "Shah (Vatsal Vipul)", "relation": "Promoter", "url": "", "transactionDescription": "Acquisition", "latestTransDate": "2020-06-30", "positionDirect": 1243400, "positionDirectDate": "2020-06-30"}, {"maxAge": 1, "name": "Shah (Vipul Pravinchandra)", "relation": "Managing Director", "url": "", "transactionDescription": "Acquisition", "latestTransDate": "2020-07-03", "positionIndirect": 2021100, "positionIndirectDate": 1593734400}], "maxAge": 1}, "calendarEvents": {"maxAge": 1, "earnings": {"earningsDate": []}}, "price": {"maxAge": 1, "regularMarketChangePercent": 0.0022592142, "regularMarketChange": 0.3999939, "regularMarketTime": "2021-04-30 15:26:47", "priceHint": 2, "regularMarketPrice": 177.45, "regularMarketDayHigh": 180.5, "regularMarketDayLow": 175.55, "regularMarketVolume": 6059, "averageDailyVolume10Day": 11187, "averageDailyVolume3Month": 33055, "regularMarketPreviousClose": 177.05, "regularMarketSource": "FREE_REALTIME", "regularMarketOpen": 180.5, "exchange": "BSE", "exchangeName": "BSE", "exchangeDataDelayedBy": 0, "marketState": "CLOSED", "quoteType": "EQUITY", "symbol": "VIPULORG.BO", "underlyingSymbol": null, "shortName": "Vipul Organics Limited", "longName": "Vipul Organics Limited", "currency": "INR", "quoteSourceName": "Delayed Quote", "currencySymbol": "\u20b9", "fromCurrency": null, "toCurrency": null, "lastMarket": null, "marketCap": 1694558720}, "balanceSheetHistory": {"balanceSheetStatements": [{"maxAge": 1, "endDate": "2020-03-31", "cash": 42312000, "netReceivables": 327600000, "inventory": 164647000, "otherCurrentAssets": 54972000, "totalCurrentAssets": 589806000, "longTermInvestments": 5590000, "propertyPlantEquipment": 319423000, "intangibleAssets": 1617000, "otherAssets": 34728000, "totalAssets": 951164000, "accountsPayable": 362931000, "shortLongTermDebt": 19200000, "otherCurrentLiab": 46759000, "longTermDebt": 70692000, "otherLiab": 5321000, "minorityInterest": -1364000, "totalCurrentLiabilities": 557051000, "totalLiab": 633064000, "commonStock": 77245000, "retainedEarnings": 139423000, "treasuryStock": 5818000, "capitalSurplus": 96978000, "otherStockholderEquity": 5818000, "totalStockholderEquity": 319464000, "netTangibleAssets": 317847000}, {"maxAge": 1, "endDate": "2019-03-31", "cash": 16381000, "shortTermInvestments": 30035000, "netReceivables": 291630000, "inventory": 87510000, "otherCurrentAssets": 52703000, "totalCurrentAssets": 449127000, "longTermInvestments": 7598000, "propertyPlantEquipment": 226531000, "intangibleAssets": 2106000, "otherAssets": 47844000, "totalAssets": 733206000, "accountsPayable": 208673000, "shortLongTermDebt": 13213000, "otherCurrentLiab": 47823000, "longTermDebt": 73640000, "otherLiab": 144000, "minorityInterest": -1425000, "totalCurrentLiabilities": 379481000, "totalLiab": 453265000, "commonStock": 77245000, "retainedEarnings": 100707000, "treasuryStock": 6436000, "capitalSurplus": 96978000, "otherStockholderEquity": 6436000, "totalStockholderEquity": 281366000, "netTangibleAssets": 279260000}, {"maxAge": 1, "endDate": "2018-03-31", "cash": 1550000, "netReceivables": 372239000, "inventory": 89548000, "otherCurrentAssets": 42475000, "totalCurrentAssets": 506790000, "longTermInvestments": 8803000, "propertyPlantEquipment": 116022000, "intangibleAssets": 1826000, "otherAssets": 71545000, "totalAssets": 704986000, "accountsPayable": 235279000, "shortLongTermDebt": 4714000, "otherCurrentLiab": 25479000, "longTermDebt": 17234000, "otherLiab": 712000, "minorityInterest": -1458000, "totalCurrentLiabilities": 435001000, "totalLiab": 452947000, "commonStock": 77245000, "retainedEarnings": 72948000, "treasuryStock": 6326000, "capitalSurplus": 96978000, "otherStockholderEquity": 6326000, "totalStockholderEquity": 253497000, "netTangibleAssets": 251671000}, {"maxAge": 1, "endDate": "2017-03-31", "cash": 19247000, "netReceivables": 169583000, "inventory": 76828000, "otherCurrentAssets": 47051000, "totalCurrentAssets": 318864000, "longTermInvestments": 6647000, "propertyPlantEquipment": 77375000, "otherAssets": 57169000, "totalAssets": 460055000, "accountsPayable": 151523000, "shortLongTermDebt": 1085000, "otherCurrentLiab": 8666000, "longTermDebt": 3967000, "otherLiab": 1040000, "minorityInterest": -1353000, "totalCurrentLiabilities": 263099000, "totalLiab": 268106000, "commonStock": 62645000, "retainedEarnings": 56553000, "treasuryStock": 6326000, "capitalSurplus": 53178000, "otherStockholderEquity": 6326000, "totalStockholderEquity": 178702000, "netTangibleAssets": 178702000}], "maxAge": 86400}, "financialData": {"maxAge": 86400, "currentPrice": 177.45, "recommendationKey": "none", "grossProfits": 283950000, "financialCurrency": "INR"}}}