{"VIPUL.BO": {"cashflowStatementHistory": {"cashflowStatements": [{"maxAge": 1, "endDate": "2020-03-31", "netIncome": -343464000, "depreciation": 41604000, "changeToNetincome": 201007000, "changeToAccountReceivables": -694020000, "changeToLiabilities": 111632000, "changeToInventory": -507048000, "changeToOperatingActivities": 2349618000, "totalCashFromOperatingActivities": 1159985000, "capitalExpenditures": -73000, "investments": 1000000, "otherCashflowsFromInvestingActivities": 54419000, "totalCashflowsFromInvestingActivities": 74754000, "netBorrowings": -826501000, "otherCashflowsFromFinancingActivities": -322583000, "totalCashFromFinancingActivities": -1149084000, "changeInCash": 85656000}, {"maxAge": 1, "endDate": "2019-03-31", "netIncome": 12153000, "depreciation": 49754000, "changeToNetincome": 147648000, "changeToAccountReceivables": -1034577000, "changeToLiabilities": 149255000, "changeToInventory": -659756000, "changeToOperatingActivities": 1301227000, "totalCashFromOperatingActivities": -34296000, "capitalExpenditures": -11760000, "investments": 55000000, "otherCashflowsFromInvestingActivities": 65406000, "totalCashflowsFromInvestingActivities": 213430000, "dividendsPaid": -5999000, "netBorrowings": 80930000, "otherCashflowsFromFinancingActivities": -333695000, "totalCashFromFinancingActivities": -258764000, "changeInCash": -79630000}, {"maxAge": 1, "endDate": "2018-03-31", "netIncome": -47688000, "depreciation": 56873000, "changeToNetincome": 366040000, "changeToAccountReceivables": -570228000, "changeToLiabilities": 89501000, "changeToInventory": -1286833000, "changeToOperatingActivities": -263900000, "totalCashFromOperatingActivities": -1656235000, "capitalExpenditures": -13760000, "investments": 55000000, "otherCashflowsFromInvestingActivities": 57801000, "totalCashflowsFromInvestingActivities": 44041000, "dividendsPaid": -4799000, "netBorrowings": 2017068000, "otherCashflowsFromFinancingActivities": -358758000, "totalCashFromFinancingActivities": 1653511000, "changeInCash": 41600000}, {"maxAge": 1, "endDate": "2017-03-31", "netIncome": -118513000, "depreciation": 64103000, "changeToNetincome": 245997000, "changeToAccountReceivables": -152314000, "changeToLiabilities": -34609000, "changeToInventory": -348569000, "changeToOperatingActivities": -218614000, "totalCashFromOperatingActivities": -562006000, "capitalExpenditures": -54486000, "investments": 8134000, "otherCashflowsFromInvestingActivities": 39127000, "totalCashflowsFromInvestingActivities": -7218000, "dividendsPaid": -1200000, "netBorrowings": 840352000, "otherCashflowsFromFinancingActivities": -335292000, "totalCashFromFinancingActivities": 503860000, "changeInCash": -76436000}], "maxAge": 86400}, "institutionOwnership": {"maxAge": 1, "ownershipList": []}, "balanceSheetHistoryQuarterly": {"balanceSheetStatements": [{"maxAge": 1, "endDate": "2020-06-30", "totalStockholderEquity": 3269389000, "netTangibleAssets": 3107270000}, {"maxAge": 1, "endDate": "2020-03-31", "cash": 185680000, "netReceivables": 3914583000, "inventory": 10373008000, "otherCurrentAssets": 2424014000, "totalCurrentAssets": 16897285000, "longTermInvestments": 68861000, "propertyPlantEquipment": 613643000, "goodWill": 160737000, "intangibleAssets": 1382000, "otherAssets": 1287517000, "deferredLongTermAssetCharges": 308837000, "totalAssets": 19029425000, "accountsPayable": 653384000, "shortLongTermDebt": 1790516000, "otherCurrentLiab": 7500682000, "longTermDebt": 3344358000, "otherLiab": 514911000, "minorityInterest": 31545000, "totalCurrentLiabilities": 11869222000, "totalLiab": 15728491000, "commonStock": 119984000, "retainedEarnings": 548700000, "treasuryStock": 279405000, "capitalSurplus": 2321300000, "otherStockholderEquity": 279405000, "totalStockholderEquity": 3269389000, "netTangibleAssets": 3107270000}, {"maxAge": 1, "endDate": "2019-12-31", "totalStockholderEquity": 3518387000, "netTangibleAssets": 3355941000}, {"maxAge": 1, "endDate": "2019-09-30", "cash": 52959000, "shortTermInvestments": 1059727000, "netReceivables": 3836969000, "inventory": 9892675000, "otherCurrentAssets": 1625697000, "totalCurrentAssets": 16468027000, "longTermInvestments": 68383000, "propertyPlantEquipment": 650170000, "goodWill": 160737000, "intangibleAssets": 1709000, "otherAssets": 1651396000, "deferredLongTermAssetCharges": 249270000, "totalAssets": 19000422000, "accountsPayable": 715515000, "otherCurrentLiab": 9137190000, "longTermDebt": 3642989000, "otherLiab": 731348000, "minorityInterest": 31545000, "totalCurrentLiabilities": 11076153000, "totalLiab": 15450490000, "commonStock": 119984000, "treasuryStock": 3398403000, "otherStockholderEquity": 3398403000, "totalStockholderEquity": 3518387000, "netTangibleAssets": 3355941000}], "maxAge": 86400}, "indexTrend": {"maxAge": 1, "symbol": "SP5", "peRatio": 19.7411, "pegRatio": 1.34172, "estimates": [{"period": "0q", "growth": 0.549}, {"period": "+1q", "growth": 0.431}, {"period": "0y", "growth": 0.305}, {"period": "+1y", "growth": 0.109}, {"period": "+5y", "growth": 0.120859005}, {"period": "-5y"}]}, "insiderTransactions": {"transactions": [{"maxAge": 1, "shares": 8599, "filerUrl": "", "transactionText": "", "filerName": "Beriwala (Punit)", "filerRelation": "Managing Director", "moneyText": "", "startDate": "2019-02-05", "ownership": "D"}, {"maxAge": 1, "shares": 210, "filerUrl": "", "transactionText": "", "filerName": "Beriwala (Punit)", "filerRelation": "Managing Director", "moneyText": "", "startDate": "2019-02-04", "ownership": "D"}, {"maxAge": 1, "shares": 9762, "filerUrl": "", "transactionText": "", "filerName": "Beriwala (Punit)", "filerRelation": "Managing Director", "moneyText": "", "startDate": "2019-02-04", "ownership": "D"}, {"maxAge": 1, "shares": 13172, "filerUrl": "", "transactionText": "", "filerName": "Beriwala (Punit)", "filerRelation": "Managing Director", "moneyText": "", "startDate": "2019-02-01", "ownership": "D"}, {"maxAge": 1, "shares": 12679, "filerUrl": "", "transactionText": "", "filerName": "Beriwala (Punit)", "filerRelation": "Managing Director", "moneyText": "", "startDate": "2019-01-31", "ownership": "D"}, {"maxAge": 1, "shares": 1, "filerUrl": "", "transactionText": "", "filerName": "Beriwala (Punit)", "filerRelation": "Managing Director", "moneyText": "", "startDate": "2019-01-31", "ownership": "D"}, {"maxAge": 1, "shares": 0, "filerUrl": "", "transactionText": "", "filerName": "Beriwala (Punit)", "filerRelation": "Managing Director", "moneyText": "", "startDate": "2019-01-31", "ownership": "I"}, {"maxAge": 1, "shares": 5105, "filerUrl": "", "transactionText": "", "filerName": "Beriwala (Punit)", "filerRelation": "Managing Director", "moneyText": "", "startDate": "2019-01-30", "ownership": "D"}, {"maxAge": 1, "shares": 2009082, "filerUrl": "", "transactionText": "", "filerName": "Beriwala (Punit)", "filerRelation": "Managing Director", "moneyText": "", "startDate": "2019-01-29", "ownership": "D"}], "maxAge": 1}, "quoteType": {"exchange": "BSE", "quoteType": "EQUITY", "symbol": "VIPUL.BO", "underlyingSymbol": "VIPUL.BO", "shortName": "VIPUL LTD.", "longName": "Vipul Limited", "firstTradeDateEpochUtc": "2002-03-13 09:15:00", "timeZoneFullName": "Asia/Kolkata", "timeZoneShortName": "IST", "uuid": "c59e6a8b-5c50-34d3-aa06-d423d118cad8", "messageBoardId": null, "gmtOffSetMilliseconds": 19800000, "maxAge": 1}, "incomeStatementHistory": {"incomeStatementHistory": [{"maxAge": 1, "endDate": "2020-03-31", "totalRevenue": 1764707000, "costOfRevenue": 1786414000, "grossProfit": -21707000, "researchDevelopment": {}, "sellingGeneralAdministrative": 171687000, "nonRecurring": {}, "otherOperatingExpenses": 67159000, "totalOperatingExpenses": 2067520000, "operatingIncome": -302813000, "totalOtherIncomeExpenseNet": -77076000, "ebit": -302813000, "interestExpense": -281178000, "incomeBeforeTax": -379889000, "incomeTaxExpense": -36423000, "minorityInterest": 31545000, "netIncomeFromContinuingOps": -343466000, "discontinuedOperations": {}, "extraordinaryItems": {}, "effectOfAccountingCharges": {}, "otherItems": {}, "netIncome": -343464000, "netIncomeApplicableToCommonShares": -343464000}, {"maxAge": 1, "endDate": "2019-03-31", "totalRevenue": 2258856000, "costOfRevenue": 1690445000, "grossProfit": 568411000, "researchDevelopment": {}, "sellingGeneralAdministrative": 196302000, "nonRecurring": {}, "otherOperatingExpenses": 71240000, "totalOperatingExpenses": 2007741000, "operatingIncome": 251115000, "totalOtherIncomeExpenseNet": -268231000, "ebit": 251115000, "interestExpense": -327135000, "incomeBeforeTax": -17116000, "incomeTaxExpense": -29267000, "minorityInterest": 30781000, "netIncomeFromContinuingOps": 12151000, "discontinuedOperations": {}, "extraordinaryItems": {}, "effectOfAccountingCharges": {}, "otherItems": {}, "netIncome": 12153000, "netIncomeApplicableToCommonShares": 12153000}, {"maxAge": 1, "endDate": "2018-03-31", "totalRevenue": 2839241000, "costOfRevenue": 2245842000, "grossProfit": 593399000, "researchDevelopment": {}, "sellingGeneralAdministrative": 219350000, "nonRecurring": {}, "otherOperatingExpenses": 66611000, "totalOperatingExpenses": 2588676000, "operatingIncome": 250565000, "totalOtherIncomeExpenseNet": -283545000, "ebit": 250565000, "interestExpense": -310328000, "incomeBeforeTax": -32980000, "incomeTaxExpense": 14879000, "minorityInterest": 31538000, "netIncomeFromContinuingOps": -47859000, "discontinuedOperations": {}, "extraordinaryItems": {}, "effectOfAccountingCharges": {}, "otherItems": {}, "netIncome": -47688000, "netIncomeApplicableToCommonShares": -47688000}, {"maxAge": 1, "endDate": "2017-03-31", "totalRevenue": 2321251000, "costOfRevenue": 1814461000, "grossProfit": 506790000, "researchDevelopment": {}, "sellingGeneralAdministrative": 219474000, "nonRecurring": {}, "otherOperatingExpenses": 81595000, "totalOperatingExpenses": 2180578000, "operatingIncome": 140673000, "totalOtherIncomeExpenseNet": -292184000, "ebit": 140673000, "interestExpense": -292726000, "incomeBeforeTax": -151511000, "incomeTaxExpense": -32998000, "minorityInterest": 31709000, "netIncomeFromContinuingOps": -118513000, "discontinuedOperations": {}, "extraordinaryItems": {}, "effectOfAccountingCharges": {}, "otherItems": {}, "netIncome": -118513000, "netIncomeApplicableToCommonShares": -118513000}], "maxAge": 86400}, "fundOwnership": {"maxAge": 1, "ownershipList": []}, "summaryDetail": {"maxAge": 1, "priceHint": 2, "previousClose": 28.0, "open": 27.5, "dayLow": 26.75, "dayHigh": 28.5, "regularMarketPreviousClose": 28.0, "regularMarketOpen": 27.5, "regularMarketDayLow": 26.75, "regularMarketDayHigh": 28.5, "volume": 3040, "regularMarketVolume": 3040, "averageVolume": 8613, "averageVolume10days": 7192, "averageDailyVolume10Day": 7192, "bid": 26.65, "ask": 26.95, "bidSize": 0, "askSize": 0, "marketCap": 3263564800, "fiftyTwoWeekLow": 12.0, "fiftyTwoWeekHigh": 28.5, "fiftyDayAverage": 20.898571, "twoHundredDayAverage": 16.534307, "trailingAnnualDividendRate": 0.05, "trailingAnnualDividendYield": 0.0017857143, "currency": "INR", "fromCurrency": null, "toCurrency": null, "lastMarket": null, "algorithm": null, "tradeable": false}, "incomeStatementHistoryQuarterly": {"incomeStatementHistory": [{"maxAge": 1, "endDate": "2020-06-30", "totalRevenue": 21567000, "costOfRevenue": 27724000, "grossProfit": -6157000, "researchDevelopment": {}, "sellingGeneralAdministrative": 24575000, "nonRecurring": {}, "otherOperatingExpenses": 7717000, "totalOperatingExpenses": 68813000, "operatingIncome": -47246000, "totalOtherIncomeExpenseNet": -69660000, "ebit": -47246000, "interestExpense": -82669000, "incomeBeforeTax": -116906000, "incomeTaxExpense": -23481000, "minorityInterest": {}, "netIncomeFromContinuingOps": -93425000, "discontinuedOperations": {}, "extraordinaryItems": {}, "effectOfAccountingCharges": {}, "otherItems": {}, "netIncome": -93425000, "netIncomeApplicableToCommonShares": -93425000}, {"maxAge": 1, "endDate": "2020-03-31", "totalRevenue": 217045000, "costOfRevenue": 403154000, "grossProfit": -186109000, "researchDevelopment": {}, "sellingGeneralAdministrative": 42200000, "nonRecurring": {}, "otherOperatingExpenses": -1477000, "totalOperatingExpenses": 454474000, "operatingIncome": -237429000, "totalOtherIncomeExpenseNet": -34575000, "ebit": -237429000, "interestExpense": -39553000, "incomeBeforeTax": -272004000, "incomeTaxExpense": -52212000, "minorityInterest": 31545000, "netIncomeFromContinuingOps": -219792000, "discontinuedOperations": {}, "extraordinaryItems": {}, "effectOfAccountingCharges": {}, "otherItems": {}, "netIncome": -219792000, "netIncomeApplicableToCommonShares": -219792000}, {"maxAge": 1, "endDate": "2019-12-31", "totalRevenue": 273758000, "costOfRevenue": 314400000, "grossProfit": -40642000, "researchDevelopment": {}, "sellingGeneralAdministrative": 41975000, "nonRecurring": {}, "otherOperatingExpenses": 29572000, "totalOperatingExpenses": 396481000, "operatingIncome": -122723000, "totalOtherIncomeExpenseNet": 84267000, "ebit": -122723000, "interestExpense": -88242000, "incomeBeforeTax": -38456000, "incomeTaxExpense": 5571000, "minorityInterest": 31545000, "netIncomeFromContinuingOps": -44027000, "discontinuedOperations": {}, "extraordinaryItems": {}, "effectOfAccountingCharges": {}, "otherItems": {}, "netIncome": -44025000, "netIncomeApplicableToCommonShares": -44025000}, {"maxAge": 1, "endDate": "2019-09-30", "totalRevenue": 722652000, "costOfRevenue": 645512000, "grossProfit": 77140000, "researchDevelopment": {}, "sellingGeneralAdministrative": 42420000, "nonRecurring": {}, "otherOperatingExpenses": 20352000, "totalOperatingExpenses": 717393000, "operatingIncome": 5259000, "totalOtherIncomeExpenseNet": -58766000, "ebit": 5259000, "interestExpense": -73485000, "incomeBeforeTax": -53507000, "incomeTaxExpense": 1911000, "minorityInterest": 31545000, "netIncomeFromContinuingOps": -55418000, "discontinuedOperations": {}, "extraordinaryItems": {}, "effectOfAccountingCharges": {}, "otherItems": {}, "netIncome": -55416000, "netIncomeApplicableToCommonShares": -55416000}], "maxAge": 86400}, "cashflowStatementHistoryQuarterly": {"cashflowStatements": [{"maxAge": 1, "endDate": "2020-06-30", "netIncome": -93425000, "changeToLiabilities": 0}, {"maxAge": 1, "endDate": "2020-03-31", "netIncome": -219792000, "changeToLiabilities": 0}, {"maxAge": 1, "endDate": "2019-12-31", "netIncome": -44025000, "changeToLiabilities": 0}, {"maxAge": 1, "endDate": "2019-09-30", "netIncome": -55416000, "changeToLiabilities": 0}], "maxAge": 86400}, "insiderHolders": {"holders": [{"maxAge": 1, "name": "Beriwala (Punit)", "relation": "Managing Director", "url": "", "transactionDescription": "Acquisition", "latestTransDate": "2019-02-05", "positionDirect": 39542183, "positionDirectDate": "2019-02-05"}], "maxAge": 1}, "calendarEvents": {"maxAge": 1, "earnings": {"earningsDate": ["2020-11-09 05:30:S", "2020-11-14 05:30:S"]}}, "price": {"maxAge": 1, "regularMarketChangePercent": -0.0285714, "regularMarketChange": -0.79999924, "regularMarketTime": "2021-04-30 15:29:48", "priceHint": 2, "regularMarketPrice": 27.2, "regularMarketDayHigh": 28.5, "regularMarketDayLow": 26.75, "regularMarketVolume": 3040, "averageDailyVolume10Day": 7192, "averageDailyVolume3Month": 8613, "regularMarketPreviousClose": 28.0, "regularMarketSource": "FREE_REALTIME", "regularMarketOpen": 27.5, "exchange": "BSE", "exchangeName": "BSE", "exchangeDataDelayedBy": 0, "marketState": "CLOSED", "quoteType": "EQUITY", "symbol": "VIPUL.BO", "underlyingSymbol": null, "shortName": "VIPUL LTD.", "longName": "Vipul Limited", "currency": "INR", "quoteSourceName": "Delayed Quote", "currencySymbol": "\u20b9", "fromCurrency": null, "toCurrency": null, "lastMarket": null, "marketCap": 3263564800}, "balanceSheetHistory": {"balanceSheetStatements": [{"maxAge": 1, "endDate": "2020-03-31", "cash": 185680000, "netReceivables": 3914583000, "inventory": 10373008000, "otherCurrentAssets": 2424014000, "totalCurrentAssets": 16897285000, "longTermInvestments": 68861000, "propertyPlantEquipment": 613643000, "goodWill": 160737000, "intangibleAssets": 1382000, "otherAssets": 1287517000, "deferredLongTermAssetCharges": 308837000, "totalAssets": 19029425000, "accountsPayable": 653384000, "shortLongTermDebt": 1790516000, "otherCurrentLiab": 7500682000, "longTermDebt": 3344358000, "otherLiab": 514911000, "minorityInterest": 31545000, "totalCurrentLiabilities": 11869222000, "totalLiab": 15728491000, "commonStock": 119984000, "retainedEarnings": 548700000, "treasuryStock": 279405000, "capitalSurplus": 2321300000, "otherStockholderEquity": 279405000, "totalStockholderEquity": 3269389000, "netTangibleAssets": 3107270000}, {"maxAge": 1, "endDate": "2019-03-31", "cash": 62624000, "netReceivables": 3380748000, "inventory": 9865961000, "otherCurrentAssets": 2746241000, "totalCurrentAssets": 16055574000, "longTermInvestments": 68383000, "propertyPlantEquipment": 713578000, "goodWill": 167620000, "intangibleAssets": 2038000, "otherAssets": 1686756000, "deferredLongTermAssetCharges": 270612000, "totalAssets": 18693949000, "accountsPayable": 541752000, "shortLongTermDebt": 1073963000, "otherCurrentLiab": 6973580000, "longTermDebt": 4201993000, "otherLiab": 735095000, "minorityInterest": 30781000, "totalCurrentLiabilities": 10066308000, "totalLiab": 15003396000, "commonStock": 119984000, "retainedEarnings": 931800000, "treasuryStock": 286688000, "capitalSurplus": 2321300000, "otherStockholderEquity": 286688000, "totalStockholderEquity": 3659772000, "netTangibleAssets": 3490114000}, {"maxAge": 1, "endDate": "2018-03-31", "cash": 158621000, "netReceivables": 2356271000, "inventory": 9206204000, "otherCurrentAssets": 2689075000, "totalCurrentAssets": 14410171000, "longTermInvestments": 67925000, "propertyPlantEquipment": 869911000, "goodWill": 160737000, "intangibleAssets": 2050000, "otherAssets": 1661345000, "deferredLongTermAssetCharges": 222337000, "totalAssets": 17172139000, "accountsPayable": 394148000, "shortLongTermDebt": 1260715000, "otherCurrentLiab": 5613194000, "longTermDebt": 4175876000, "otherLiab": 733957000, "minorityInterest": 31538000, "totalCurrentLiabilities": 8573224000, "totalLiab": 13483057000, "commonStock": 119984000, "retainedEarnings": 926855000, "treasuryStock": 289421000, "capitalSurplus": 2321284000, "otherStockholderEquity": 289421000, "totalStockholderEquity": 3657544000, "netTangibleAssets": 3494757000}, {"maxAge": 1, "endDate": "2017-03-31", "cash": 176071000, "netReceivables": 2039115000, "inventory": 7919372000, "otherCurrentAssets": 2183819000, "totalCurrentAssets": 12318377000, "longTermInvestments": 26100000, "propertyPlantEquipment": 826054000, "goodWill": 160737000, "intangibleAssets": 2116000, "otherAssets": 1699229000, "deferredLongTermAssetCharges": 166879000, "totalAssets": 15032613000, "accountsPayable": 304647000, "shortLongTermDebt": 583579000, "otherCurrentLiab": 5966694000, "longTermDebt": 2818724000, "otherLiab": 446127000, "minorityInterest": 31709000, "totalCurrentLiabilities": 8155674000, "totalLiab": 11420525000, "commonStock": 119984000, "retainedEarnings": 1126493000, "treasuryStock": 12618000, "capitalSurplus": 2321284000, "otherStockholderEquity": 12618000, "totalStockholderEquity": 3580379000, "netTangibleAssets": 3417526000}], "maxAge": 86400}, "financialData": {"maxAge": 86400, "currentPrice": 27.2, "recommendationKey": "none", "grossProfits": -21707000, "financialCurrency": "INR"}}}