{"VIRAT.BO": {"recommendationTrend": {"trend": [{"period": "0m", "strongBuy": 0, "buy": 0, "hold": 0, "sell": 0, "strongSell": 0}, {"period": "-1m", "strongBuy": 0, "buy": 0, "hold": 0, "sell": 0, "strongSell": 0}, {"period": "-2m", "strongBuy": 0, "buy": 0, "hold": 0, "sell": 0, "strongSell": 0}, {"period": "-3m", "strongBuy": 0, "buy": 0, "hold": 0, "sell": 0, "strongSell": 0}], "maxAge": 86400}, "cashflowStatementHistory": {"cashflowStatements": [{"maxAge": 1, "endDate": "2020-03-31", "netIncome": 14835000, "depreciation": 19083000, "changeToNetincome": -4123000, "changeToAccountReceivables": -2153000, "changeToLiabilities": 1917000, "changeToInventory": -14812000, "totalCashFromOperatingActivities": 14747000, "capitalExpenditures": -8083000, "otherCashflowsFromInvestingActivities": -9371000, "totalCashflowsFromInvestingActivities": -17417000, "dividendsPaid": -169000, "netBorrowings": 9513000, "otherCashflowsFromFinancingActivities": -563000, "totalCashFromFinancingActivities": 8781000, "changeInCash": 6111000}, {"maxAge": 1, "endDate": "2019-03-31", "netIncome": 6474000, "depreciation": 19360000, "changeToNetincome": 2293000, "changeToAccountReceivables": 707000, "changeToLiabilities": -12195000, "changeToInventory": 14874000, "totalCashFromOperatingActivities": 31513000, "capitalExpenditures": -10409000, "otherCashflowsFromInvestingActivities": -335000, "totalCashflowsFromInvestingActivities": -9543000, "dividendsPaid": -5690000, "netBorrowings": -15948000, "otherCashflowsFromFinancingActivities": -1028000, "totalCashFromFinancingActivities": -22666000, "changeInCash": -696000}, {"maxAge": 1, "endDate": "2018-03-31", "netIncome": 34705000, "depreciation": 16238000, "changeToNetincome": -6008000, "changeToAccountReceivables": -30446000, "changeToLiabilities": 11140000, "changeToInventory": -9544000, "totalCashFromOperatingActivities": 16085000, "capitalExpenditures": -51879000, "investments": 2724000, "otherCashflowsFromInvestingActivities": 20020000, "totalCashflowsFromInvestingActivities": -29015000, "dividendsPaid": -5690000, "netBorrowings": 16287000, "otherCashflowsFromFinancingActivities": -947000, "totalCashFromFinancingActivities": 15340000, "changeInCash": 2410000}, {"maxAge": 1, "endDate": "2017-03-31", "netIncome": 35246000, "depreciation": 13601000, "changeToNetincome": -4595000, "changeToAccountReceivables": -15175000, "changeToLiabilities": 4958000, "changeToInventory": -17068000, "totalCashFromOperatingActivities": 16967000, "capitalExpenditures": -37795000, "investments": 2724000, "otherCashflowsFromInvestingActivities": 26707000, "totalCashflowsFromInvestingActivities": -8266000, "dividendsPaid": -11477000, "netBorrowings": -2328000, "otherCashflowsFromFinancingActivities": -3264000, "totalCashFromFinancingActivities": -17069000, "changeInCash": -8368000}], "maxAge": 86400}, "institutionOwnership": {"maxAge": 1, "ownershipList": []}, "balanceSheetHistoryQuarterly": {"balanceSheetStatements": [{"maxAge": 1, "endDate": "2020-06-30", "totalStockholderEquity": 217152000, "netTangibleAssets": 217152000}, {"maxAge": 1, "endDate": "2020-03-31", "cash": 11106000, "shortTermInvestments": 15153000, "netReceivables": 53823000, "inventory": 75285000, "otherCurrentAssets": 9467000, "totalCurrentAssets": 166244000, "propertyPlantEquipment": 93234000, "otherAssets": 6110000, "totalAssets": 265588000, "accountsPayable": 24312000, "otherCurrentLiab": 4110000, "otherLiab": 3980000, "totalCurrentLiabilities": 41391000, "totalLiab": 48436000, "commonStock": 49233000, "retainedEarnings": 167919000, "totalStockholderEquity": 217152000, "netTangibleAssets": 217152000}, {"maxAge": 1, "endDate": "2019-12-31", "totalStockholderEquity": 209661000, "netTangibleAssets": 209661000}, {"maxAge": 1, "endDate": "2019-09-30", "cash": 41377000, "shortTermInvestments": 1422000, "netReceivables": 30127000, "inventory": 72533000, "otherCurrentAssets": 22501000, "totalCurrentAssets": 167960000, "propertyPlantEquipment": 95295000, "otherAssets": 5370000, "totalAssets": 268625000, "accountsPayable": 36041000, "otherCurrentLiab": 3278000, "otherLiab": 5330000, "totalCurrentLiabilities": 53634000, "totalLiab": 58964000, "commonStock": 49233000, "retainedEarnings": 160428000, "totalStockholderEquity": 209661000, "netTangibleAssets": 209661000}], "maxAge": 86400}, "earningsHistory": {"history": [{"maxAge": 1, "epsActual": {}, "epsEstimate": {}, "epsDifference": {}, "surprisePercent": {}, "quarter": {}, "period": "-4q"}, {"maxAge": 1, "epsActual": {}, "epsEstimate": {}, "epsDifference": {}, "surprisePercent": {}, "quarter": {}, "period": "-3q"}, {"maxAge": 1, "epsActual": {}, "epsEstimate": {}, "epsDifference": {}, "surprisePercent": {}, "quarter": {}, "period": "-2q"}, {"maxAge": 1, "epsActual": {}, "epsEstimate": {}, "epsDifference": {}, "surprisePercent": {}, "quarter": {}, "period": "-1q"}], "maxAge": 86400}, "indexTrend": {"maxAge": 1, "symbol": "SP5", "peRatio": 19.7411, "pegRatio": 1.34172, "estimates": [{"period": "0q", "growth": 0.549}, {"period": "+1q", "growth": 0.431}, {"period": "0y", "growth": 0.305}, {"period": "+1y", "growth": 0.109}, {"period": "+5y", "growth": 0.120859005}, {"period": "-5y"}]}, "industryTrend": {"maxAge": 1, "symbol": null, "estimates": []}, "insiderTransactions": {"transactions": [{"maxAge": 1, "shares": 250, "filerUrl": "", "transactionText": "", "filerName": "Naik (Nirav)", "filerRelation": "UNREPORTED", "moneyText": "", "startDate": "2020-07-13", "ownership": "D"}], "maxAge": 1}, "quoteType": {"exchange": "BSE", "quoteType": "EQUITY", "symbol": "VIRAT.BO", "underlyingSymbol": "VIRAT.BO", "shortName": "VIRAT INDUSTRIES LTD.", "longName": "Virat Industries Limited", "firstTradeDateEpochUtc": "2002-01-08 09:15:00", "timeZoneFullName": "Asia/Kolkata", "timeZoneShortName": "IST", "uuid": "587b986b-fd5c-36d1-993a-028f9e40cb4c", "messageBoardId": null, "gmtOffSetMilliseconds": 19800000, "maxAge": 1}, "incomeStatementHistory": {"incomeStatementHistory": [{"maxAge": 1, "endDate": "2020-03-31", "totalRevenue": 263826000, "costOfRevenue": 102783000, "grossProfit": 161043000, "researchDevelopment": {}, "sellingGeneralAdministrative": 48340000, "nonRecurring": {}, "otherOperatingExpenses": 80770000, "totalOperatingExpenses": 250976000, "operatingIncome": 12850000, "totalOtherIncomeExpenseNet": 7227000, "ebit": 12850000, "interestExpense": -434000, "incomeBeforeTax": 20077000, "incomeTaxExpense": 5242000, "minorityInterest": {}, "netIncomeFromContinuingOps": 14835000, "discontinuedOperations": {}, "extraordinaryItems": {}, "effectOfAccountingCharges": {}, "otherItems": {}, "netIncome": 14835000, "netIncomeApplicableToCommonShares": 14835000}, {"maxAge": 1, "endDate": "2019-03-31", "totalRevenue": 241343000, "costOfRevenue": 97424000, "grossProfit": 143919000, "researchDevelopment": {}, "sellingGeneralAdministrative": 47662000, "nonRecurring": {}, "otherOperatingExpenses": 66755000, "totalOperatingExpenses": 231201000, "operatingIncome": 10142000, "totalOtherIncomeExpenseNet": 440000, "ebit": 10142000, "interestExpense": -1020000, "incomeBeforeTax": 10582000, "incomeTaxExpense": 4108000, "minorityInterest": {}, "netIncomeFromContinuingOps": 6474000, "discontinuedOperations": {}, "extraordinaryItems": {}, "effectOfAccountingCharges": {}, "otherItems": {}, "netIncome": 6474000, "netIncomeApplicableToCommonShares": 6474000}, {"maxAge": 1, "endDate": "2018-03-31", "totalRevenue": 340882000, "costOfRevenue": 126139000, "grossProfit": 214743000, "researchDevelopment": {}, "sellingGeneralAdministrative": 54458000, "nonRecurring": {}, "otherOperatingExpenses": 108956000, "totalOperatingExpenses": 305791000, "operatingIncome": 35091000, "totalOtherIncomeExpenseNet": 14380000, "ebit": 35091000, "interestExpense": -1214000, "incomeBeforeTax": 49471000, "incomeTaxExpense": 14766000, "minorityInterest": {}, "netIncomeFromContinuingOps": 34705000, "discontinuedOperations": {}, "extraordinaryItems": {}, "effectOfAccountingCharges": {}, "otherItems": {}, "netIncome": 34705000, "netIncomeApplicableToCommonShares": 34705000}, {"maxAge": 1, "endDate": "2017-03-31", "totalRevenue": 256709000, "costOfRevenue": 79739000, "grossProfit": 176970000, "researchDevelopment": {}, "sellingGeneralAdministrative": 45683000, "nonRecurring": {}, "otherOperatingExpenses": 80117000, "totalOperatingExpenses": 219140000, "operatingIncome": 37569000, "totalOtherIncomeExpenseNet": 12819000, "ebit": 37569000, "interestExpense": -685000, "incomeBeforeTax": 50388000, "incomeTaxExpense": 15142000, "minorityInterest": {}, "netIncomeFromContinuingOps": 35246000, "discontinuedOperations": {}, "extraordinaryItems": {}, "effectOfAccountingCharges": {}, "otherItems": {}, "netIncome": 35246000, "netIncomeApplicableToCommonShares": 35246000}], "maxAge": 86400}, "fundOwnership": {"maxAge": 1, "ownershipList": []}, "summaryDetail": {"maxAge": 1, "priceHint": 2, "previousClose": 35.0, "open": 35.0, "dayLow": 33.35, "dayHigh": 36.7, "regularMarketPreviousClose": 35.0, "regularMarketOpen": 35.0, "regularMarketDayLow": 33.35, "regularMarketDayHigh": 36.7, "trailingPE": 19.462902, "volume": 3187, "regularMarketVolume": 3187, "averageVolume": 2035, "averageVolume10days": 800, "averageDailyVolume10Day": 800, "bid": 33.6, "ask": 36.4, "bidSize": 0, "askSize": 0, "marketCap": 173055408, "fiftyTwoWeekLow": 19.35, "fiftyTwoWeekHigh": 53.75, "fiftyDayAverage": 41.345715, "twoHundredDayAverage": 34.269344, "trailingAnnualDividendRate": 1.5, "trailingAnnualDividendYield": 0.042857144, "currency": "INR", "fromCurrency": null, "toCurrency": null, "lastMarket": null, "algorithm": null, "tradeable": false}, "sectorTrend": {"maxAge": 1, "symbol": null, "estimates": []}, "incomeStatementHistoryQuarterly": {"incomeStatementHistory": [{"maxAge": 1, "endDate": "2020-06-30", "totalRevenue": 27478000, "costOfRevenue": 8531000, "grossProfit": 18947000, "researchDevelopment": {}, "sellingGeneralAdministrative": 10910000, "nonRecurring": {}, "otherOperatingExpenses": 9322000, "totalOperatingExpenses": 32714000, "operatingIncome": -5236000, "totalOtherIncomeExpenseNet": 873000, "ebit": -5236000, "interestExpense": -239000, "incomeBeforeTax": -4363000, "incomeTaxExpense": -2134000, "minorityInterest": {}, "netIncomeFromContinuingOps": -2229000, "discontinuedOperations": {}, "extraordinaryItems": {}, "effectOfAccountingCharges": {}, "otherItems": {}, "netIncome": -2229000, "netIncomeApplicableToCommonShares": -2229000}, {"maxAge": 1, "endDate": "2020-03-31", "totalRevenue": 61818000, "costOfRevenue": 24099000, "grossProfit": 37719000, "researchDevelopment": {}, "sellingGeneralAdministrative": 13872000, "nonRecurring": {}, "otherOperatingExpenses": 18111000, "totalOperatingExpenses": 60935000, "operatingIncome": 883000, "totalOtherIncomeExpenseNet": 2408000, "ebit": 883000, "interestExpense": -165000, "incomeBeforeTax": 3291000, "incomeTaxExpense": 621000, "minorityInterest": {}, "netIncomeFromContinuingOps": 2670000, "discontinuedOperations": {}, "extraordinaryItems": {}, "effectOfAccountingCharges": {}, "otherItems": {}, "netIncome": 2670000, "netIncomeApplicableToCommonShares": 2670000}, {"maxAge": 1, "endDate": "2019-12-31", "totalRevenue": 73662000, "costOfRevenue": 26801000, "grossProfit": 46861000, "researchDevelopment": {}, "sellingGeneralAdministrative": 11936000, "nonRecurring": {}, "otherOperatingExpenses": 24848000, "totalOperatingExpenses": 68331000, "operatingIncome": 5331000, "totalOtherIncomeExpenseNet": 1482000, "ebit": 5331000, "interestExpense": -116000, "incomeBeforeTax": 6813000, "incomeTaxExpense": 2152000, "minorityInterest": {}, "netIncomeFromContinuingOps": 4661000, "discontinuedOperations": {}, "extraordinaryItems": {}, "effectOfAccountingCharges": {}, "otherItems": {}, "netIncome": 4661000, "netIncomeApplicableToCommonShares": 4661000}, {"maxAge": 1, "endDate": "2019-09-30", "totalRevenue": 61021000, "costOfRevenue": 22483000, "grossProfit": 38538000, "researchDevelopment": {}, "sellingGeneralAdministrative": 11030000, "nonRecurring": {}, "otherOperatingExpenses": 20023000, "totalOperatingExpenses": 58282000, "operatingIncome": 2739000, "totalOtherIncomeExpenseNet": 2112000, "ebit": 2739000, "interestExpense": -75000, "incomeBeforeTax": 4851000, "incomeTaxExpense": 1059000, "minorityInterest": {}, "netIncomeFromContinuingOps": 3792000, "discontinuedOperations": {}, "extraordinaryItems": {}, "effectOfAccountingCharges": {}, "otherItems": {}, "netIncome": 3792000, "netIncomeApplicableToCommonShares": 3792000}], "maxAge": 86400}, "cashflowStatementHistoryQuarterly": {"cashflowStatements": [{"maxAge": 1, "endDate": "2020-06-30", "netIncome": -2229000, "changeToLiabilities": 0}, {"maxAge": 1, "endDate": "2020-03-31", "netIncome": 2670000, "changeToLiabilities": 0}, {"maxAge": 1, "endDate": "2019-12-31", "netIncome": 4661000, "changeToLiabilities": 0}, {"maxAge": 1, "endDate": "2019-09-30", "netIncome": 3792000, "changeToLiabilities": 0}], "maxAge": 86400}, "insiderHolders": {"holders": [{"maxAge": 1, "name": "Naik (Nirav)", "relation": "UNREPORTED", "url": "", "transactionDescription": "Other", "latestTransDate": "2020-07-13", "positionDirect": 280, "positionDirectDate": "2020-07-13"}], "maxAge": 1}, "earnings": {"maxAge": 86400, "earningsChart": {"quarterly": [], "earningsDate": ["2020-08-13 05:30:S"]}, "financialsChart": {"yearly": [{"date": 2017, "revenue": 256709000, "earnings": 35246000}, {"date": 2018, "revenue": 340882000, "earnings": 34705000}, {"date": 2019, "revenue": 241343000, "earnings": 6474000}, {"date": 2020, "revenue": 263826000, "earnings": 14835000}], "quarterly": [{"date": "3Q2019", "revenue": 61021000, "earnings": 3792000}, {"date": "4Q2019", "revenue": 73662000, "earnings": 4661000}, {"date": "1Q2020", "revenue": 61818000, "earnings": 2670000}, {"date": "2Q2020", "revenue": 27478000, "earnings": -2229000}]}, "financialCurrency": "INR"}, "calendarEvents": {"maxAge": 1, "earnings": {"earningsDate": ["2020-08-13 05:30:S"]}}, "price": {"maxAge": 1, "regularMarketChangePercent": 0.004285758, "regularMarketChange": 0.15000153, "regularMarketTime": "2021-04-30 15:19:08", "priceHint": 2, "regularMarketPrice": 35.15, "regularMarketDayHigh": 36.7, "regularMarketDayLow": 33.35, "regularMarketVolume": 3187, "averageDailyVolume10Day": 800, "averageDailyVolume3Month": 2035, "regularMarketPreviousClose": 35.0, "regularMarketSource": "FREE_REALTIME", "regularMarketOpen": 35.0, "exchange": "BSE", "exchangeName": "BSE", "exchangeDataDelayedBy": 0, "marketState": "CLOSED", "quoteType": "EQUITY", "symbol": "VIRAT.BO", "underlyingSymbol": null, "shortName": "VIRAT INDUSTRIES LTD.", "longName": "Virat Industries Limited", "currency": "INR", "quoteSourceName": "Delayed Quote", "currencySymbol": "\u20b9", "fromCurrency": null, "toCurrency": null, "lastMarket": null, "marketCap": 173055408}, "balanceSheetHistory": {"balanceSheetStatements": [{"maxAge": 1, "endDate": "2020-03-31", "cash": 11106000, "shortTermInvestments": 15153000, "netReceivables": 53823000, "inventory": 75285000, "otherCurrentAssets": 9467000, "totalCurrentAssets": 166244000, "propertyPlantEquipment": 93234000, "otherAssets": 6110000, "totalAssets": 265588000, "accountsPayable": 24312000, "otherCurrentLiab": 4110000, "otherLiab": 3980000, "totalCurrentLiabilities": 41391000, "totalLiab": 48436000, "commonStock": 49233000, "retainedEarnings": 167919000, "totalStockholderEquity": 217152000, "netTangibleAssets": 217152000}, {"maxAge": 1, "endDate": "2019-03-31", "cash": 4995000, "shortTermInvestments": 4997000, "netReceivables": 50637000, "inventory": 60473000, "otherCurrentAssets": 9488000, "totalCurrentAssets": 131735000, "propertyPlantEquipment": 104269000, "otherAssets": 5337000, "totalAssets": 241341000, "accountsPayable": 22669000, "otherCurrentLiab": 4464000, "otherLiab": 5946000, "totalCurrentLiabilities": 33286000, "totalLiab": 39232000, "commonStock": 49233000, "retainedEarnings": 152875000, "treasuryStock": 1000, "otherStockholderEquity": 1000, "totalStockholderEquity": 202109000, "netTangibleAssets": 202109000}, {"maxAge": 1, "endDate": "2018-03-31", "cash": 5691000, "shortTermInvestments": 5000000, "netReceivables": 46710000, "inventory": 75347000, "otherCurrentAssets": 10057000, "totalCurrentAssets": 144295000, "propertyPlantEquipment": 120157000, "otherAssets": 6914000, "totalAssets": 271366000, "accountsPayable": 35230000, "otherCurrentLiab": 2459000, "otherLiab": 6264000, "totalCurrentLiabilities": 59886000, "totalLiab": 66970000, "commonStock": 49233000, "retainedEarnings": 155163000, "totalStockholderEquity": 204396000, "netTangibleAssets": 204396000}, {"maxAge": 1, "endDate": "2017-03-31", "cash": 3281000, "shortTermInvestments": 24435000, "netReceivables": 22407000, "inventory": 65804000, "otherCurrentAssets": 5394000, "totalCurrentAssets": 123036000, "longTermInvestments": 2500000, "propertyPlantEquipment": 88028000, "otherAssets": 5208000, "totalAssets": 218772000, "accountsPayable": 22268000, "otherCurrentLiab": 2287000, "otherLiab": 3730000, "totalCurrentLiabilities": 28550000, "totalLiab": 34202000, "commonStock": 49233000, "retainedEarnings": 135337000, "totalStockholderEquity": 184570000, "netTangibleAssets": 184570000}], "maxAge": 86400}, "earningsTrend": {"trend": [{"maxAge": 1, "period": "0q", "endDate": "2012-12-31", "growth": {}, "earningsEstimate": {"avg": 0.0, "low": 0.0, "high": 0.0, "yearAgoEps": {}, "numberOfAnalysts": 0, "growth": {}}, "revenueEstimate": {"avg": 0, "low": 0, "high": 0, "numberOfAnalysts": 0, "yearAgoRevenue": {}, "growth": {}}, "epsTrend": {"current": 0.0, "7daysAgo": 1.59, "30daysAgo": 1.59, "60daysAgo": 1.59, "90daysAgo": 1.59}, "epsRevisions": {"upLast7days": 0, "upLast30days": 0, "downLast30days": 0, "downLast90days": {}}}, {"maxAge": 1, "period": "+1q", "endDate": "2013-03-31", "growth": {}, "earningsEstimate": {"avg": 0.0, "low": 0.0, "high": 0.0, "yearAgoEps": {}, "numberOfAnalysts": 0, "growth": {}}, "revenueEstimate": {"avg": 0, "low": 0, "high": 0, "numberOfAnalysts": 0, "yearAgoRevenue": {}, "growth": {}}, "epsTrend": {"current": 0.0, "7daysAgo": 0.0, "30daysAgo": 0.0, "60daysAgo": 0.0, "90daysAgo": 0.0}, "epsRevisions": {"upLast7days": 0, "upLast30days": 0, "downLast30days": 0, "downLast90days": {}}}, {"maxAge": 1, "period": "0y", "endDate": "2015-03-31", "growth": {}, "earningsEstimate": {"avg": 0.0, "low": 0.0, "high": 0.0, "yearAgoEps": {}, "numberOfAnalysts": 0, "growth": {}}, "revenueEstimate": {"avg": 0, "low": 0, "high": 0, "numberOfAnalysts": 0, "yearAgoRevenue": {}, "growth": {}}, "epsTrend": {"current": 0.0, "7daysAgo": 0.0, "30daysAgo": 0.0, "60daysAgo": 0.0, "90daysAgo": 0.0}, "epsRevisions": {"upLast7days": 0, "upLast30days": 0, "downLast30days": 0, "downLast90days": {}}}, {"maxAge": 1, "period": "+1y", "endDate": "2013-03-31", "growth": {}, "earningsEstimate": {"avg": 0.0, "low": 0.0, "high": 0.0, "yearAgoEps": {}, "numberOfAnalysts": 0, "growth": {}}, "revenueEstimate": {"avg": 0, "low": 179950000, "high": 179950000, "numberOfAnalysts": 1, "yearAgoRevenue": {}, "growth": {}}, "epsTrend": {"current": 0.0, "7daysAgo": 4.15, "30daysAgo": 4.15, "60daysAgo": 4.15, "90daysAgo": 4.15}, "epsRevisions": {"upLast7days": 0, "upLast30days": 0, "downLast30days": 0, "downLast90days": {}}}, {"maxAge": 1, "period": "+5y", "endDate": null, "growth": {}, "earningsEstimate": {"avg": {}, "low": {}, "high": {}, "yearAgoEps": {}, "numberOfAnalysts": {}, "growth": {}}, "revenueEstimate": {"avg": {}, "low": {}, "high": {}, "numberOfAnalysts": {}, "yearAgoRevenue": {}, "growth": {}}, "epsTrend": {"current": {}, "7daysAgo": {}, "30daysAgo": {}, "60daysAgo": {}, "90daysAgo": {}}, "epsRevisions": {"upLast7days": {}, "upLast30days": {}, "downLast30days": {}, "downLast90days": {}}}, {"maxAge": 1, "period": "-5y", "endDate": null, "growth": {}, "earningsEstimate": {"avg": {}, "low": {}, "high": {}, "yearAgoEps": {}, "numberOfAnalysts": {}, "growth": {}}, "revenueEstimate": {"avg": {}, "low": {}, "high": {}, "numberOfAnalysts": {}, "yearAgoRevenue": {}, "growth": {}}, "epsTrend": {"current": {}, "7daysAgo": {}, "30daysAgo": {}, "60daysAgo": {}, "90daysAgo": {}}, "epsRevisions": {"upLast7days": {}, "upLast30days": {}, "downLast30days": {}, "downLast90days": {}}}], "maxAge": 1}, "financialData": {"maxAge": 86400, "currentPrice": 35.15, "targetHighPrice": 23.0, "targetLowPrice": 23.0, "targetMeanPrice": 23.0, "targetMedianPrice": 23.0, "recommendationKey": "none", "numberOfAnalystOpinions": 1, "grossProfits": 161043000, "financialCurrency": "INR"}}}