{"VIRATCRA.BO": {"cashflowStatementHistory": {"cashflowStatements": [{"maxAge": 1, "endDate": "2020-03-31", "netIncome": 61947050, "depreciation": 3145332, "changeToNetincome": 136414, "changeToAccountReceivables": -4935404, "changeToLiabilities": 11510546, "changeToInventory": -72102876, "changeToOperatingActivities": 8246931, "totalCashFromOperatingActivities": 7947993, "capitalExpenditures": -1417811, "otherCashflowsFromInvestingActivities": 144000, "totalCashflowsFromInvestingActivities": -1273811, "netBorrowings": -4541117, "otherCashflowsFromFinancingActivities": 4446901, "totalCashFromFinancingActivities": -94216, "changeInCash": 6579966}, {"maxAge": 1, "endDate": "2019-03-31", "netIncome": 68096046, "depreciation": 3036372, "changeToNetincome": -22668516, "changeToAccountReceivables": -2539696, "changeToLiabilities": -50201615, "changeToInventory": 26324052, "changeToOperatingActivities": -12968942, "totalCashFromOperatingActivities": 9077701, "capitalExpenditures": -1122258, "otherCashflowsFromInvestingActivities": 144000, "totalCashflowsFromInvestingActivities": -708258, "dividendsPaid": -12290775, "netBorrowings": -6315500, "otherCashflowsFromFinancingActivities": 6538879, "totalCashFromFinancingActivities": -12067396, "changeInCash": -3697953}, {"maxAge": 1, "endDate": "2018-03-31", "netIncome": 62065832, "depreciation": 2847932, "changeToNetincome": 3803657, "changeToAccountReceivables": -26755383, "changeToLiabilities": 28761748, "changeToInventory": -63604452, "changeToOperatingActivities": 31727940, "totalCashFromOperatingActivities": 38847274, "capitalExpenditures": -47773509, "otherCashflowsFromInvestingActivities": 144000, "totalCashflowsFromInvestingActivities": -47629509, "dividendsPaid": -24581549, "netBorrowings": 35156131, "otherCashflowsFromFinancingActivities": 10743646, "totalCashFromFinancingActivities": 21318228, "changeInCash": 12535993}, {"maxAge": 1, "endDate": "2017-03-31", "netIncome": 22839239, "depreciation": 2701767, "changeToNetincome": -14646698, "changeToAccountReceivables": -9576052, "changeToLiabilities": 46033886, "changeToInventory": -25232386, "changeToOperatingActivities": 13238102, "totalCashFromOperatingActivities": 35357858, "capitalExpenditures": -15830306, "otherCashflowsFromInvestingActivities": 144000, "totalCashflowsFromInvestingActivities": -15286306, "dividendsPaid": -12253655, "netBorrowings": 4000517, "otherCashflowsFromFinancingActivities": -8383813, "totalCashFromFinancingActivities": -16636951, "changeInCash": 3434601}], "maxAge": 86400}, "institutionOwnership": {"ownershipList": [], "maxAge": 1}, "balanceSheetHistoryQuarterly": {"balanceSheetStatements": [{"maxAge": 1, "endDate": "2020-06-30", "totalStockholderEquity": 459923152, "netTangibleAssets": 359980199}, {"maxAge": 1, "endDate": "2020-03-31", "cash": 37104800, "netReceivables": 55710533, "inventory": 164366678, "otherCurrentAssets": 12728757, "totalCurrentAssets": 269910768, "longTermInvestments": 41242800, "propertyPlantEquipment": 82216820, "goodWill": 99942953, "otherAssets": 86271115, "deferredLongTermAssetCharges": 531851, "totalAssets": 579584456, "accountsPayable": 66026088, "otherCurrentLiab": 7804547, "otherLiab": 2384040, "totalCurrentLiabilities": 117277264, "totalLiab": 119661304, "commonStock": 204237500, "retainedEarnings": 255685652, "totalStockholderEquity": 459923152, "netTangibleAssets": 359980199}, {"maxAge": 1, "endDate": "2019-12-31", "totalStockholderEquity": 430047000, "netTangibleAssets": 330104000}, {"maxAge": 1, "endDate": "2019-09-30", "cash": 35429000, "netReceivables": 54041000, "inventory": 117592000, "otherCurrentAssets": 30180000, "totalCurrentAssets": 237242000, "longTermInvestments": 124779000, "propertyPlantEquipment": 83358000, "goodWill": 99943000, "otherAssets": 828000, "deferredLongTermAssetCharges": 812000, "totalAssets": 546150000, "accountsPayable": 68699000, "otherCurrentLiab": 8538000, "otherLiab": 3787000, "totalCurrentLiabilities": 112316000, "totalLiab": 116103000, "commonStock": 204238000, "retainedEarnings": 225809000, "totalStockholderEquity": 430047000, "netTangibleAssets": 330104000}], "maxAge": 86400}, "indexTrend": {"maxAge": 1, "symbol": "SP5", "peRatio": 19.7411, "pegRatio": 1.34172, "estimates": [{"period": "0q", "growth": 0.549}, {"period": "+1q", "growth": 0.431}, {"period": "0y", "growth": 0.305}, {"period": "+1y", "growth": 0.109}, {"period": "+5y", "growth": 0.120859005}, {"period": "-5y"}]}, "insiderTransactions": {"transactions": [{"maxAge": 1, "shares": 1974670, "filerUrl": "", "transactionText": "", "filerName": "Grandhi (Subbarao)", "filerRelation": "Non Executive Chairman", "moneyText": "", "startDate": "2012-08-04", "ownership": "D"}, {"maxAge": 1, "shares": 1974670, "filerUrl": "", "transactionText": "", "filerName": "Rao (Kantha G V S L)", "filerRelation": "Managing Director", "moneyText": "", "startDate": "2012-08-04", "ownership": "D"}, {"maxAge": 1, "shares": 64999, "filerUrl": "", "transactionText": "", "filerName": "Hymavati (Grandhi Lakshmi)", "filerRelation": "UNREPORTED", "moneyText": "", "startDate": "2009-10-19", "ownership": "D"}], "maxAge": 1}, "quoteType": {"exchange": "BSE", "quoteType": "EQUITY", "symbol": "VIRATCRA.BO", "underlyingSymbol": "VIRATCRA.BO", "shortName": "VIRAT CRANE INDUSTRIES LTD.", "longName": "Virat Crane Industries Limited", "firstTradeDateEpochUtc": "2002-01-07 09:15:00", "timeZoneFullName": "Asia/Kolkata", "timeZoneShortName": "IST", "uuid": "8aa88b24-502c-3c75-adc2-ca082c9fa28e", "gmtOffSetMilliseconds": 19800000, "maxAge": 1}, "incomeStatementHistory": {"incomeStatementHistory": [{"maxAge": 1, "endDate": "2020-03-31", "totalRevenue": 855221687, "costOfRevenue": 661000527, "grossProfit": 194221160, "researchDevelopment": {}, "sellingGeneralAdministrative": 48884066, "nonRecurring": {}, "otherOperatingExpenses": 54151137, "totalOperatingExpenses": 767181062, "operatingIncome": 88040625, "totalOtherIncomeExpenseNet": -3811826, "ebit": 88040625, "interestExpense": -3571614, "incomeBeforeTax": 84228799, "incomeTaxExpense": 22281749, "minorityInterest": {}, "netIncomeFromContinuingOps": 61947050, "discontinuedOperations": {}, "extraordinaryItems": {}, "effectOfAccountingCharges": {}, "otherItems": {}, "netIncome": 61947050, "netIncomeApplicableToCommonShares": 61947050}, {"maxAge": 1, "endDate": "2019-03-31", "totalRevenue": 857272988, "costOfRevenue": 650422888, "grossProfit": 206850100, "researchDevelopment": {}, "sellingGeneralAdministrative": 52671760, "nonRecurring": {}, "otherOperatingExpenses": 50786994, "totalOperatingExpenses": 756918014, "operatingIncome": 100354974, "totalOtherIncomeExpenseNet": -4304681, "ebit": 100354974, "interestExpense": -4088707, "incomeBeforeTax": 96050293, "incomeTaxExpense": 27954247, "minorityInterest": {}, "netIncomeFromContinuingOps": 68096046, "discontinuedOperations": {}, "extraordinaryItems": {}, "effectOfAccountingCharges": {}, "otherItems": {}, "netIncome": 68096046, "netIncomeApplicableToCommonShares": 68096046}, {"maxAge": 1, "endDate": "2018-03-31", "totalRevenue": 877639574, "costOfRevenue": 697563437, "grossProfit": 180076137, "researchDevelopment": {}, "sellingGeneralAdministrative": 35604186, "nonRecurring": {}, "otherOperatingExpenses": 39618898, "totalOperatingExpenses": 775634453, "operatingIncome": 102005121, "totalOtherIncomeExpenseNet": -5985732, "ebit": 102005121, "interestExpense": -4011860, "incomeBeforeTax": 96019389, "incomeTaxExpense": 33953557, "minorityInterest": {}, "netIncomeFromContinuingOps": 62065832, "discontinuedOperations": {}, "extraordinaryItems": {}, "effectOfAccountingCharges": {}, "otherItems": {}, "netIncome": 62065832, "netIncomeApplicableToCommonShares": 62065832}, {"maxAge": 1, "endDate": "2017-03-31", "totalRevenue": 714829560, "costOfRevenue": 604892909, "grossProfit": 109936651, "researchDevelopment": {}, "sellingGeneralAdministrative": 32461102, "nonRecurring": {}, "otherOperatingExpenses": 38740982, "totalOperatingExpenses": 678796760, "operatingIncome": 36032800, "totalOtherIncomeExpenseNet": -227624, "ebit": 36032800, "interestExpense": -648479, "incomeBeforeTax": 35805176, "incomeTaxExpense": 12965937, "minorityInterest": {}, "netIncomeFromContinuingOps": 22839239, "discontinuedOperations": {}, "extraordinaryItems": {}, "effectOfAccountingCharges": {}, "otherItems": {}, "netIncome": 22839239, "netIncomeApplicableToCommonShares": 22839239}], "maxAge": 86400}, "fundOwnership": {"ownershipList": [], "maxAge": 1}, "summaryDetail": {"maxAge": 1, "priceHint": 2, "previousClose": 22.65, "open": 21.5, "dayLow": 21.25, "dayHigh": 23.0, "regularMarketPreviousClose": 22.65, "regularMarketOpen": 21.5, "regularMarketDayLow": 21.25, "regularMarketDayHigh": 23.0, "trailingPE": 7.5662255, "volume": 2615, "regularMarketVolume": 2615, "averageVolume": 8707, "averageVolume10days": 6055, "averageDailyVolume10Day": 6055, "bid": 21.3, "ask": 22.9, "bidSize": 0, "askSize": 0, "marketCap": 466683840, "fiftyTwoWeekLow": 13.0, "fiftyTwoWeekHigh": 29.6, "fiftyDayAverage": 23.19697, "twoHundredDayAverage": 20.354044, "trailingAnnualDividendRate": 0.5, "trailingAnnualDividendYield": 0.022075055, "currency": "INR", "fromCurrency": null, "lastMarket": null, "algorithm": null, "tradeable": false}, "incomeStatementHistoryQuarterly": {"incomeStatementHistory": [{"maxAge": 1, "endDate": "2020-06-30", "totalRevenue": 199318000, "costOfRevenue": 161407000, "grossProfit": 37911000, "researchDevelopment": {}, "sellingGeneralAdministrative": 3991000, "nonRecurring": {}, "otherOperatingExpenses": 12343000, "totalOperatingExpenses": 178527000, "operatingIncome": 20791000, "totalOtherIncomeExpenseNet": -1140000, "ebit": 20791000, "interestExpense": -1140000, "incomeBeforeTax": 19651000, "incomeTaxExpense": 4946000, "minorityInterest": {}, "netIncomeFromContinuingOps": 14705000, "discontinuedOperations": {}, "extraordinaryItems": {}, "effectOfAccountingCharges": {}, "otherItems": {}, "netIncome": 14705000, "netIncomeApplicableToCommonShares": 14705000}, {"maxAge": 1, "endDate": "2020-03-31", "totalRevenue": 233300687, "costOfRevenue": 178369527, "grossProfit": 54931160, "researchDevelopment": {}, "sellingGeneralAdministrative": 36140066, "nonRecurring": {}, "otherOperatingExpenses": -6252863, "totalOperatingExpenses": 209125062, "operatingIncome": 24175625, "totalOtherIncomeExpenseNet": -896826, "ebit": 24175625, "interestExpense": -411614, "incomeBeforeTax": 23278799, "incomeTaxExpense": 5324749, "minorityInterest": {}, "netIncomeFromContinuingOps": 17954050, "discontinuedOperations": {}, "extraordinaryItems": {}, "effectOfAccountingCharges": {}, "otherItems": {}, "netIncome": 17954050, "netIncomeApplicableToCommonShares": 17954050}, {"maxAge": 1, "endDate": "2019-12-31", "totalRevenue": 249990000, "costOfRevenue": 202318000, "grossProfit": 47672000, "researchDevelopment": {}, "sellingGeneralAdministrative": 4338000, "nonRecurring": {}, "otherOperatingExpenses": 22702000, "totalOperatingExpenses": 230117000, "operatingIncome": 19873000, "totalOtherIncomeExpenseNet": -905000, "ebit": 19873000, "interestExpense": -941000, "incomeBeforeTax": 18968000, "incomeTaxExpense": 5277000, "minorityInterest": {}, "netIncomeFromContinuingOps": 13691000, "discontinuedOperations": {}, "extraordinaryItems": {}, "effectOfAccountingCharges": {}, "otherItems": {}, "netIncome": 13691000, "netIncomeApplicableToCommonShares": 13691000}, {"maxAge": 1, "endDate": "2019-09-30", "totalRevenue": 187818000, "costOfRevenue": 140554000, "grossProfit": 47264000, "researchDevelopment": {}, "sellingGeneralAdministrative": 4351000, "nonRecurring": {}, "otherOperatingExpenses": 19690000, "totalOperatingExpenses": 165354000, "operatingIncome": 22464000, "totalOtherIncomeExpenseNet": -1131000, "ebit": 22464000, "interestExpense": -1167000, "incomeBeforeTax": 21333000, "incomeTaxExpense": 5935000, "minorityInterest": {}, "netIncomeFromContinuingOps": 15398000, "discontinuedOperations": {}, "extraordinaryItems": {}, "effectOfAccountingCharges": {}, "otherItems": {}, "netIncome": 15398000, "netIncomeApplicableToCommonShares": 15398000}], "maxAge": 86400}, "cashflowStatementHistoryQuarterly": {"cashflowStatements": [{"maxAge": 1, "endDate": "2020-06-30", "netIncome": 14705000, "changeToLiabilities": 0}, {"maxAge": 1, "endDate": "2020-03-31", "netIncome": 17954050, "changeToLiabilities": 0}, {"maxAge": 1, "endDate": "2019-12-31", "netIncome": 13691000, "changeToLiabilities": 0}, {"maxAge": 1, "endDate": "2019-09-30", "netIncome": 15398000, "changeToLiabilities": 0}], "maxAge": 86400}, "insiderHolders": {"holders": [{"maxAge": 1, "name": "Grandhi (Subbarao)", "relation": "Non Executive Chairman", "url": "", "transactionDescription": "Sale", "latestTransDate": "2012-08-04", "positionDirect": 9000, "positionDirectDate": "2012-08-04"}, {"maxAge": 1, "name": "Hymavati (Grandhi Lakshmi)", "relation": "UNREPORTED", "url": "", "transactionDescription": "Acquisition", "latestTransDate": "2009-10-19", "positionDirect": 104295, "positionDirectDate": "2009-10-19"}, {"maxAge": 1, "name": "Rao (Kantha G V S L)", "relation": "Managing Director", "url": "", "transactionDescription": "Acquisition", "latestTransDate": "2012-08-04", "positionDirect": 14582000, "positionDirectDate": "2012-08-04"}], "maxAge": 1}, "calendarEvents": {"maxAge": 1, "earnings": {"earningsDate": []}}, "upgradeDowngradeHistory": {"history": [], "maxAge": 86400}, "price": {"maxAge": 1, "regularMarketChangePercent": 0.008830056, "regularMarketChange": 0.20000076, "regularMarketTime": "2021-04-30 15:01:51", "priceHint": 2, "regularMarketPrice": 22.85, "regularMarketDayHigh": 23.0, "regularMarketDayLow": 21.25, "regularMarketVolume": 2615, "averageDailyVolume10Day": 6055, "averageDailyVolume3Month": 8707, "regularMarketPreviousClose": 22.65, "regularMarketSource": "FREE_REALTIME", "regularMarketOpen": 21.5, "exchange": "BSE", "exchangeName": "BSE", "exchangeDataDelayedBy": 0, "marketState": "CLOSED", "quoteType": "EQUITY", "symbol": "VIRATCRA.BO", "underlyingSymbol": null, "shortName": "VIRAT CRANE INDUSTRIES LTD.", "longName": "Virat Crane Industries Limited", "currency": "INR", "quoteSourceName": "Delayed Quote", "currencySymbol": "\u20b9", "fromCurrency": null, "lastMarket": null, "marketCap": 466683840}, "balanceSheetHistory": {"balanceSheetStatements": [{"maxAge": 1, "endDate": "2020-03-31", "cash": 37104800, "netReceivables": 55710533, "inventory": 164366678, "otherCurrentAssets": 12728757, "totalCurrentAssets": 269910768, "longTermInvestments": 41242800, "propertyPlantEquipment": 82216820, "goodWill": 99942953, "otherAssets": 86271115, "deferredLongTermAssetCharges": 531851, "totalAssets": 579584456, "accountsPayable": 66026088, "otherCurrentLiab": 7804547, "otherLiab": 2384040, "totalCurrentLiabilities": 117277264, "totalLiab": 119661304, "commonStock": 204237500, "retainedEarnings": 255685652, "totalStockholderEquity": 459923152, "netTangibleAssets": 359980199}, {"maxAge": 1, "endDate": "2019-03-31", "cash": 30524834, "netReceivables": 55658999, "inventory": 92263802, "otherCurrentAssets": 26092506, "totalCurrentAssets": 204540141, "longTermInvestments": 41242800, "propertyPlantEquipment": 83944343, "goodWill": 99942953, "otherAssets": 86114558, "deferredLongTermAssetCharges": 812264, "totalAssets": 515784795, "accountsPayable": 54515542, "otherCurrentLiab": 8744690, "otherLiab": 3786773, "totalCurrentLiabilities": 114021920, "totalLiab": 117808693, "commonStock": 204237500, "retainedEarnings": 193738602, "totalStockholderEquity": 397976102, "netTangibleAssets": 298033149}, {"maxAge": 1, "endDate": "2018-03-31", "cash": 34222787, "netReceivables": 61843638, "inventory": 118587854, "otherCurrentAssets": 23521228, "totalCurrentAssets": 238175507, "longTermInvestments": 42078800, "propertyPlantEquipment": 86128457, "goodWill": 99942953, "otherAssets": 90851060, "deferredLongTermAssetCharges": 1259128, "totalAssets": 557176777, "accountsPayable": 104717157, "otherCurrentLiab": 43874783, "longTermDebt": 360000, "otherLiab": 8867417, "totalCurrentLiabilities": 205778529, "totalLiab": 215005946, "commonStock": 204237500, "retainedEarnings": 137933331, "totalStockholderEquity": 342170831, "netTangibleAssets": 242227878}, {"maxAge": 1, "endDate": "2017-03-31", "cash": 21686794, "netReceivables": 39625693, "inventory": 54983402, "otherCurrentAssets": 35613167, "totalCurrentAssets": 151909056, "longTermInvestments": 41946800, "propertyPlantEquipment": 41202880, "goodWill": 99942953, "otherAssets": 101338470, "deferredLongTermAssetCharges": 1897785, "totalAssets": 436340159, "accountsPayable": 75955409, "shortLongTermDebt": 162198, "otherCurrentLiab": 29628193, "otherLiab": 10474411, "deferredLongTermLiab": 2115000, "totalCurrentLiabilities": 121179200, "totalLiab": 131653611, "commonStock": 204237500, "retainedEarnings": 100449048, "totalStockholderEquity": 304686548, "netTangibleAssets": 204743595}], "maxAge": 86400}, "financialData": {"maxAge": 86400, "currentPrice": 22.85, "recommendationKey": "none", "grossProfits": 194221160, "financialCurrency": "INR"}}}