{"VIRINCHI.BO": {"recommendationTrend": {"trend": [{"period": "0m", "strongBuy": 0, "buy": 0, "hold": 0, "sell": 0, "strongSell": 0}, {"period": "-1m", "strongBuy": 0, "buy": 0, "hold": 0, "sell": 0, "strongSell": 0}, {"period": "-2m", "strongBuy": 0, "buy": 0, "hold": 0, "sell": 0, "strongSell": 0}, {"period": "-3m", "strongBuy": 0, "buy": 0, "hold": 0, "sell": 0, "strongSell": 0}], "maxAge": 86400}, "cashflowStatementHistory": {"cashflowStatements": [{"maxAge": 1, "endDate": "2020-03-31", "netIncome": 464658577, "depreciation": 350331808, "changeToAccountReceivables": 182234153, "changeToLiabilities": -239365601, "totalCashFromOperatingActivities": 852520722, "capitalExpenditures": -682072429, "totalCashflowsFromInvestingActivities": -682072429, "netBorrowings": -20346402, "otherCashflowsFromFinancingActivities": -287072926, "totalCashFromFinancingActivities": -174089328, "changeInCash": -3641035, "issuanceOfStock": 133330000}, {"maxAge": 1, "endDate": "2019-03-31", "netIncome": 589192663, "depreciation": 360019712, "changeToAccountReceivables": 47981170, "changeToLiabilities": -186553544, "totalCashFromOperatingActivities": 810640001, "capitalExpenditures": -838752839, "investments": 9346375, "totalCashflowsFromInvestingActivities": -829406464, "netBorrowings": -20209958, "otherCashflowsFromFinancingActivities": -207411141, "totalCashFromFinancingActivities": 10430803, "changeInCash": -8335660, "issuanceOfStock": 238051902}, {"maxAge": 1, "endDate": "2018-03-31", "netIncome": 330142928, "depreciation": 333107352, "changeToNetincome": 1858000, "changeToAccountReceivables": -682909330, "changeToLiabilities": 369799755, "totalCashFromOperatingActivities": 351998705, "capitalExpenditures": -500937312, "investments": -5097691, "totalCashflowsFromInvestingActivities": -506035003, "netBorrowings": -98969389, "otherCashflowsFromFinancingActivities": -207411141, "totalCashFromFinancingActivities": 140251508, "changeInCash": -13784790, "issuanceOfStock": 239220897}, {"maxAge": 1, "endDate": "2017-03-31", "netIncome": 235954583, "depreciation": 247613000, "changeToNetincome": -583, "changeToAccountReceivables": -98731000, "changeToLiabilities": 403778000, "totalCashFromOperatingActivities": 788614000, "capitalExpenditures": -1253510000, "investments": -1519000, "totalCashflowsFromInvestingActivities": -1255029000, "netBorrowings": 298285000, "otherCashflowsFromFinancingActivities": -207411141, "totalCashFromFinancingActivities": 307293000, "changeInCash": -159121000, "issuanceOfStock": 9008000}], "maxAge": 86400}, "institutionOwnership": {"maxAge": 1, "ownershipList": []}, "balanceSheetHistoryQuarterly": {"balanceSheetStatements": [{"maxAge": 1, "endDate": "2020-06-30", "totalStockholderEquity": 3488500000, "netTangibleAssets": 2593900000}, {"maxAge": 1, "endDate": "2020-03-31", "cash": 86722550, "shortTermInvestments": 330000, "netReceivables": 1272355489, "inventory": 96365011, "otherCurrentAssets": 110724615, "totalCurrentAssets": 1566497665, "longTermInvestments": 2993641, "propertyPlantEquipment": 3099421714, "goodWill": 414215677, "intangibleAssets": 480363404, "otherAssets": 106062593, "totalAssets": 5669554694, "accountsPayable": 112025707, "shortLongTermDebt": 179144619, "longTermDebt": 1042791439, "otherLiab": -4241102, "deferredLongTermLiab": 11121401, "minorityInterest": -5059790, "totalCurrentLiabilities": 877213796, "totalLiab": 1915764133, "commonStock": 327207340, "retainedEarnings": 2368967841, "treasuryStock": -123356470, "capitalSurplus": 1186031640, "otherStockholderEquity": -123356470, "totalStockholderEquity": 3758850351, "netTangibleAssets": 2864271270}, {"maxAge": 1, "endDate": "2019-12-31", "totalStockholderEquity": 3485900000, "netTangibleAssets": 2627200000}, {"maxAge": 1, "endDate": "2019-09-30", "cash": 97900000, "netReceivables": 1144500000, "inventory": 99700000, "otherCurrentAssets": 93200000, "totalCurrentAssets": 1435300000, "longTermInvestments": 3000000, "propertyPlantEquipment": 2919400000, "intangibleAssets": 858700000, "otherAssets": 108500000, "totalAssets": 5324900000, "accountsPayable": 137800000, "shortLongTermDebt": 589600000, "otherCurrentLiab": 236300000, "longTermDebt": 845900000, "otherLiab": 34400000, "deferredLongTermLiab": 12500000, "minorityInterest": -5000000, "totalCurrentLiabilities": 963700000, "totalLiab": 1844000000, "commonStock": 327200000, "treasuryStock": 3158700000, "otherStockholderEquity": 3158700000, "totalStockholderEquity": 3485900000, "netTangibleAssets": 2627200000}], "maxAge": 86400}, "earningsHistory": {"history": [{"maxAge": 1, "epsActual": {}, "epsEstimate": {}, "epsDifference": {}, "surprisePercent": {}, "quarter": {}, "period": "-4q"}, {"maxAge": 1, "epsActual": {}, "epsEstimate": {}, "epsDifference": {}, "surprisePercent": {}, "quarter": {}, "period": "-3q"}, {"maxAge": 1, "epsActual": 1.83, "epsEstimate": 2.62, "epsDifference": -0.79, "surprisePercent": -0.30200002, "quarter": "2016-12-31", "period": "-2q"}, {"maxAge": 1, "epsActual": 3.01, "epsEstimate": 2.47, "epsDifference": 0.54, "surprisePercent": 0.219, "quarter": "2017-09-30", "period": "-1q"}], "maxAge": 86400}, "indexTrend": {"maxAge": 1, "symbol": "SP5", "peRatio": 19.7411, "pegRatio": 1.34172, "estimates": [{"period": "0q", "growth": 0.549}, {"period": "+1q", "growth": 0.431}, {"period": "0y", "growth": 0.305}, {"period": "+1y", "growth": 0.109}, {"period": "+5y", "growth": 0.120859005}, {"period": "-5y"}]}, "industryTrend": {"maxAge": 1, "symbol": null, "estimates": []}, "insiderTransactions": {"transactions": [{"maxAge": 1, "shares": 1370625, "value": 748498, "filerUrl": "", "transactionText": "Other at price 0.55 per share.", "filerName": "Kompella (Ramakrishna Paramahamsa)", "filerRelation": "Promoter", "moneyText": "", "startDate": "2020-10-14", "ownership": "D"}, {"maxAge": 1, "shares": 200000, "value": 109220, "filerUrl": "", "transactionText": "Other at price 0.55 per share.", "filerName": "Kompella (Ramakrishna Paramahamsa)", "filerRelation": "Promoter", "moneyText": "", "startDate": "2020-10-14", "ownership": "D"}, {"maxAge": 1, "shares": 1210625, "value": 661122, "filerUrl": "", "transactionText": "Other at price 0.55 per share.", "filerName": "Kompella (Lopamudra)", "filerRelation": "Promoter", "moneyText": "", "startDate": "2020-10-14", "ownership": "D"}, {"maxAge": 1, "shares": 1010625, "value": 551902, "filerUrl": "", "transactionText": "Other at price 0.55 per share.", "filerName": "Kompella (Lopamudra)", "filerRelation": "Promoter", "moneyText": "", "startDate": "2020-10-14", "ownership": "D"}, {"maxAge": 1, "shares": 965605, "value": 527316, "filerUrl": "", "transactionText": "Other at price 0.55 per share.", "filerName": "P K I Solutions Pvt. Ltd.", "filerRelation": "Promoter", "moneyText": "", "startDate": "2020-10-14", "ownership": "D"}, {"maxAge": 1, "shares": 35605, "value": 19443, "filerUrl": "", "transactionText": "Other at price 0.55 per share.", "filerName": "P K I Solutions Pvt. Ltd.", "filerRelation": "Promoter", "moneyText": "", "startDate": "2020-10-14", "ownership": "D"}, {"maxAge": 1, "shares": 837300, "value": 457249, "filerUrl": "", "transactionText": "Other at price 0.55 per share.", "filerName": "Kompella (Madhavi Latha)", "filerRelation": "Promoter", "moneyText": "", "startDate": "2020-10-14", "ownership": "D"}, {"maxAge": 1, "shares": 637300, "value": 348029, "filerUrl": "", "transactionText": "Other at price 0.55 per share.", "filerName": "Kompella (Madhavi Latha)", "filerRelation": "Promoter", "moneyText": "", "startDate": "2020-10-14", "ownership": "D"}, {"maxAge": 1, "shares": 200000, "value": 109220, "filerUrl": "", "transactionText": "Other at price 0.55 per share.", "filerName": "Kompella (Modini)", "filerRelation": "Promoter", "moneyText": "", "startDate": "2020-10-14", "ownership": "D"}, {"maxAge": 1, "shares": 1210625, "value": 661122, "filerUrl": "", "transactionText": "Other at price 0.55 per share.", "filerName": "Kompella (Modini)", "filerRelation": "Promoter", "moneyText": "", "startDate": "2020-10-14", "ownership": "D"}, {"maxAge": 1, "shares": 340000, "filerUrl": "", "transactionText": "", "filerName": "Kompella (Modini)", "filerRelation": "UNREPORTED", "moneyText": "", "startDate": "2019-06-25", "ownership": "D"}, {"maxAge": 1, "shares": 1250625, "filerUrl": "", "transactionText": "", "filerName": "Kompella (Modini)", "filerRelation": "UNREPORTED", "moneyText": "", "startDate": "2019-06-25", "ownership": "D"}, {"maxAge": 1, "shares": 230000, "filerUrl": "", "transactionText": "", "filerName": "Kompella (Lopamudra)", "filerRelation": "Promoter", "moneyText": "", "startDate": "2019-06-12", "ownership": "D"}, {"maxAge": 1, "shares": 500000, "filerUrl": "", "transactionText": "", "filerName": "Kompella (Ramakrishna Paramahamsa)", "filerRelation": "Promoter", "moneyText": "", "startDate": "2019-06-03", "ownership": "D"}, {"maxAge": 1, "shares": 40000, "filerUrl": "", "transactionText": "", "filerName": "Prasad (Satyajeet)", "filerRelation": "Chief Executive Officer", "moneyText": "", "startDate": "2019-05-21", "ownership": "D"}, {"maxAge": 1, "shares": 400000, "filerUrl": "", "transactionText": "", "filerName": "Ranjan (Vishal)", "filerRelation": "UNREPORTED", "moneyText": "", "startDate": "2019-05-21", "ownership": "D"}, {"maxAge": 1, "shares": 135605, "filerUrl": "", "transactionText": "", "filerName": "P K I Solutions Pvt. Ltd.", "filerRelation": "Promoter", "moneyText": "", "startDate": "2019-05-04", "ownership": "D"}, {"maxAge": 1, "shares": 50000, "filerUrl": "", "transactionText": "", "filerName": "Bharat Megawatts Gen Pvt. Ltd.", "filerRelation": "Promoter", "moneyText": "", "startDate": "2019-05-04", "ownership": "D"}, {"maxAge": 1, "shares": 500000, "filerUrl": "", "transactionText": "", "filerName": "P K I Solutions Pvt. Ltd.", "filerRelation": "Promoter", "moneyText": "", "startDate": "2019-04-25", "ownership": "D"}, {"maxAge": 1, "shares": 5605, "filerUrl": "", "transactionText": "", "filerName": "P K I Solutions Pvt. Ltd.", "filerRelation": "Promoter", "moneyText": "", "startDate": "2019-04-25", "ownership": "D"}, {"maxAge": 1, "shares": 200000, "filerUrl": "", "transactionText": "", "filerName": "Shri Shri Resorts Pvt Ltd", "filerRelation": "Promoter", "moneyText": "", "startDate": "2019-04-25", "ownership": "D"}, {"maxAge": 1, "shares": 301137, "filerUrl": "", "transactionText": "", "filerName": "Shri Shri Resorts Pvt Ltd", "filerRelation": "Promoter", "moneyText": "", "startDate": "2019-04-25", "ownership": "D"}, {"maxAge": 1, "shares": 100000, "filerUrl": "", "transactionText": "", "filerName": "Bharat Megawatts Gen Pvt. Ltd.", "filerRelation": "Promoter", "moneyText": "", "startDate": "2019-04-25", "ownership": "D"}, {"maxAge": 1, "shares": 350000, "filerUrl": "", "transactionText": "", "filerName": "Bharat Megawatts Gen Pvt. Ltd.", "filerRelation": "Promoter", "moneyText": "", "startDate": "2019-04-25", "ownership": "D"}, {"maxAge": 1, "shares": 140000, "filerUrl": "", "transactionText": "", "filerName": "Prasad (Satyajeet)", "filerRelation": "Chief Executive Officer", "moneyText": "", "startDate": "2018-12-24", "ownership": "D"}, {"maxAge": 1, "shares": 100000, "filerUrl": "", "transactionText": "", "filerName": "Prasad (Satyajeet)", "filerRelation": "Chief Executive Officer", "moneyText": "", "startDate": "2018-12-12", "ownership": "D"}], "maxAge": 1}, "quoteType": {"exchange": "BSE", "quoteType": "EQUITY", "symbol": "VIRINCHI.BO", "underlyingSymbol": "VIRINCHI.BO", "shortName": "Virinchi Limited", "longName": "Virinchi Limited", "firstTradeDateEpochUtc": "2000-10-27 09:15:00", "timeZoneFullName": "Asia/Kolkata", "timeZoneShortName": "IST", "uuid": "0a4d5385-335c-32fd-b3c6-f1022a00c8f4", "messageBoardId": null, "gmtOffSetMilliseconds": 19800000, "maxAge": 1}, "incomeStatementHistory": {"incomeStatementHistory": [{"maxAge": 1, "endDate": "2020-03-31", "totalRevenue": 3814619316, "costOfRevenue": 1487450559, "grossProfit": 2327168757, "researchDevelopment": {}, "sellingGeneralAdministrative": 1221276330, "nonRecurring": {}, "otherOperatingExpenses": {}, "totalOperatingExpenses": 3153720482, "operatingIncome": 660898834, "totalOtherIncomeExpenseNet": -205023857, "ebit": 660898834, "interestExpense": -221962008, "incomeBeforeTax": 455874977, "incomeTaxExpense": -8724264, "minorityInterest": -5059790, "netIncomeFromContinuingOps": 464599241, "discontinuedOperations": {}, "extraordinaryItems": {}, "effectOfAccountingCharges": {}, "otherItems": {}, "netIncome": 464658577, "netIncomeApplicableToCommonShares": 464539905}, {"maxAge": 1, "endDate": "2019-03-31", "totalRevenue": 4070931021, "costOfRevenue": 1576081248, "grossProfit": 2494849773, "researchDevelopment": {}, "sellingGeneralAdministrative": 1292972242, "nonRecurring": {}, "otherOperatingExpenses": {}, "totalOperatingExpenses": 3229073202, "operatingIncome": 841857819, "totalOtherIncomeExpenseNet": -180500508, "ebit": 841857819, "interestExpense": -220728900, "incomeBeforeTax": 661357311, "incomeTaxExpense": 72164648, "minorityInterest": -5001158, "netIncomeFromContinuingOps": 589192663, "discontinuedOperations": {}, "extraordinaryItems": {}, "effectOfAccountingCharges": {}, "otherItems": {}, "netIncome": 589192663, "netIncomeApplicableToCommonShares": 589192663}, {"maxAge": 1, "endDate": "2018-03-31", "totalRevenue": 3414209903, "costOfRevenue": 1126346905, "grossProfit": 2287862998, "researchDevelopment": {}, "sellingGeneralAdministrative": 1329397959, "nonRecurring": {}, "otherOperatingExpenses": {}, "totalOperatingExpenses": 2789494896, "operatingIncome": 624715007, "totalOtherIncomeExpenseNet": -217117033, "ebit": 624715007, "interestExpense": -176133943, "incomeBeforeTax": 455382020, "incomeTaxExpense": 125142739, "minorityInterest": -5026060, "netIncomeFromContinuingOps": 330239281, "discontinuedOperations": {}, "extraordinaryItems": {}, "effectOfAccountingCharges": {}, "otherItems": {}, "netIncome": 330142928, "netIncomeApplicableToCommonShares": 330142928}, {"maxAge": 1, "endDate": "2017-03-31", "totalRevenue": 2866776439, "costOfRevenue": 1308896366, "grossProfit": 1557880073, "researchDevelopment": {}, "sellingGeneralAdministrative": 919290061, "nonRecurring": {}, "otherOperatingExpenses": {}, "totalOperatingExpenses": 2475799373, "operatingIncome": 390977066, "totalOtherIncomeExpenseNet": -97217271, "ebit": 390977066, "interestExpense": -98083798, "incomeBeforeTax": 293759795, "incomeTaxExpense": 57805212, "minorityInterest": -5026060, "netIncomeFromContinuingOps": 235954583, "discontinuedOperations": {}, "extraordinaryItems": {}, "effectOfAccountingCharges": {}, "otherItems": {}, "netIncome": 235954583, "netIncomeApplicableToCommonShares": 235954583}], "maxAge": 86400}, "fundOwnership": {"maxAge": 1, "ownershipList": []}, "summaryDetail": {"maxAge": 1, "priceHint": 2, "previousClose": 45.75, "open": 45.7, "dayLow": 43.1, "dayHigh": 45.7, "regularMarketPreviousClose": 45.75, "regularMarketOpen": 45.7, "regularMarketDayLow": 43.1, "regularMarketDayHigh": 45.7, "trailingPE": 3.8997457, "forwardPE": 3.2269762, "volume": 48888, "regularMarketVolume": 48888, "averageVolume": 82920, "averageVolume10days": 112921, "averageDailyVolume10Day": 112921, "bid": 44.5, "ask": 45.2, "bidSize": 0, "askSize": 0, "marketCap": 1522821120, "fiftyTwoWeekLow": 18.0, "fiftyTwoWeekHigh": 58.7, "fiftyDayAverage": 45.327145, "twoHundredDayAverage": 39.321533, "currency": "INR", "fromCurrency": null, "toCurrency": null, "lastMarket": null, "algorithm": null, "tradeable": false}, "sectorTrend": {"maxAge": 1, "symbol": null, "estimates": []}, "incomeStatementHistoryQuarterly": {"incomeStatementHistory": [{"maxAge": 1, "endDate": "2020-06-30", "totalRevenue": 786812000, "costOfRevenue": 319786000, "grossProfit": 467026000, "researchDevelopment": {}, "sellingGeneralAdministrative": 292988000, "nonRecurring": {}, "otherOperatingExpenses": {}, "totalOperatingExpenses": 723807000, "operatingIncome": 63005000, "totalOtherIncomeExpenseNet": -47045000, "ebit": 63005000, "interestExpense": -48656000, "incomeBeforeTax": 15960000, "incomeTaxExpense": -13234000, "minorityInterest": {}, "netIncomeFromContinuingOps": 29194000, "discontinuedOperations": {}, "extraordinaryItems": {}, "effectOfAccountingCharges": {}, "otherItems": {}, "netIncome": 29194000, "netIncomeApplicableToCommonShares": 29194000}, {"maxAge": 1, "endDate": "2020-03-31", "totalRevenue": 951067316, "costOfRevenue": 367067559, "grossProfit": 583999757, "researchDevelopment": {}, "sellingGeneralAdministrative": 287530330, "nonRecurring": {}, "otherOperatingExpenses": {}, "totalOperatingExpenses": 756274482, "operatingIncome": 194792834, "totalOtherIncomeExpenseNet": -51638857, "ebit": 194792834, "interestExpense": -57318008, "incomeBeforeTax": 143153977, "incomeTaxExpense": 35443736, "minorityInterest": -5059790, "netIncomeFromContinuingOps": 107710241, "discontinuedOperations": {}, "extraordinaryItems": {}, "effectOfAccountingCharges": {}, "otherItems": {}, "netIncome": 107769577, "netIncomeApplicableToCommonShares": 107650905}, {"maxAge": 1, "endDate": "2019-12-31", "totalRevenue": 966629000, "costOfRevenue": 370826000, "grossProfit": 595803000, "researchDevelopment": {}, "sellingGeneralAdministrative": 318907000, "nonRecurring": {}, "otherOperatingExpenses": {}, "totalOperatingExpenses": 805193000, "operatingIncome": 161436000, "totalOtherIncomeExpenseNet": -51393000, "ebit": 161436000, "interestExpense": -53803000, "incomeBeforeTax": 110043000, "incomeTaxExpense": -19777000, "minorityInterest": -5059790, "netIncomeFromContinuingOps": 129820000, "discontinuedOperations": {}, "extraordinaryItems": {}, "effectOfAccountingCharges": {}, "otherItems": {}, "netIncome": 129820000, "netIncomeApplicableToCommonShares": 129820000}, {"maxAge": 1, "endDate": "2019-09-30", "totalRevenue": 965659000, "costOfRevenue": 361905000, "grossProfit": 603754000, "researchDevelopment": {}, "sellingGeneralAdministrative": 329421000, "nonRecurring": {}, "otherOperatingExpenses": {}, "totalOperatingExpenses": 807855000, "operatingIncome": 157804000, "totalOtherIncomeExpenseNet": -52337000, "ebit": 157804000, "interestExpense": -57473000, "incomeBeforeTax": 105467000, "incomeTaxExpense": -11253000, "minorityInterest": -5000000, "netIncomeFromContinuingOps": 116720000, "discontinuedOperations": {}, "extraordinaryItems": {}, "effectOfAccountingCharges": {}, "otherItems": {}, "netIncome": 116720000, "netIncomeApplicableToCommonShares": 116720000}], "maxAge": 86400}, "cashflowStatementHistoryQuarterly": {"cashflowStatements": [{"maxAge": 1, "endDate": "2020-06-30", "netIncome": 29194000, "changeToLiabilities": 0}, {"maxAge": 1, "endDate": "2020-03-31", "netIncome": 107769577, "changeToLiabilities": 0}, {"maxAge": 1, "endDate": "2019-12-31", "netIncome": 129820000, "changeToLiabilities": 0}, {"maxAge": 1, "endDate": "2019-09-30", "netIncome": 116720000, "changeToLiabilities": 0}], "maxAge": 86400}, "insiderHolders": {"holders": [{"maxAge": 1, "name": "Bharat Megawatts Gen Pvt. Ltd.", "relation": "Promoter", "url": "", "transactionDescription": "Other", "latestTransDate": "2019-05-04", "positionDirectDate": "2019-05-04"}, {"maxAge": 1, "name": "Kompella (Lopamudra)", "relation": "Promoter", "url": "", "transactionDescription": "Other", "latestTransDate": "2020-10-14", "positionDirect": 1610625, "positionDirectDate": "2020-10-14"}, {"maxAge": 1, "name": "Kompella (Madhavi Latha)", "relation": "Promoter", "url": "", "transactionDescription": "Other", "latestTransDate": "2020-10-14", "positionDirect": 1337300, "positionDirectDate": "2020-10-14"}, {"maxAge": 1, "name": "Kompella (Modini)", "relation": "Promoter", "url": "", "transactionDescription": "Other", "latestTransDate": "2020-10-14", "positionDirect": 1610625, "positionDirectDate": "2020-10-14"}, {"maxAge": 1, "name": "Kompella (Ramakrishna Paramahamsa)", "relation": "Promoter", "url": "", "transactionDescription": "Other", "latestTransDate": "2020-10-14", "positionDirect": 400000, "positionDirectDate": "2020-10-14"}, {"maxAge": 1, "name": "P K I Solutions Pvt. Ltd.", "relation": "Promoter", "url": "", "transactionDescription": "Other", "latestTransDate": "2020-10-14", "positionDirect": 1335605, "positionDirectDate": "2020-10-14"}, {"maxAge": 1, "name": "Prasad (Satyajeet)", "relation": "Chief Executive Officer", "url": "", "transactionDescription": "Other", "latestTransDate": "2019-05-21", "positionDirect": 400000, "positionDirectDate": "2019-05-21"}, {"maxAge": 1, "name": "Ranjan (Vishal)", "relation": "UNREPORTED", "url": "", "transactionDescription": "Other", "latestTransDate": "2019-05-21", "positionDirect": 400000, "positionDirectDate": "2019-05-21"}, {"maxAge": 1, "name": "Shri Shri Resorts Pvt Ltd", "relation": "Promoter", "url": "", "transactionDescription": "Other", "latestTransDate": "2019-04-25", "positionDirect": 200000, "positionDirectDate": "2019-04-25"}], "maxAge": 1}, "earnings": {"maxAge": 86400, "earningsChart": {"quarterly": [{"date": "4Q2016", "actual": 1.83, "estimate": 2.62}, {"date": "3Q2017", "actual": 3.01, "estimate": 2.47}], "currentQuarterEstimateDate": "4Q", "currentQuarterEstimateYear": 2017, "earningsDate": []}, "financialsChart": {"yearly": [{"date": 2017, "revenue": 2866776439, "earnings": 235954583}, {"date": 2018, "revenue": 3414209903, "earnings": 330142928}, {"date": 2019, "revenue": 4070931021, "earnings": 589192663}, {"date": 2020, "revenue": 3814619316, "earnings": 464658577}], "quarterly": [{"date": "3Q2019", "revenue": 965659000, "earnings": 116720000}, {"date": "4Q2019", "revenue": 966629000, "earnings": 129820000}, {"date": "1Q2020", "revenue": 951067316, "earnings": 107769577}, {"date": "2Q2020", "revenue": 786812000, "earnings": 29194000}]}, "financialCurrency": "INR"}, "calendarEvents": {"maxAge": 1, "earnings": {"earningsDate": [], "revenueAverage": 858192000}}, "price": {"maxAge": 1, "regularMarketChangePercent": -0.027322404, "regularMarketChange": -1.25, "regularMarketTime": "2021-04-30 15:55:25", "priceHint": 2, "regularMarketPrice": 44.5, "regularMarketDayHigh": 45.7, "regularMarketDayLow": 43.1, "regularMarketVolume": 48888, "averageDailyVolume10Day": 112921, "averageDailyVolume3Month": 82920, "regularMarketPreviousClose": 45.75, "regularMarketSource": "FREE_REALTIME", "regularMarketOpen": 45.7, "exchange": "BSE", "exchangeName": "BSE", "exchangeDataDelayedBy": 0, "marketState": "CLOSED", "quoteType": "EQUITY", "symbol": "VIRINCHI.BO", "underlyingSymbol": null, "shortName": "Virinchi Limited", "longName": "Virinchi Limited", "currency": "INR", "quoteSourceName": "Delayed Quote", "currencySymbol": "\u20b9", "fromCurrency": null, "toCurrency": null, "lastMarket": null, "marketCap": 1522821120}, "balanceSheetHistory": {"balanceSheetStatements": [{"maxAge": 1, "endDate": "2020-03-31", "cash": 86722550, "shortTermInvestments": 330000, "netReceivables": 1272355489, "inventory": 96365011, "otherCurrentAssets": 110724615, "totalCurrentAssets": 1566497665, "longTermInvestments": 2993641, "propertyPlantEquipment": 3099421714, "goodWill": 414215677, "intangibleAssets": 480363404, "otherAssets": 106062593, "totalAssets": 5669554694, "accountsPayable": 112025707, "shortLongTermDebt": 179144619, "longTermDebt": 1042791439, "otherLiab": -4241102, "deferredLongTermLiab": 11121401, "minorityInterest": -5059790, "totalCurrentLiabilities": 877213796, "totalLiab": 1915764133, "commonStock": 327207340, "retainedEarnings": 2368967841, "treasuryStock": -123356470, "capitalSurplus": 1186031640, "otherStockholderEquity": -123356470, "totalStockholderEquity": 3758850351, "netTangibleAssets": 2864271270}, {"maxAge": 1, "endDate": "2019-03-31", "cash": 90363584, "shortTermInvestments": 398000, "netReceivables": 1255683300, "inventory": 84892448, "otherCurrentAssets": 48822330, "totalCurrentAssets": 1480159662, "longTermInvestments": 2993641, "propertyPlantEquipment": 2933439981, "goodWill": 414215677, "intangibleAssets": 409267721, "otherAssets": 108014382, "totalAssets": 5348091064, "accountsPayable": 198114755, "shortLongTermDebt": 225378399, "longTermDebt": 1063137840, "otherLiab": 75605143, "deferredLongTermLiab": 12338738, "minorityInterest": -5001158, "totalCurrentLiabilities": 1036614480, "totalLiab": 2175357463, "commonStock": 311707340, "retainedEarnings": 1904309264, "treasuryStock": -84813485, "capitalSurplus": 1046531640, "otherStockholderEquity": -84813485, "totalStockholderEquity": 3177734759, "netTangibleAssets": 2354251361}, {"maxAge": 1, "endDate": "2018-03-31", "cash": 98699252, "shortTermInvestments": 68000, "netReceivables": 1292237877, "inventory": 102929804, "otherCurrentAssets": 34419863, "totalCurrentAssets": 1528634628, "longTermInvestments": 12340016, "propertyPlantEquipment": 2589462554, "goodWill": 414215678, "intangibleAssets": 274511013, "otherAssets": 115857254, "totalAssets": 4935021143, "accountsPayable": 396741922, "shortLongTermDebt": 114152186, "otherCurrentLiab": 122284640, "longTermDebt": 1083347798, "otherLiab": 135959691, "deferredLongTermLiab": 11163246, "minorityInterest": -5026060, "totalCurrentLiabilities": 1162813476, "totalLiab": 2382120965, "commonStock": 282180500, "retainedEarnings": 1221124393, "treasuryStock": 220614767, "capitalSurplus": 834006578, "otherStockholderEquity": 220614767, "totalStockholderEquity": 2557926238, "netTangibleAssets": 1869199547}, {"maxAge": 1, "endDate": "2017-03-31", "cash": 112484682, "shortTermInvestments": 854443, "netReceivables": 665734840, "inventory": 79454482, "otherCurrentAssets": 26386782, "totalCurrentAssets": 885836116, "longTermInvestments": 7242325, "propertyPlantEquipment": 2479643611, "goodWill": 461999723, "intangibleAssets": 253802562, "otherAssets": 89531866, "totalAssets": 4178056203, "accountsPayable": 272234510, "shortLongTermDebt": 99397242, "otherCurrentLiab": 12590723, "longTermDebt": 1182317186, "otherLiab": 99122052, "deferredLongTermLiab": 6671162, "totalCurrentLiabilities": 828851360, "totalLiab": 2110290598, "commonStock": 266748102, "retainedEarnings": 911307077, "treasuryStock": 181703848, "capitalSurplus": 708006578, "otherStockholderEquity": 181703848, "totalStockholderEquity": 2067765605, "netTangibleAssets": 1351963320}], "maxAge": 86400}, "earningsTrend": {"trend": [{"maxAge": 1, "period": "0q", "endDate": "2017-12-31", "growth": {}, "earningsEstimate": {"avg": 0.0, "low": 0.0, "high": 0.0, "yearAgoEps": {}, "numberOfAnalysts": 0, "growth": {}}, "revenueEstimate": {"avg": 858192000, "low": 0, "high": 0, "numberOfAnalysts": 0, "yearAgoRevenue": 777450000, "growth": 0.103999995}, "epsTrend": {"current": 0.0, "7daysAgo": 0.0, "30daysAgo": 0.0, "60daysAgo": 0.0, "90daysAgo": 0.0}, "epsRevisions": {"upLast7days": 0, "upLast30days": 0, "downLast30days": 0, "downLast90days": {}}}, {"maxAge": 1, "period": "+1q", "endDate": "2018-03-31", "growth": {}, "earningsEstimate": {"avg": 0.0, "low": 0.0, "high": 0.0, "yearAgoEps": {}, "numberOfAnalysts": 0, "growth": {}}, "revenueEstimate": {"avg": 874294000, "low": 0, "high": 0, "numberOfAnalysts": 0, "yearAgoRevenue": 811224000, "growth": 0.078}, "epsTrend": {"current": 0.0, "7daysAgo": 0.0, "30daysAgo": 0.0, "60daysAgo": 0.0, "90daysAgo": 0.0}, "epsRevisions": {"upLast7days": 0, "upLast30days": 0, "downLast30days": 0, "downLast90days": {}}}, {"maxAge": 1, "period": "0y", "endDate": "2018-03-31", "growth": {}, "earningsEstimate": {"avg": 0.0, "low": 0.0, "high": 0.0, "yearAgoEps": {}, "numberOfAnalysts": 0, "growth": {}}, "revenueEstimate": {"avg": 3414210000, "low": 3439420000, "high": 3439420000, "numberOfAnalysts": 1, "yearAgoRevenue": 2849750000, "growth": 0.198}, "epsTrend": {"current": 0.0, "7daysAgo": 11.97, "30daysAgo": 11.97, "60daysAgo": 11.97, "90daysAgo": 11.97}, "epsRevisions": {"upLast7days": 0, "upLast30days": 0, "downLast30days": 0, "downLast90days": {}}}, {"maxAge": 1, "period": "+1y", "endDate": "2019-03-31", "growth": {}, "earningsEstimate": {"avg": 0.0, "low": 0.0, "high": 0.0, "yearAgoEps": {}, "numberOfAnalysts": 0, "growth": {}}, "revenueEstimate": {"avg": 3960480000, "low": 3960480000, "high": 3960480000, "numberOfAnalysts": 1, "yearAgoRevenue": 3414210000, "growth": 0.16}, "epsTrend": {"current": 0.0, "7daysAgo": 13.79, "30daysAgo": 13.79, "60daysAgo": 13.79, "90daysAgo": 13.79}, "epsRevisions": {"upLast7days": 0, "upLast30days": 0, "downLast30days": 0, "downLast90days": {}}}, {"maxAge": 1, "period": "+5y", "endDate": null, "growth": {}, "earningsEstimate": {"avg": {}, "low": {}, "high": {}, "yearAgoEps": {}, "numberOfAnalysts": {}, "growth": {}}, "revenueEstimate": {"avg": {}, "low": {}, "high": {}, "numberOfAnalysts": {}, "yearAgoRevenue": {}, "growth": {}}, "epsTrend": {"current": {}, "7daysAgo": {}, "30daysAgo": {}, "60daysAgo": {}, "90daysAgo": {}}, "epsRevisions": {"upLast7days": {}, "upLast30days": {}, "downLast30days": {}, "downLast90days": {}}}, {"maxAge": 1, "period": "-5y", "endDate": null, "growth": {}, "earningsEstimate": {"avg": {}, "low": {}, "high": {}, "yearAgoEps": {}, "numberOfAnalysts": {}, "growth": {}}, "revenueEstimate": {"avg": {}, "low": {}, "high": {}, "numberOfAnalysts": {}, "yearAgoRevenue": {}, "growth": {}}, "epsTrend": {"current": {}, "7daysAgo": {}, "30daysAgo": {}, "60daysAgo": {}, "90daysAgo": {}}, "epsRevisions": {"upLast7days": {}, "upLast30days": {}, "downLast30days": {}, "downLast90days": {}}}], "maxAge": 1}, "financialData": {"maxAge": 86400, "currentPrice": 44.5, "recommendationKey": "none", "grossProfits": 2327168757, "financialCurrency": "INR"}}}