{"VIRTUALG.BO": {"cashflowStatementHistory": {"cashflowStatements": [{"maxAge": 1, "endDate": "2020-03-31", "netIncome": 2365796, "depreciation": 2142949, "changeToNetincome": 37591, "changeToAccountReceivables": -15929511, "changeToLiabilities": 0, "changeToOperatingActivities": 11051979, "totalCashFromOperatingActivities": -331196, "otherCashflowsFromFinancingActivities": -2100493, "totalCashFromFinancingActivities": -2100493, "changeInCash": -2431689}, {"maxAge": 1, "endDate": "2019-03-31", "netIncome": 4690624, "depreciation": 3082148, "changeToNetincome": 2185031, "changeToAccountReceivables": -14527000, "changeToLiabilities": 0, "changeToOperatingActivities": 6318000, "totalCashFromOperatingActivities": 1748803, "capitalExpenditures": -138488, "totalCashflowsFromInvestingActivities": 1704512, "otherCashflowsFromFinancingActivities": -3018376, "totalCashFromFinancingActivities": -3018376, "changeInCash": 434939}, {"maxAge": 1, "endDate": "2018-03-31", "netIncome": 24028546, "depreciation": 4036350, "changeToNetincome": 2437160, "changeToAccountReceivables": -33063260, "changeToLiabilities": 0, "changeToInventory": 181260, "changeToOperatingActivities": 66156010, "totalCashFromOperatingActivities": 64341980, "capitalExpenditures": -1037900, "otherCashflowsFromInvestingActivities": -60812850, "totalCashflowsFromInvestingActivities": -61850750, "netBorrowings": 2979470, "otherCashflowsFromFinancingActivities": -2792910, "totalCashFromFinancingActivities": 186560, "changeInCash": 2677790}, {"maxAge": 1, "endDate": "2017-03-31", "netIncome": 22430580, "depreciation": 5360620, "changeToNetincome": 870697, "changeToAccountReceivables": -53797429, "changeToLiabilities": 0, "changeToInventory": 100700, "changeToOperatingActivities": 78894122, "totalCashFromOperatingActivities": 54425200, "capitalExpenditures": -15690730, "otherCashflowsFromInvestingActivities": -53161790, "totalCashflowsFromInvestingActivities": -68852520, "netBorrowings": 11080850, "otherCashflowsFromFinancingActivities": -1527810, "totalCashFromFinancingActivities": 9553040, "changeInCash": -4874270}], "maxAge": 86400}, "institutionOwnership": {"ownershipList": [], "maxAge": 1}, "balanceSheetHistoryQuarterly": {"balanceSheetStatements": [{"maxAge": 1, "endDate": "2020-06-30", "totalStockholderEquity": 627029000, "netTangibleAssets": 515297000}, {"maxAge": 1, "endDate": "2020-03-31", "cash": 3262703, "netReceivables": 343246724, "otherCurrentAssets": 15012534, "totalCurrentAssets": 361521961, "longTermInvestments": 3950000, "propertyPlantEquipment": 30334811, "intangibleAssets": 111731747, "otherAssets": 327419108, "deferredLongTermAssetCharges": 1311483, "totalAssets": 834957627, "shortLongTermDebt": 222242, "otherCurrentLiab": 31182667, "longTermDebt": 5355206, "otherLiab": -1, "totalCurrentLiabilities": 202573424, "totalLiab": 207928629, "commonStock": 423663698, "retainedEarnings": 80889023, "capitalSurplus": 122476277, "totalStockholderEquity": 627028998, "netTangibleAssets": 515297251}, {"maxAge": 1, "endDate": "2019-12-31", "totalStockholderEquity": 628350000, "netTangibleAssets": 516618000}, {"maxAge": 1, "endDate": "2019-09-30", "cash": 4174000, "netReceivables": 349654000, "otherCurrentAssets": 24062000, "totalCurrentAssets": 377890000, "longTermInvestments": 3950000, "propertyPlantEquipment": 31406000, "intangibleAssets": 111732000, "otherAssets": 289555000, "deferredLongTermAssetCharges": 948000, "totalAssets": 814533000, "shortLongTermDebt": 17416000, "otherCurrentLiab": 163197000, "longTermDebt": 5571000, "otherLiab": -1000, "totalCurrentLiabilities": 180613000, "totalLiab": 186183000, "commonStock": 423664000, "treasuryStock": 204686000, "otherStockholderEquity": 204686000, "totalStockholderEquity": 628350000, "netTangibleAssets": 516618000}], "maxAge": 86400}, "indexTrend": {"maxAge": 1, "symbol": "SP5", "peRatio": 19.7411, "pegRatio": 1.34172, "estimates": [{"period": "0q", "growth": 0.549}, {"period": "+1q", "growth": 0.431}, {"period": "0y", "growth": 0.305}, {"period": "+1y", "growth": 0.109}, {"period": "+5y", "growth": 0.120859005}, {"period": "-5y"}]}, "insiderTransactions": {"transactions": [{"maxAge": 1, "shares": 1000, "filerUrl": "", "transactionText": "", "filerName": "Sharma (Preeti)", "filerRelation": "UNREPORTED", "moneyText": "", "startDate": "2013-12-14", "ownership": "D"}, {"maxAge": 1, "shares": 74600000, "filerUrl": "", "transactionText": "", "filerName": "IKF Technologies Ltd", "filerRelation": "Promoter", "moneyText": "", "startDate": "2013-09-11", "ownership": "D"}, {"maxAge": 1, "shares": 2900000, "filerUrl": "", "transactionText": "", "filerName": "IKF Technologies Ltd", "filerRelation": "Promoter", "moneyText": "", "startDate": "2013-02-21", "ownership": "D"}, {"maxAge": 1, "shares": 500000, "filerUrl": "", "transactionText": "", "filerName": "Goyal (Prakash Chand)", "filerRelation": "Promoter", "moneyText": "", "startDate": "2013-01-07", "ownership": "D"}, {"maxAge": 1, "shares": 1550000, "filerUrl": "", "transactionText": "", "filerName": "Shree Assets Reconstruction Ltd", "filerRelation": "Promoter", "moneyText": "", "startDate": "2013-01-07", "ownership": "D"}], "maxAge": 1}, "quoteType": {"exchange": "BSE", "quoteType": "EQUITY", "symbol": "VIRTUALG.BO", "underlyingSymbol": "VIRTUALG.BO", "shortName": "VIRTUAL GLOBAL EDUCATION LTD.", "longName": "Virtual Global Education Limited", "firstTradeDateEpochUtc": "2013-01-10 09:15:00", "timeZoneFullName": "Asia/Kolkata", "timeZoneShortName": "IST", "uuid": "f6ee1d88-fd1a-3713-a1c3-8d121976033e", "gmtOffSetMilliseconds": 19800000, "maxAge": 1}, "incomeStatementHistory": {"incomeStatementHistory": [{"maxAge": 1, "endDate": "2020-03-31", "totalRevenue": 34299707, "costOfRevenue": 31515606, "grossProfit": 2784101, "researchDevelopment": {}, "sellingGeneralAdministrative": 204190, "nonRecurring": {}, "otherOperatingExpenses": 4614702, "totalOperatingExpenses": 38477447, "operatingIncome": -4177740, "totalOtherIncomeExpenseNet": 7870860, "ebit": -4177740, "interestExpense": -2100493, "incomeBeforeTax": 3693120, "incomeTaxExpense": 1327324, "minorityInterest": {}, "netIncomeFromContinuingOps": 2365796, "discontinuedOperations": {}, "extraordinaryItems": {}, "effectOfAccountingCharges": {}, "otherItems": {}, "netIncome": 2365796, "netIncomeApplicableToCommonShares": 2365796}, {"maxAge": 1, "endDate": "2019-03-31", "totalRevenue": 120510291, "costOfRevenue": 105243716, "grossProfit": 15266575, "researchDevelopment": {}, "sellingGeneralAdministrative": 2366014, "nonRecurring": {}, "otherOperatingExpenses": 13093661, "totalOperatingExpenses": 123785539, "operatingIncome": -3275248, "totalOtherIncomeExpenseNet": 9734111, "ebit": -3275248, "interestExpense": -2802539, "incomeBeforeTax": 6458863, "incomeTaxExpense": 1768239, "minorityInterest": {}, "netIncomeFromContinuingOps": 4690624, "discontinuedOperations": {}, "extraordinaryItems": {}, "effectOfAccountingCharges": {}, "otherItems": {}, "netIncome": 4690624, "netIncomeApplicableToCommonShares": 4690624}, {"maxAge": 1, "endDate": "2018-03-31", "totalRevenue": 365860995, "costOfRevenue": 317642363, "grossProfit": 48218632, "researchDevelopment": {}, "sellingGeneralAdministrative": 4432137, "nonRecurring": {}, "otherOperatingExpenses": 14456259, "totalOperatingExpenses": 340567112, "operatingIncome": 25293883, "totalOtherIncomeExpenseNet": 7807278, "ebit": 25293883, "interestExpense": -2672424, "incomeBeforeTax": 33101161, "incomeTaxExpense": 9072615, "minorityInterest": {}, "netIncomeFromContinuingOps": 24028546, "discontinuedOperations": {}, "extraordinaryItems": {}, "effectOfAccountingCharges": {}, "otherItems": {}, "netIncome": 24028546, "netIncomeApplicableToCommonShares": 24028546}, {"maxAge": 1, "endDate": "2017-03-31", "totalRevenue": 375625440, "costOfRevenue": 318958420, "grossProfit": 56667020, "researchDevelopment": {}, "sellingGeneralAdministrative": 3542460, "nonRecurring": {}, "otherOperatingExpenses": 12207580, "totalOperatingExpenses": 340069080, "operatingIncome": 35556360, "totalOtherIncomeExpenseNet": -1527810, "ebit": 35556360, "interestExpense": -1406700, "incomeBeforeTax": 34028550, "incomeTaxExpense": 11597970, "minorityInterest": {}, "netIncomeFromContinuingOps": 22430580, "discontinuedOperations": {}, "extraordinaryItems": {}, "effectOfAccountingCharges": {}, "otherItems": {}, "netIncome": 22430580, "netIncomeApplicableToCommonShares": 22430580}], "maxAge": 86400}, "fundOwnership": {"ownershipList": [], "maxAge": 1}, "summaryDetail": {"maxAge": 1, "priceHint": 4, "previousClose": 0.65, "open": 0.68, "dayLow": 0.62, "dayHigh": 0.68, "regularMarketPreviousClose": 0.65, "regularMarketOpen": 0.68, "regularMarketDayLow": 0.62, "regularMarketDayHigh": 0.68, "volume": 945828, "regularMarketVolume": 945828, "averageVolume": 27068, "averageVolume10days": 167826, "averageDailyVolume10Day": 167826, "bid": 0.62, "ask": 0.62, "fiftyTwoWeekLow": 0.17, "fiftyTwoWeekHigh": 0.68, "fiftyDayAverage": 0.1748387, "twoHundredDayAverage": 0.1748387, "currency": "INR", "fromCurrency": null, "lastMarket": null, "algorithm": null, "tradeable": false}, "incomeStatementHistoryQuarterly": {"incomeStatementHistory": [{"maxAge": 1, "endDate": "2020-06-30", "totalRevenue": 1486000, "costOfRevenue": 2079000, "grossProfit": -593000, "researchDevelopment": {}, "sellingGeneralAdministrative": {}, "nonRecurring": {}, "otherOperatingExpenses": 398000, "totalOperatingExpenses": 2870000, "operatingIncome": -1384000, "totalOtherIncomeExpenseNet": 2161000, "ebit": -1384000, "interestExpense": -15000, "incomeBeforeTax": 777000, "incomeTaxExpense": 0, "minorityInterest": {}, "netIncomeFromContinuingOps": 777000, "discontinuedOperations": {}, "extraordinaryItems": {}, "effectOfAccountingCharges": {}, "otherItems": {}, "netIncome": 777000, "netIncomeApplicableToCommonShares": 777000}, {"maxAge": 1, "endDate": "2020-03-31", "totalRevenue": 7135707, "costOfRevenue": 5723606, "grossProfit": 1412101, "researchDevelopment": {}, "sellingGeneralAdministrative": 204190, "nonRecurring": {}, "otherOperatingExpenses": 440702, "totalOperatingExpenses": 6904447, "operatingIncome": 231260, "totalOtherIncomeExpenseNet": 570860, "ebit": 231260, "interestExpense": -452493, "incomeBeforeTax": 802120, "incomeTaxExpense": 1327324, "minorityInterest": {}, "netIncomeFromContinuingOps": -525204, "discontinuedOperations": {}, "extraordinaryItems": {}, "effectOfAccountingCharges": {}, "otherItems": {}, "netIncome": -525204, "netIncomeApplicableToCommonShares": -525204}, {"maxAge": 1, "endDate": "2019-12-31", "totalRevenue": 8937000, "costOfRevenue": 8837000, "grossProfit": 100000, "researchDevelopment": {}, "sellingGeneralAdministrative": 204190, "nonRecurring": {}, "otherOperatingExpenses": 1215000, "totalOperatingExpenses": 10588000, "operatingIncome": -1651000, "totalOtherIncomeExpenseNet": 2554000, "ebit": -1651000, "interestExpense": -489000, "incomeBeforeTax": 903000, "incomeTaxExpense": 0, "minorityInterest": {}, "netIncomeFromContinuingOps": 903000, "discontinuedOperations": {}, "extraordinaryItems": {}, "effectOfAccountingCharges": {}, "otherItems": {}, "netIncome": 903000, "netIncomeApplicableToCommonShares": 903000}, {"maxAge": 1, "endDate": "2019-09-30", "totalRevenue": 8742000, "costOfRevenue": 8476000, "grossProfit": 266000, "researchDevelopment": {}, "sellingGeneralAdministrative": 204190, "nonRecurring": {}, "otherOperatingExpenses": 1699000, "totalOperatingExpenses": 10606000, "operatingIncome": -1864000, "totalOtherIncomeExpenseNet": 2716000, "ebit": -1864000, "interestExpense": -729000, "incomeBeforeTax": 852000, "incomeTaxExpense": 0, "minorityInterest": {}, "netIncomeFromContinuingOps": 852000, "discontinuedOperations": {}, "extraordinaryItems": {}, "effectOfAccountingCharges": {}, "otherItems": {}, "netIncome": 852000, "netIncomeApplicableToCommonShares": 852000}], "maxAge": 86400}, "cashflowStatementHistoryQuarterly": {"cashflowStatements": [{"maxAge": 1, "endDate": "2020-06-30", "netIncome": 777000, "changeToLiabilities": 0}, {"maxAge": 1, "endDate": "2020-03-31", "netIncome": -525204, "changeToLiabilities": 0}, {"maxAge": 1, "endDate": "2019-12-31", "netIncome": 903000, "changeToLiabilities": 0}, {"maxAge": 1, "endDate": "2019-09-30", "netIncome": 852000, "changeToLiabilities": 0}], "maxAge": 86400}, "insiderHolders": {"holders": [{"maxAge": 1, "name": "Goyal (Prakash Chand)", "relation": "Promoter", "url": "", "transactionDescription": "Acquisition", "latestTransDate": "2013-01-07", "positionDirect": 500000, "positionDirectDate": "2013-01-07"}, {"maxAge": 1, "name": "IKF Technologies Ltd", "relation": "Promoter", "url": "", "transactionDescription": "Other", "latestTransDate": "2013-09-11", "positionDirect": 77500000, "positionDirectDate": "2013-09-11"}, {"maxAge": 1, "name": "Sharma (Preeti)", "relation": "UNREPORTED", "url": "", "transactionDescription": "Acquisition", "latestTransDate": "2013-12-14", "positionDirect": 1000, "positionDirectDate": "2013-12-14"}, {"maxAge": 1, "name": "Shree Assets Reconstruction Ltd", "relation": "Promoter", "url": "", "transactionDescription": "Acquisition", "latestTransDate": "2013-01-07", "positionDirect": 1550000, "positionDirectDate": "2013-01-07"}], "maxAge": 1}, "calendarEvents": {"maxAge": 1, "earnings": {"earningsDate": []}}, "upgradeDowngradeHistory": {"history": [], "maxAge": 86400}, "price": {"maxAge": 1, "regularMarketChangePercent": -0.046153802, "regularMarketChange": -0.029999971, "regularMarketTime": "2021-04-30 15:41:56", "priceHint": 4, "regularMarketPrice": 0.62, "regularMarketDayHigh": 0.68, "regularMarketDayLow": 0.62, "regularMarketVolume": 945828, "averageDailyVolume10Day": 167826, "averageDailyVolume3Month": 27068, "regularMarketPreviousClose": 0.65, "regularMarketSource": "FREE_REALTIME", "regularMarketOpen": 0.68, "exchange": "BSE", "exchangeName": "BSE", "exchangeDataDelayedBy": 0, "marketState": "CLOSED", "quoteType": "EQUITY", "symbol": "VIRTUALG.BO", "underlyingSymbol": null, "shortName": "VIRTUAL GLOBAL EDUCATION LTD.", "longName": "Virtual Global Education Limited", "currency": "INR", "quoteSourceName": "Delayed Quote", "currencySymbol": "\u20b9", "fromCurrency": null, "lastMarket": null}, "balanceSheetHistory": {"balanceSheetStatements": [{"maxAge": 1, "endDate": "2020-03-31", "cash": 3262703, "netReceivables": 343246724, "otherCurrentAssets": 15012534, "totalCurrentAssets": 361521961, "longTermInvestments": 3950000, "propertyPlantEquipment": 30334811, "intangibleAssets": 111731747, "otherAssets": 327419108, "deferredLongTermAssetCharges": 1311483, "totalAssets": 834957627, "shortLongTermDebt": 222242, "otherCurrentLiab": 31182667, "longTermDebt": 5355206, "otherLiab": -1, "totalCurrentLiabilities": 202573424, "totalLiab": 207928629, "commonStock": 423663698, "retainedEarnings": 80889023, "capitalSurplus": 122476277, "totalStockholderEquity": 627028998, "netTangibleAssets": 515297251}, {"maxAge": 1, "endDate": "2019-03-31", "cash": 5694392, "netReceivables": 345618789, "otherCurrentAssets": 19826754, "totalCurrentAssets": 371139935, "longTermInvestments": 3950000, "propertyPlantEquipment": 32477760, "intangibleAssets": 111731747, "otherAssets": 302055167, "deferredLongTermAssetCharges": 947542, "totalAssets": 821354609, "shortLongTermDebt": 2204629, "otherCurrentLiab": 33294006, "longTermDebt": 4406954, "totalCurrentLiabilities": 190585492, "totalLiab": 194992446, "commonStock": 423663698, "retainedEarnings": 80222188, "treasuryStock": 202698000, "capitalSurplus": 122476277, "otherStockholderEquity": 202698000, "totalStockholderEquity": 626362163, "netTangibleAssets": 514630416}, {"maxAge": 1, "endDate": "2018-03-31", "cash": 5260447, "netReceivables": 291811587, "otherCurrentAssets": 16468442, "totalCurrentAssets": 313540476, "longTermInvestments": 3950000, "propertyPlantEquipment": 36278331, "intangibleAssets": 111731747, "otherAssets": 291207911, "deferredLongTermAssetCharges": 1100286, "totalAssets": 756708465, "shortLongTermDebt": 2175782, "otherCurrentLiab": 32217718, "longTermDebt": 6267602, "totalCurrentLiabilities": 128769324, "totalLiab": 135036926, "commonStock": 423663698, "retainedEarnings": 75531564, "capitalSurplus": 122476277, "totalStockholderEquity": 621671539, "netTangibleAssets": 509939792}, {"maxAge": 1, "endDate": "2017-03-31", "cash": 2582660, "netReceivables": 277135080, "inventory": 181260, "otherCurrentAssets": 10059840, "totalCurrentAssets": 289958840, "longTermInvestments": 3950000, "propertyPlantEquipment": 39276780, "intangibleAssets": 111731750, "otherAssets": 230039310, "deferredLongTermAssetCharges": 744540, "totalAssets": 674956680, "shortLongTermDebt": 1683810, "otherCurrentLiab": 40083230, "longTermDebt": 4858390, "totalCurrentLiabilities": 72455300, "totalLiab": 77313690, "commonStock": 423663700, "retainedEarnings": 51503010, "capitalSurplus": 122476280, "totalStockholderEquity": 597642990, "netTangibleAssets": 485911240}], "maxAge": 86400}, "financialData": {"maxAge": 86400, "currentPrice": 0.62, "recommendationKey": "none", "grossProfits": 2784101, "financialCurrency": null}}}