{"VISAKAIND.BO": {"recommendationTrend": {"trend": [{"period": "0m", "strongBuy": 0, "buy": 0, "hold": 0, "sell": 0, "strongSell": 0}, {"period": "-1m", "strongBuy": 0, "buy": 0, "hold": 0, "sell": 0, "strongSell": 0}, {"period": "-2m", "strongBuy": 0, "buy": 0, "hold": 0, "sell": 0, "strongSell": 0}, {"period": "-3m", "strongBuy": 0, "buy": 0, "hold": 0, "sell": 0, "strongSell": 0}], "maxAge": 86400}, "cashflowStatementHistory": {"cashflowStatements": [{"maxAge": 1, "endDate": "2020-03-31", "netIncome": 492950000, "depreciation": 405805000, "changeToNetincome": 36234000, "changeToAccountReceivables": 138913000, "changeToLiabilities": 71885000, "changeToInventory": -314871000, "changeToOperatingActivities": -94439000, "totalCashFromOperatingActivities": 740323000, "capitalExpenditures": -388382000, "otherCashflowsFromInvestingActivities": 32138000, "totalCashflowsFromInvestingActivities": -342920000, "dividendsPaid": -418129000, "netBorrowings": 166740000, "otherCashflowsFromFinancingActivities": -149509000, "totalCashFromFinancingActivities": -400898000, "changeInCash": -3495000}, {"maxAge": 1, "endDate": "2019-03-31", "netIncome": 674071000, "depreciation": 349689000, "changeToNetincome": 117408000, "changeToAccountReceivables": -46503000, "changeToLiabilities": -189600000, "changeToInventory": -306438000, "changeToOperatingActivities": 106573000, "totalCashFromOperatingActivities": 709059000, "capitalExpenditures": -495226000, "otherCashflowsFromInvestingActivities": 4799000, "totalCashflowsFromInvestingActivities": -485400000, "dividendsPaid": -132464000, "netBorrowings": 55730000, "otherCashflowsFromFinancingActivities": -179885000, "totalCashFromFinancingActivities": -256619000, "changeInCash": -32960000}, {"maxAge": 1, "endDate": "2018-03-31", "netIncome": 665572000, "depreciation": 344505000, "changeToNetincome": 177699000, "changeToAccountReceivables": -20622000, "changeToLiabilities": 420732000, "changeToInventory": -457786000, "changeToOperatingActivities": -254067000, "totalCashFromOperatingActivities": 879884000, "capitalExpenditures": -1063676000, "otherCashflowsFromInvestingActivities": 3334000, "totalCashflowsFromInvestingActivities": -1051472000, "dividendsPaid": -114191000, "netBorrowings": 283802000, "otherCashflowsFromFinancingActivities": -158007000, "totalCashFromFinancingActivities": 11604000, "changeInCash": -159984000}, {"maxAge": 1, "endDate": "2017-03-31", "netIncome": 427845000, "depreciation": 339824000, "changeToNetincome": 270065000, "changeToAccountReceivables": -108403000, "changeToLiabilities": 104784000, "changeToInventory": 360202000, "changeToOperatingActivities": 131903000, "totalCashFromOperatingActivities": 1527158000, "capitalExpenditures": -625632000, "otherCashflowsFromInvestingActivities": 4709000, "totalCashflowsFromInvestingActivities": -619180000, "dividendsPaid": -40893000, "netBorrowings": -1060938000, "otherCashflowsFromFinancingActivities": -176312000, "totalCashFromFinancingActivities": -1278143000, "changeInCash": -370165000}], "maxAge": 86400}, "institutionOwnership": {"ownershipList": [], "maxAge": 1}, "balanceSheetHistoryQuarterly": {"balanceSheetStatements": [{"maxAge": 1, "endDate": "2020-06-30", "totalStockholderEquity": 5050149000, "netTangibleAssets": 5050149000}, {"maxAge": 1, "endDate": "2020-03-31", "cash": 162800000, "netReceivables": 1618516000, "inventory": 3039265000, "otherCurrentAssets": 301284000, "totalCurrentAssets": 5136747000, "propertyPlantEquipment": 4147869000, "otherAssets": 150554000, "totalAssets": 9435170000, "accountsPayable": 864345000, "shortLongTermDebt": 209185000, "otherCurrentLiab": 483204000, "longTermDebt": 857342000, "otherLiab": 143946000, "totalCurrentLiabilities": 3383733000, "totalLiab": 4385021000, "commonStock": 158810000, "retainedEarnings": 4400597000, "treasuryStock": 397000, "capitalSurplus": 490345000, "otherStockholderEquity": 397000, "totalStockholderEquity": 5050149000, "netTangibleAssets": 5050149000}, {"maxAge": 1, "endDate": "2019-12-31", "totalStockholderEquity": 5204957000, "netTangibleAssets": 5203040000}, {"maxAge": 1, "endDate": "2019-09-30", "cash": 119927000, "shortTermInvestments": 31680000, "netReceivables": 1397309000, "inventory": 2801943000, "otherCurrentAssets": 507666000, "totalCurrentAssets": 4858525000, "propertyPlantEquipment": 4081939000, "intangibleAssets": 1917000, "otherAssets": 107462000, "totalAssets": 9049843000, "accountsPayable": 883179000, "otherCurrentLiab": 861484000, "longTermDebt": 713759000, "otherLiab": 136858000, "totalCurrentLiabilities": 2994269000, "totalLiab": 3844886000, "commonStock": 158810000, "treasuryStock": 5046147000, "otherStockholderEquity": 5046147000, "totalStockholderEquity": 5204957000, "netTangibleAssets": 5203040000}], "maxAge": 86400}, "earningsHistory": {"history": [{"maxAge": 1, "epsActual": {}, "epsEstimate": {}, "epsDifference": {}, "surprisePercent": {}, "quarter": {}, "period": "-4q"}, {"maxAge": 1, "epsActual": {}, "epsEstimate": {}, "epsDifference": {}, "surprisePercent": {}, "quarter": {}, "period": "-3q"}, {"maxAge": 1, "epsActual": {}, "epsEstimate": {}, "epsDifference": {}, "surprisePercent": {}, "quarter": {}, "period": "-2q"}, {"maxAge": 1, "epsActual": 8.98, "epsEstimate": 6.44, "epsDifference": 2.54, "surprisePercent": 0.39400002, "quarter": "2017-12-31", "period": "-1q"}], "maxAge": 86400}, "indexTrend": {"maxAge": 1, "symbol": "SP5", "peRatio": 19.7411, "pegRatio": 1.34172, "estimates": [{"period": "0q", "growth": 0.549}, {"period": "+1q", "growth": 0.431}, {"period": "0y", "growth": 0.305}, {"period": "+1y", "growth": 0.109}, {"period": "+5y", "growth": 0.120865}, {"period": "-5y"}]}, "industryTrend": {"maxAge": 1, "symbol": null, "estimates": []}, "insiderTransactions": {"transactions": [{"maxAge": 1, "shares": 50000, "value": 40235, "filerUrl": "", "transactionText": "Other at price 0.80 per share.", "filerName": "Vritika (G)", "filerRelation": "UNREPORTED", "moneyText": "", "startDate": "2020-08-10", "ownership": "D"}, {"maxAge": 1, "shares": 350000, "value": 281645, "filerUrl": "", "transactionText": "Other at price 0.80 per share.", "filerName": "Vivekanand (Saroja G)", "filerRelation": "Managing Director", "moneyText": "", "startDate": "2020-08-10", "ownership": "D"}, {"maxAge": 1, "shares": 101000, "value": 325108, "filerUrl": "", "transactionText": "Other at price 3.22 per share.", "filerName": "Vivekanand (Saroja G)", "filerRelation": "Managing Director", "moneyText": "", "startDate": "2020-08-10", "ownership": "D"}, {"maxAge": 1, "shares": 50000, "value": 40235, "filerUrl": "", "transactionText": "Other at price 0.80 per share.", "filerName": "Vaishnavi (G)", "filerRelation": "UNREPORTED", "moneyText": "", "startDate": "2020-08-10", "ownership": "D"}, {"maxAge": 1, "shares": 100000, "value": 80470, "filerUrl": "", "transactionText": "Other at price 0.80 per share.", "filerName": "Krishna (Vamsi G)", "filerRelation": "Promoter", "moneyText": "", "startDate": "2020-08-10", "ownership": "D"}, {"maxAge": 1, "shares": 650000, "value": 2092285, "filerUrl": "", "transactionText": "Other at price 3.22 per share.", "filerName": "Gaddam (Vivekanand)", "filerRelation": "Non Executive Vice Chairman", "moneyText": "", "startDate": "2020-08-10", "ownership": "D"}, {"maxAge": 1, "shares": 750000, "value": 603525, "filerUrl": "", "transactionText": "Other at price 0.80 per share.", "filerName": "Gaddam (Vivekanand)", "filerRelation": "Non Executive Vice Chairman", "moneyText": "", "startDate": "2020-08-10", "ownership": "D"}, {"maxAge": 1, "shares": 35485, "filerUrl": "", "transactionText": "", "filerName": "Gaddam (Vivekanand)", "filerRelation": "Non Executive Vice Chairman", "moneyText": "", "startDate": "2020-06-17", "ownership": "D"}, {"maxAge": 1, "shares": 45961, "filerUrl": "", "transactionText": "", "filerName": "Gaddam (Vivekanand)", "filerRelation": "Non Executive Vice Chairman", "moneyText": "", "startDate": "2020-06-16", "ownership": "D"}, {"maxAge": 1, "shares": 43196, "filerUrl": "", "transactionText": "", "filerName": "Gaddam (Vivekanand)", "filerRelation": "Non Executive Vice Chairman", "moneyText": "", "startDate": "2020-06-12", "ownership": "D"}, {"maxAge": 1, "shares": 73864, "filerUrl": "", "transactionText": "", "filerName": "Gaddam (Vivekanand)", "filerRelation": "Non Executive Vice Chairman", "moneyText": "", "startDate": "2020-06-12", "ownership": "D"}, {"maxAge": 1, "shares": 44653, "filerUrl": "", "transactionText": "", "filerName": "Gaddam (Vivekanand)", "filerRelation": "Non Executive Vice Chairman", "moneyText": "", "startDate": "2020-06-04", "ownership": "D"}, {"maxAge": 1, "shares": 28264, "filerUrl": "", "transactionText": "", "filerName": "Gaddam (Vivekanand)", "filerRelation": "Non Executive Vice Chairman", "moneyText": "", "startDate": "2020-06-04", "ownership": "D"}, {"maxAge": 1, "shares": 13453, "filerUrl": "", "transactionText": "", "filerName": "Gaddam (Vivekanand)", "filerRelation": "Non Executive Vice Chairman", "moneyText": "", "startDate": "2020-06-02", "ownership": "D"}, {"maxAge": 1, "shares": 15300, "filerUrl": "", "transactionText": "", "filerName": "Gaddam (Vivekanand)", "filerRelation": "Non Executive Vice Chairman", "moneyText": "", "startDate": "2020-06-02", "ownership": "D"}, {"maxAge": 1, "shares": 8300, "filerUrl": "", "transactionText": "", "filerName": "Gaddam (Vivekanand)", "filerRelation": "Non Executive Vice Chairman", "moneyText": "", "startDate": "2020-05-29", "ownership": "D"}, {"maxAge": 1, "shares": 73905, "filerUrl": "", "transactionText": "", "filerName": "Gaddam (Vivekanand)", "filerRelation": "Promoter", "moneyText": "", "startDate": "2020-03-31", "ownership": "D"}, {"maxAge": 1, "shares": 3165, "filerUrl": "", "transactionText": "", "filerName": "Gaddam (Vivekanand)", "filerRelation": "Promoter", "moneyText": "", "startDate": "2020-03-27", "ownership": "D"}, {"maxAge": 1, "shares": 5000, "filerUrl": "", "transactionText": "", "filerName": "Gaddam (Vivekanand)", "filerRelation": "Promoter", "moneyText": "", "startDate": "2020-03-20", "ownership": "D"}, {"maxAge": 1, "shares": 35000, "filerUrl": "", "transactionText": "", "filerName": "Gaddam (Vivekanand)", "filerRelation": "Promoter", "moneyText": "", "startDate": "2020-03-19", "ownership": "D"}, {"maxAge": 1, "shares": 4900, "filerUrl": "", "transactionText": "", "filerName": "Krishna (Vamsi G)", "filerRelation": "Promoter", "moneyText": "", "startDate": "2020-03-11", "ownership": "D"}, {"maxAge": 1, "shares": 7800, "filerUrl": "", "transactionText": "", "filerName": "Gaddam (Vivekanand)", "filerRelation": "Promoter", "moneyText": "", "startDate": "2019-12-12", "ownership": "D"}, {"maxAge": 1, "shares": 4500, "filerUrl": "", "transactionText": "", "filerName": "Krishna (Vamsi G)", "filerRelation": "Promoter", "moneyText": "", "startDate": "2019-12-10", "ownership": "D"}, {"maxAge": 1, "shares": 62389, "filerUrl": "", "transactionText": "", "filerName": "Gaddam (Vivekanand)", "filerRelation": "Promoter", "moneyText": "", "startDate": "2019-12-09", "ownership": "D"}, {"maxAge": 1, "shares": 10000, "filerUrl": "", "transactionText": "", "filerName": "G.Vivekanand Family Trust", "filerRelation": "Promoter", "moneyText": "", "startDate": "2019-02-14", "ownership": "D"}, {"maxAge": 1, "shares": 11500, "filerUrl": "", "transactionText": "", "filerName": "G.Vivekanand Family Trust", "filerRelation": "Promoter", "moneyText": "", "startDate": "2019-02-11", "ownership": "D"}, {"maxAge": 1, "shares": 5386071, "filerUrl": "", "transactionText": "", "filerName": "Gaddam (Vivekanand)", "filerRelation": "Non Executive Vice Chairman", "moneyText": "", "startDate": "2018-12-07", "ownership": "D"}, {"maxAge": 1, "shares": 1900, "filerUrl": "", "transactionText": "", "filerName": "Krishna (Vamsi G)", "filerRelation": "UNREPORTED", "moneyText": "", "startDate": "2018-09-05", "ownership": "D"}, {"maxAge": 1, "shares": 5000, "filerUrl": "", "transactionText": "", "filerName": "G.Vivekanand Family Trust", "filerRelation": "Promoter", "moneyText": "", "startDate": "2018-08-24", "ownership": "D"}, {"maxAge": 1, "shares": 5000, "filerUrl": "", "transactionText": "", "filerName": "G.Vivekanand Family Trust", "filerRelation": "Promoter", "moneyText": "", "startDate": "2018-07-23", "ownership": "D"}, {"maxAge": 1, "shares": 2452, "filerUrl": "", "transactionText": "", "filerName": "G.Vivekanand Family Trust", "filerRelation": "Promoter", "moneyText": "", "startDate": "2018-07-19", "ownership": "D"}, {"maxAge": 1, "shares": 2548, "filerUrl": "", "transactionText": "", "filerName": "G.Vivekanand Family Trust", "filerRelation": "Promoter", "moneyText": "", "startDate": "2018-07-17", "ownership": "D"}, {"maxAge": 1, "shares": 4000, "filerUrl": "", "transactionText": "", "filerName": "Vaishnavi (G)", "filerRelation": "UNREPORTED", "moneyText": "", "startDate": "2017-12-28", "ownership": "D"}, {"maxAge": 1, "shares": 4000, "filerUrl": "", "transactionText": "", "filerName": "Vritika (G)", "filerRelation": "UNREPORTED", "moneyText": "", "startDate": "2017-12-28", "ownership": "D"}, {"maxAge": 1, "shares": 1000, "filerUrl": "", "transactionText": "", "filerName": "Krishna (Vamsi G)", "filerRelation": "UNREPORTED", "moneyText": "", "startDate": "2016-11-16", "ownership": "D"}, {"maxAge": 1, "shares": 2150, "filerUrl": "", "transactionText": "", "filerName": "Krishna (Vamsi G)", "filerRelation": "UNREPORTED", "moneyText": "", "startDate": "2016-11-14", "ownership": "D"}, {"maxAge": 1, "shares": 3000, "filerUrl": "", "transactionText": "", "filerName": "Vivekanand (Saroja G)", "filerRelation": "Managing Director", "moneyText": "", "startDate": "2014-09-09", "ownership": "D"}, {"maxAge": 1, "shares": 8477, "filerUrl": "", "transactionText": "", "filerName": "Vivekanand (Saroja G)", "filerRelation": "Wholetime Director", "moneyText": "", "startDate": "2014-06-16", "ownership": "D"}, {"maxAge": 1, "shares": 6523, "filerUrl": "", "transactionText": "", "filerName": "Vivekanand (Saroja G)", "filerRelation": "Wholetime Director", "moneyText": "", "startDate": "2014-06-11", "ownership": "D"}], "maxAge": 1}, "quoteType": {"exchange": "BSE", "quoteType": "EQUITY", "symbol": "VISAKAIND.BO", "underlyingSymbol": "VISAKAIND.BO", "shortName": "VISAKA INDUSTRIES LTD.", "longName": "Visaka Industries Limited", "firstTradeDateEpochUtc": "2000-02-22 09:15:00", "timeZoneFullName": "Asia/Kolkata", "timeZoneShortName": "IST", "uuid": "5be217de-f5fb-383c-a723-37806e32fc46", "gmtOffSetMilliseconds": 19800000, "maxAge": 1}, "incomeStatementHistory": {"incomeStatementHistory": [{"maxAge": 1, "endDate": "2020-03-31", "totalRevenue": 10503846000, "costOfRevenue": 5224782000, "grossProfit": 5279064000, "researchDevelopment": {}, "sellingGeneralAdministrative": 1348045000, "nonRecurring": {}, "otherOperatingExpenses": 2765055000, "totalOperatingExpenses": 9751375000, "operatingIncome": 752471000, "totalOtherIncomeExpenseNet": -181305000, "ebit": 752471000, "interestExpense": -167759000, "incomeBeforeTax": 571166000, "incomeTaxExpense": 78216000, "minorityInterest": {}, "netIncomeFromContinuingOps": 492950000, "discontinuedOperations": {}, "extraordinaryItems": {}, "effectOfAccountingCharges": {}, "otherItems": {}, "netIncome": 492950000, "netIncomeApplicableToCommonShares": 492950000}, {"maxAge": 1, "endDate": "2019-03-31", "totalRevenue": 11364070000, "costOfRevenue": 5631708000, "grossProfit": 5732362000, "researchDevelopment": {}, "sellingGeneralAdministrative": 1329478000, "nonRecurring": {}, "otherOperatingExpenses": 2892842000, "totalOperatingExpenses": 10208280000, "operatingIncome": 1155790000, "totalOtherIncomeExpenseNet": -152340000, "ebit": 1155790000, "interestExpense": -192468000, "incomeBeforeTax": 1003450000, "incomeTaxExpense": 329379000, "minorityInterest": {}, "netIncomeFromContinuingOps": 674071000, "discontinuedOperations": {}, "extraordinaryItems": {}, "effectOfAccountingCharges": {}, "otherItems": {}, "netIncome": 674071000, "netIncomeApplicableToCommonShares": 674071000}, {"maxAge": 1, "endDate": "2018-03-31", "totalRevenue": 10127307000, "costOfRevenue": 5030693000, "grossProfit": 5096614000, "researchDevelopment": {}, "sellingGeneralAdministrative": 1041121000, "nonRecurring": {}, "otherOperatingExpenses": 2501685000, "totalOperatingExpenses": 8922994000, "operatingIncome": 1204313000, "totalOtherIncomeExpenseNet": -187920000, "ebit": 1204313000, "interestExpense": -174834000, "incomeBeforeTax": 1016393000, "incomeTaxExpense": 350821000, "minorityInterest": {}, "netIncomeFromContinuingOps": 665572000, "discontinuedOperations": {}, "extraordinaryItems": {}, "effectOfAccountingCharges": {}, "otherItems": {}, "netIncome": 665572000, "netIncomeApplicableToCommonShares": 665572000}, {"maxAge": 1, "endDate": "2017-03-31", "totalRevenue": 9605652000, "costOfRevenue": 5072820000, "grossProfit": 4532832000, "researchDevelopment": {}, "sellingGeneralAdministrative": 865419000, "nonRecurring": {}, "otherOperatingExpenses": 2322475000, "totalOperatingExpenses": 8604374000, "operatingIncome": 1001278000, "totalOtherIncomeExpenseNet": -309070000, "ebit": 1001278000, "interestExpense": -184483000, "incomeBeforeTax": 692208000, "incomeTaxExpense": 264363000, "minorityInterest": {}, "netIncomeFromContinuingOps": 427845000, "discontinuedOperations": {}, "extraordinaryItems": {}, "effectOfAccountingCharges": {}, "otherItems": {}, "netIncome": 427845000, "netIncomeApplicableToCommonShares": 427845000}], "maxAge": 86400}, "fundOwnership": {"ownershipList": [], "maxAge": 1}, "summaryDetail": {"maxAge": 1, "priceHint": 2, "previousClose": 586.95, "open": 582.0, "dayLow": 576.0, "dayHigh": 598.3, "regularMarketPreviousClose": 586.95, "regularMarketOpen": 582.0, "regularMarketDayLow": 576.0, "regularMarketDayHigh": 598.3, "trailingPE": 15.162389, "forwardPE": 20.52837, "volume": 12574, "regularMarketVolume": 12574, "averageVolume": 7487, "averageVolume10days": 8462, "averageDailyVolume10Day": 8462, "bid": 577.0, "ask": 585.0, "bidSize": 0, "askSize": 0, "marketCap": 9193510912, "fiftyTwoWeekLow": 95.0, "fiftyTwoWeekHigh": 598.3, "fiftyDayAverage": 395.06213, "twoHundredDayAverage": 352.21948, "trailingAnnualDividendRate": 15.0, "trailingAnnualDividendYield": 0.02555584, "currency": "INR", "fromCurrency": null, "lastMarket": null, "algorithm": null, "tradeable": false}, "sectorTrend": {"maxAge": 1, "symbol": null, "estimates": []}, "incomeStatementHistoryQuarterly": {"incomeStatementHistory": [{"maxAge": 1, "endDate": "2020-06-30", "totalRevenue": 2851853000, "costOfRevenue": 1386575000, "grossProfit": 1465278000, "researchDevelopment": {}, "sellingGeneralAdministrative": 292851000, "nonRecurring": {}, "otherOperatingExpenses": 574043000, "totalOperatingExpenses": 2351457000, "operatingIncome": 500396000, "totalOtherIncomeExpenseNet": -39443000, "ebit": 500396000, "interestExpense": -39443000, "incomeBeforeTax": 460953000, "incomeTaxExpense": 116796000, "minorityInterest": {}, "netIncomeFromContinuingOps": 344157000, "discontinuedOperations": {}, "extraordinaryItems": {}, "effectOfAccountingCharges": {}, "otherItems": {}, "netIncome": 344157000, "netIncomeApplicableToCommonShares": 344157000}, {"maxAge": 1, "endDate": "2020-03-31", "totalRevenue": 2227530000, "costOfRevenue": 1156862000, "grossProfit": 1070668000, "researchDevelopment": {}, "sellingGeneralAdministrative": 466122000, "nonRecurring": {}, "otherOperatingExpenses": 371922000, "totalOperatingExpenses": 2098138000, "operatingIncome": 129392000, "totalOtherIncomeExpenseNet": -53882000, "ebit": 129392000, "interestExpense": -40336000, "incomeBeforeTax": 75510000, "incomeTaxExpense": 6939000, "minorityInterest": {}, "netIncomeFromContinuingOps": 68571000, "discontinuedOperations": {}, "extraordinaryItems": {}, "effectOfAccountingCharges": {}, "otherItems": {}, "netIncome": 68571000, "netIncomeApplicableToCommonShares": 68571000}, {"maxAge": 1, "endDate": "2019-12-31", "totalRevenue": 2428708000, "costOfRevenue": 1185799000, "grossProfit": 1242909000, "researchDevelopment": {}, "sellingGeneralAdministrative": 287680000, "nonRecurring": {}, "otherOperatingExpenses": 727095000, "totalOperatingExpenses": 2300911000, "operatingIncome": 127797000, "totalOtherIncomeExpenseNet": -42600000, "ebit": 127797000, "interestExpense": -42600000, "incomeBeforeTax": 85197000, "incomeTaxExpense": 23705000, "minorityInterest": {}, "netIncomeFromContinuingOps": 61492000, "discontinuedOperations": {}, "extraordinaryItems": {}, "effectOfAccountingCharges": {}, "otherItems": {}, "netIncome": 61492000, "netIncomeApplicableToCommonShares": 61492000}, {"maxAge": 1, "endDate": "2019-09-30", "totalRevenue": 2304478000, "costOfRevenue": 1066496000, "grossProfit": 1237982000, "researchDevelopment": {}, "sellingGeneralAdministrative": 286318000, "nonRecurring": {}, "otherOperatingExpenses": 748778000, "totalOperatingExpenses": 2203045000, "operatingIncome": 101433000, "totalOtherIncomeExpenseNet": -40967000, "ebit": 101433000, "interestExpense": -40967000, "incomeBeforeTax": 60466000, "incomeTaxExpense": -71665000, "minorityInterest": {}, "netIncomeFromContinuingOps": 132131000, "discontinuedOperations": {}, "extraordinaryItems": {}, "effectOfAccountingCharges": {}, "otherItems": {}, "netIncome": 132131000, "netIncomeApplicableToCommonShares": 132131000}], "maxAge": 86400}, "cashflowStatementHistoryQuarterly": {"cashflowStatements": [{"maxAge": 1, "endDate": "2020-06-30", "netIncome": 344157000, "changeToLiabilities": 0}, {"maxAge": 1, "endDate": "2020-03-31", "netIncome": 68571000, "changeToLiabilities": 0}, {"maxAge": 1, "endDate": "2019-12-31", "netIncome": 61492000, "changeToLiabilities": 0}, {"maxAge": 1, "endDate": "2019-09-30", "netIncome": 132131000, "changeToLiabilities": 0}], "maxAge": 86400}, "insiderHolders": {"holders": [{"maxAge": 1, "name": "G.Vivekanand Family Trust", "relation": "Promoter", "url": "", "transactionDescription": "Acquisition", "latestTransDate": "2019-02-14", "positionDirect": 36700, "positionDirectDate": "2019-02-14"}, {"maxAge": 1, "name": "Gaddam (Vivekanand)", "relation": "Non Executive Vice Chairman", "url": "", "transactionDescription": "Other", "latestTransDate": "2020-08-10", "positionDirect": 6211980, "positionDirectDate": "2020-08-10"}, {"maxAge": 1, "name": "Krishna (Vamsi G)", "relation": "Promoter", "url": "", "transactionDescription": "Other", "latestTransDate": "2020-08-10", "positionDirect": 121730, "positionDirectDate": "2020-08-10"}, {"maxAge": 1, "name": "Vaishnavi (G)", "relation": "UNREPORTED", "url": "", "transactionDescription": "Other", "latestTransDate": "2020-08-10", "positionDirect": 54000, "positionDirectDate": "2020-08-10"}, {"maxAge": 1, "name": "Vivekanand (Saroja G)", "relation": "Managing Director", "url": "", "transactionDescription": "Other", "latestTransDate": "2020-08-10", "positionDirect": 644139, "positionDirectDate": "2020-08-10"}, {"maxAge": 1, "name": "Vritika (G)", "relation": "UNREPORTED", "url": "", "transactionDescription": "Other", "latestTransDate": "2020-08-10", "positionDirect": 54000, "positionDirectDate": "2020-08-10"}], "maxAge": 1}, "earnings": {"maxAge": 86400, "earningsChart": {"quarterly": [{"date": "4Q2017", "actual": 8.98, "estimate": 6.44}], "currentQuarterEstimateDate": "1Q", "currentQuarterEstimateYear": 2018, "earningsDate": []}, "financialsChart": {"yearly": [{"date": 2017, "revenue": 9605652000, "earnings": 427845000}, {"date": 2018, "revenue": 10127307000, "earnings": 665572000}, {"date": 2019, "revenue": 11364070000, "earnings": 674071000}, {"date": 2020, "revenue": 10503846000, "earnings": 492950000}], "quarterly": [{"date": "3Q2019", "revenue": 2304478000, "earnings": 132131000}, {"date": "4Q2019", "revenue": 2428708000, "earnings": 61492000}, {"date": "1Q2020", "revenue": 2227530000, "earnings": 68571000}, {"date": "2Q2020", "revenue": 2851853000, "earnings": 344157000}]}, "financialCurrency": "INR"}, "calendarEvents": {"maxAge": 1, "earnings": {"earningsDate": [], "revenueAverage": 2596420000, "revenueLow": 2310000000, "revenueHigh": 2578000000}}, "upgradeDowngradeHistory": {"history": [], "maxAge": 86400}, "price": {"maxAge": 1, "regularMarketChangePercent": -0.013714945, "regularMarketChange": -8.049988, "regularMarketTime": "2021-04-30 15:29:36", "priceHint": 2, "regularMarketPrice": 578.9, "regularMarketDayHigh": 598.3, "regularMarketDayLow": 576.0, "regularMarketVolume": 12574, "averageDailyVolume10Day": 8462, "averageDailyVolume3Month": 7487, "regularMarketPreviousClose": 586.95, "regularMarketSource": "FREE_REALTIME", "regularMarketOpen": 582.0, "exchange": "BSE", "exchangeName": "BSE", "exchangeDataDelayedBy": 0, "marketState": "CLOSED", "quoteType": "EQUITY", "symbol": "VISAKAIND.BO", "underlyingSymbol": null, "shortName": "VISAKA INDUSTRIES LTD.", "longName": "Visaka Industries Limited", "currency": "INR", "quoteSourceName": "Delayed Quote", "currencySymbol": "\u20b9", "fromCurrency": null, "lastMarket": null, "marketCap": 9193510912}, "balanceSheetHistory": {"balanceSheetStatements": [{"maxAge": 1, "endDate": "2020-03-31", "cash": 162800000, "netReceivables": 1618516000, "inventory": 3039265000, "otherCurrentAssets": 301284000, "totalCurrentAssets": 5136747000, "propertyPlantEquipment": 4147869000, "otherAssets": 150554000, "totalAssets": 9435170000, "accountsPayable": 864345000, "shortLongTermDebt": 209185000, "otherCurrentLiab": 483204000, "longTermDebt": 857342000, "otherLiab": 143946000, "totalCurrentLiabilities": 3383733000, "totalLiab": 4385021000, "commonStock": 158810000, "retainedEarnings": 4400597000, "treasuryStock": 397000, "capitalSurplus": 490345000, "otherStockholderEquity": 397000, "totalStockholderEquity": 5050149000, "netTangibleAssets": 5050149000}, {"maxAge": 1, "endDate": "2019-03-31", "cash": 166295000, "netReceivables": 1795643000, "inventory": 2724394000, "otherCurrentAssets": 218202000, "totalCurrentAssets": 4922007000, "longTermInvestments": 4546000, "propertyPlantEquipment": 4194250000, "intangibleAssets": 3846000, "otherAssets": 141030000, "totalAssets": 9261133000, "accountsPayable": 792460000, "shortLongTermDebt": 205067000, "otherCurrentLiab": 447462000, "longTermDebt": 778814000, "otherLiab": 204122000, "totalCurrentLiabilities": 3283196000, "totalLiab": 4266132000, "commonStock": 158810000, "retainedEarnings": 4345449000, "treasuryStock": 397000, "capitalSurplus": 490345000, "otherStockholderEquity": 397000, "totalStockholderEquity": 4995001000, "netTangibleAssets": 4991155000}, {"maxAge": 1, "endDate": "2018-03-31", "cash": 199255000, "netReceivables": 1695720000, "inventory": 2417956000, "otherCurrentAssets": 258980000, "totalCurrentAssets": 4587016000, "propertyPlantEquipment": 3898321000, "intangibleAssets": 7705000, "otherAssets": 352285000, "totalAssets": 8845327000, "accountsPayable": 982060000, "shortLongTermDebt": 303938000, "otherCurrentLiab": 477343000, "longTermDebt": 912021000, "otherLiab": 178357000, "totalCurrentLiabilities": 3298342000, "totalLiab": 4388720000, "commonStock": 158810000, "retainedEarnings": 3807055000, "treasuryStock": 397000, "capitalSurplus": 490345000, "otherStockholderEquity": 397000, "totalStockholderEquity": 4456607000, "netTangibleAssets": 4448902000}, {"maxAge": 1, "endDate": "2017-03-31", "cash": 359239000, "netReceivables": 1606485000, "inventory": 1960170000, "otherCurrentAssets": 113458000, "totalCurrentAssets": 4057434000, "propertyPlantEquipment": 3373869000, "intangibleAssets": 11556000, "otherAssets": 160565000, "totalAssets": 7603424000, "accountsPayable": 561329000, "shortLongTermDebt": 303511000, "otherCurrentLiab": 421903000, "longTermDebt": 766009000, "otherLiab": 186404000, "totalCurrentLiabilities": 2723628000, "totalLiab": 3677759000, "commonStock": 158810000, "retainedEarnings": 3276113000, "treasuryStock": 397000, "capitalSurplus": 490345000, "otherStockholderEquity": 397000, "totalStockholderEquity": 3925665000, "netTangibleAssets": 3914109000}], "maxAge": 86400}, "earningsTrend": {"trend": [{"maxAge": 1, "period": "0q", "endDate": "2018-03-31", "growth": {}, "earningsEstimate": {"avg": 0.0, "low": 0.0, "high": 0.0, "yearAgoEps": {}, "numberOfAnalysts": 0, "growth": {}}, "revenueEstimate": {"avg": 2596420000, "low": 2310000000, "high": 2578000000, "numberOfAnalysts": 2, "yearAgoRevenue": 2528640000, "growth": 0.027}, "epsTrend": {"current": 0.0, "7daysAgo": 0.0, "30daysAgo": 0.0, "60daysAgo": 0.0, "90daysAgo": 0.0}, "epsRevisions": {"upLast7days": 0, "upLast30days": 0, "downLast30days": 0, "downLast90days": {}}}, {"maxAge": 1, "period": "+1q", "endDate": "2018-06-30", "growth": {}, "earningsEstimate": {"avg": 0.0, "low": 0.0, "high": 0.0, "yearAgoEps": {}, "numberOfAnalysts": 0, "growth": {}}, "revenueEstimate": {"avg": 0, "low": 3296000000, "high": 3321000000, "numberOfAnalysts": 2, "yearAgoRevenue": 3407020000, "growth": {}}, "epsTrend": {"current": 0.0, "7daysAgo": 0.0, "30daysAgo": 0.0, "60daysAgo": 0.0, "90daysAgo": 0.0}, "epsRevisions": {"upLast7days": 0, "upLast30days": 0, "downLast30days": 0, "downLast90days": {}}}, {"maxAge": 1, "period": "0y", "endDate": "2018-03-31", "growth": {}, "earningsEstimate": {"avg": 0.0, "low": 0.0, "high": 0.0, "yearAgoEps": {}, "numberOfAnalysts": 0, "growth": {}}, "revenueEstimate": {"avg": 10123200000, "low": 9948000000, "high": 10593200000, "numberOfAnalysts": 4, "yearAgoRevenue": 9568480000, "growth": 0.058000002}, "epsTrend": {"current": 0.0, "7daysAgo": 41.97, "30daysAgo": 41.97, "60daysAgo": 41.97, "90daysAgo": 41.97}, "epsRevisions": {"upLast7days": 0, "upLast30days": 0, "downLast30days": 0, "downLast90days": {}}}, {"maxAge": 1, "period": "+1y", "endDate": "2019-03-31", "growth": {}, "earningsEstimate": {"avg": 0.0, "low": 0.0, "high": 0.0, "yearAgoEps": {}, "numberOfAnalysts": 0, "growth": {}}, "revenueEstimate": {"avg": 11455100000, "low": 11204300000, "high": 11873000000, "numberOfAnalysts": 4, "yearAgoRevenue": 10123200000, "growth": 0.132}, "epsTrend": {"current": 0.0, "7daysAgo": 49.06, "30daysAgo": 49.06, "60daysAgo": 49.06, "90daysAgo": 49.06}, "epsRevisions": {"upLast7days": 0, "upLast30days": 0, "downLast30days": 0, "downLast90days": {}}}, {"maxAge": 1, "period": "+5y", "endDate": null, "growth": 0.39200002, "earningsEstimate": {"avg": {}, "low": {}, "high": {}, "yearAgoEps": {}, "numberOfAnalysts": {}, "growth": {}}, "revenueEstimate": {"avg": {}, "low": {}, "high": {}, "numberOfAnalysts": {}, "yearAgoRevenue": {}, "growth": {}}, "epsTrend": {"current": {}, "7daysAgo": {}, "30daysAgo": {}, "60daysAgo": {}, "90daysAgo": {}}, "epsRevisions": {"upLast7days": {}, "upLast30days": {}, "downLast30days": {}, "downLast90days": {}}}, {"maxAge": 1, "period": "-5y", "endDate": null, "growth": {}, "earningsEstimate": {"avg": {}, "low": {}, "high": {}, "yearAgoEps": {}, "numberOfAnalysts": {}, "growth": {}}, "revenueEstimate": {"avg": {}, "low": {}, "high": {}, "numberOfAnalysts": {}, "yearAgoRevenue": {}, "growth": {}}, "epsTrend": {"current": {}, "7daysAgo": {}, "30daysAgo": {}, "60daysAgo": {}, "90daysAgo": {}}, "epsRevisions": {"upLast7days": {}, "upLast30days": {}, "downLast30days": {}, "downLast90days": {}}}], "maxAge": 1}, "financialData": {"maxAge": 86400, "currentPrice": 578.9, "targetHighPrice": 920.0, "targetLowPrice": 608.0, "targetMeanPrice": 722.67, "targetMedianPrice": 640.0, "recommendationKey": "none", "numberOfAnalystOpinions": 3, "grossProfits": 5279064000, "financialCurrency": "INR"}}}