{"VISAGAR.BO": {"cashflowStatementHistory": {"cashflowStatements": [{"maxAge": 1, "endDate": "2020-03-31", "netIncome": -2845000, "depreciation": 7814, "changeToNetincome": 189, "changeToAccountReceivables": -2494, "changeToLiabilities": 53906, "changeToInventory": 5277144, "changeToOperatingActivities": -2154713, "totalCashFromOperatingActivities": 236090, "changeInCash": 236090}, {"maxAge": 1, "endDate": "2019-03-31", "netIncome": 448508, "depreciation": 16495, "changeToNetincome": 189, "changeToAccountReceivables": 121323, "changeToLiabilities": -49463, "changeToInventory": -1050849, "changeToOperatingActivities": -1131770, "totalCashFromOperatingActivities": -1690688, "changeInCash": -1690688}, {"maxAge": 1, "endDate": "2018-03-31", "netIncome": 281037, "depreciation": 38341, "changeToNetincome": -1, "changeToAccountReceivables": -129118, "changeToLiabilities": -2311813, "changeToInventory": 10730023, "changeToOperatingActivities": -7138433, "totalCashFromOperatingActivities": 1415711, "capitalExpenditures": -29250, "totalCashflowsFromInvestingActivities": -29250, "changeInCash": 1386461}, {"maxAge": 1, "endDate": "2017-03-31", "netIncome": -588925, "depreciation": 54715, "changeToNetincome": 100, "changeToAccountReceivables": 3949, "changeToLiabilities": 0, "changeToInventory": -21287202, "changeToOperatingActivities": 69055738, "totalCashFromOperatingActivities": 47238375, "capitalExpenditures": -45257999, "totalCashflowsFromInvestingActivities": -45257999, "changeInCash": 1980376}], "maxAge": 86400}, "institutionOwnership": {"maxAge": 1, "ownershipList": []}, "balanceSheetHistoryQuarterly": {"balanceSheetStatements": [{"maxAge": 1, "endDate": "2020-06-30", "totalStockholderEquity": 120545000, "netTangibleAssets": 120545000}, {"maxAge": 1, "endDate": "2020-03-31", "cash": 748000, "netReceivables": 5000, "inventory": 16741000, "otherCurrentAssets": 296000, "totalCurrentAssets": 17790000, "longTermInvestments": 52692000, "propertyPlantEquipment": 10000, "otherAssets": 64885000, "totalAssets": 135377000, "accountsPayable": 378000, "otherCurrentLiab": 747000, "otherLiab": 16000, "totalCurrentLiabilities": 14816000, "totalLiab": 14832000, "commonStock": 65018000, "treasuryStock": 55527000, "otherStockholderEquity": 55527000, "totalStockholderEquity": 120545000, "netTangibleAssets": 120545000}, {"maxAge": 1, "endDate": "2019-12-31", "totalStockholderEquity": 123253000, "netTangibleAssets": 123253000}, {"maxAge": 1, "endDate": "2019-09-30", "cash": 1576000, "inventory": 19033000, "otherCurrentAssets": 22000, "totalCurrentAssets": 20631000, "longTermInvestments": 52662000, "propertyPlantEquipment": 18000, "otherAssets": 83724000, "totalAssets": 157035000, "accountsPayable": 2618000, "otherCurrentLiab": 793000, "otherLiab": 161000, "totalCurrentLiabilities": 33621000, "totalLiab": 33782000, "commonStock": 65018000, "treasuryStock": 58235000, "otherStockholderEquity": 58235000, "totalStockholderEquity": 123253000, "netTangibleAssets": 123253000}], "maxAge": 86400}, "indexTrend": {"maxAge": 1, "symbol": "SP5", "peRatio": 19.7411, "pegRatio": 1.34172, "estimates": [{"period": "0q", "growth": 0.549}, {"period": "+1q", "growth": 0.431}, {"period": "0y", "growth": 0.305}, {"period": "+1y", "growth": 0.109}, {"period": "+5y", "growth": 0.120859005}, {"period": "-5y"}]}, "insiderTransactions": {"transactions": [{"maxAge": 1, "shares": 250000, "filerUrl": "", "transactionText": "", "filerName": "Trisha Media Ltd", "filerRelation": "Institution- Corporation", "moneyText": "", "startDate": "2013-09-26", "ownership": "D"}, {"maxAge": 1, "shares": 34900, "filerUrl": "", "transactionText": "", "filerName": "Rashel Agrotech, Ltd.", "filerRelation": "Institution- Corporation", "moneyText": "", "startDate": "2008-03-26", "ownership": "D"}], "maxAge": 1}, "quoteType": {"exchange": "BSE", "quoteType": "EQUITY", "symbol": "VISAGAR.BO", "underlyingSymbol": "VISAGAR.BO", "shortName": "VISAGAR FINANCIAL SERVICES LTD", "longName": "Visagar Financial Services Limited", "firstTradeDateEpochUtc": "2000-02-21 09:15:00", "timeZoneFullName": "Asia/Kolkata", "timeZoneShortName": "IST", "uuid": "9b3ce26f-e8ef-3cbb-922f-8fc7fb03b660", "messageBoardId": null, "gmtOffSetMilliseconds": 19800000, "maxAge": 1}, "incomeStatementHistory": {"incomeStatementHistory": [{"maxAge": 1, "endDate": "2020-03-31", "totalRevenue": 15211000, "costOfRevenue": 13118000, "grossProfit": 2093000, "researchDevelopment": {}, "sellingGeneralAdministrative": 2118000, "nonRecurring": {}, "otherOperatingExpenses": 2807000, "totalOperatingExpenses": 18051000, "operatingIncome": -2840000, "totalOtherIncomeExpenseNet": -5000, "ebit": -2840000, "interestExpense": -5000, "incomeBeforeTax": -2845000, "incomeTaxExpense": 0, "minorityInterest": {}, "netIncomeFromContinuingOps": -2845000, "discontinuedOperations": {}, "extraordinaryItems": {}, "effectOfAccountingCharges": {}, "otherItems": {}, "netIncome": -2845000, "netIncomeApplicableToCommonShares": -2845000}, {"maxAge": 1, "endDate": "2019-03-31", "totalRevenue": 10659531, "costOfRevenue": 7821789, "grossProfit": 2837742, "researchDevelopment": {}, "sellingGeneralAdministrative": 1029035, "nonRecurring": {}, "otherOperatingExpenses": 1182444, "totalOperatingExpenses": 10049763, "operatingIncome": 609768, "totalOtherIncomeExpenseNet": -1260, "ebit": 609768, "interestExpense": -628, "incomeBeforeTax": 608508, "incomeTaxExpense": 160000, "minorityInterest": {}, "netIncomeFromContinuingOps": 448508, "discontinuedOperations": {}, "extraordinaryItems": {}, "effectOfAccountingCharges": {}, "otherItems": {}, "netIncome": 448508, "netIncomeApplicableToCommonShares": 448508}, {"maxAge": 1, "endDate": "2018-03-31", "totalRevenue": 53264815, "costOfRevenue": 50460146, "grossProfit": 2804669, "researchDevelopment": {}, "sellingGeneralAdministrative": 824906, "nonRecurring": {}, "otherOperatingExpenses": 1599913, "totalOperatingExpenses": 52923306, "operatingIncome": 341509, "totalOtherIncomeExpenseNet": -472, "ebit": 341509, "interestExpense": -628, "incomeBeforeTax": 341037, "incomeTaxExpense": 60000, "minorityInterest": {}, "netIncomeFromContinuingOps": 281037, "discontinuedOperations": {}, "extraordinaryItems": {}, "effectOfAccountingCharges": {}, "otherItems": {}, "netIncome": 281037, "netIncomeApplicableToCommonShares": 281037}, {"maxAge": 1, "endDate": "2017-03-31", "totalRevenue": 105465217, "costOfRevenue": 102779241, "grossProfit": 2685976, "researchDevelopment": {}, "sellingGeneralAdministrative": 550916, "nonRecurring": {}, "otherOperatingExpenses": 956276, "totalOperatingExpenses": 104341248, "operatingIncome": 1123969, "totalOtherIncomeExpenseNet": -1712894, "ebit": 1123969, "interestExpense": -1711976, "incomeBeforeTax": -588925, "incomeTaxExpense": 0, "minorityInterest": {}, "netIncomeFromContinuingOps": -588925, "discontinuedOperations": {}, "extraordinaryItems": {}, "effectOfAccountingCharges": {}, "otherItems": {}, "netIncome": -588925, "netIncomeApplicableToCommonShares": -588925}], "maxAge": 86400}, "fundOwnership": {"maxAge": 1, "ownershipList": []}, "summaryDetail": {"maxAge": 1, "priceHint": 4, "previousClose": 0.76, "open": 0.74, "dayLow": 0.74, "dayHigh": 0.74, "regularMarketPreviousClose": 0.76, "regularMarketOpen": 0.74, "regularMarketDayLow": 0.74, "regularMarketDayHigh": 0.74, "volume": 3000, "regularMarketVolume": 3000, "averageVolume": 23519, "averageVolume10days": 8483, "averageDailyVolume10Day": 8483, "bid": 0.0, "ask": 0.74, "bidSize": 0, "askSize": 0, "marketCap": 24056660, "fiftyTwoWeekLow": 0.36, "fiftyTwoWeekHigh": 1.14, "fiftyDayAverage": 0.9722857, "twoHundredDayAverage": 0.6594161, "currency": "INR", "fromCurrency": null, "toCurrency": null, "lastMarket": null, "algorithm": null, "tradeable": false}, "incomeStatementHistoryQuarterly": {"incomeStatementHistory": [{"maxAge": 1, "endDate": "2020-06-30", "totalRevenue": 9148000, "costOfRevenue": 9397000, "grossProfit": -249000, "researchDevelopment": {}, "sellingGeneralAdministrative": 20000, "nonRecurring": {}, "otherOperatingExpenses": 434000, "totalOperatingExpenses": 9851000, "operatingIncome": -703000, "totalOtherIncomeExpenseNet": 0, "ebit": -703000, "interestExpense": {}, "incomeBeforeTax": -703000, "incomeTaxExpense": 0, "minorityInterest": {}, "netIncomeFromContinuingOps": -703000, "discontinuedOperations": {}, "extraordinaryItems": {}, "effectOfAccountingCharges": {}, "otherItems": {}, "netIncome": -703000, "netIncomeApplicableToCommonShares": -703000}, {"maxAge": 1, "endDate": "2020-03-31", "totalRevenue": 4316000, "costOfRevenue": 4885000, "grossProfit": -569000, "researchDevelopment": {}, "sellingGeneralAdministrative": 748000, "nonRecurring": {}, "otherOperatingExpenses": 924000, "totalOperatingExpenses": 6565000, "operatingIncome": -2249000, "totalOtherIncomeExpenseNet": -1000, "ebit": -2249000, "interestExpense": -1000, "incomeBeforeTax": -2250000, "incomeTaxExpense": 0, "minorityInterest": {}, "netIncomeFromContinuingOps": -2250000, "discontinuedOperations": {}, "extraordinaryItems": {}, "effectOfAccountingCharges": {}, "otherItems": {}, "netIncome": -2250000, "netIncomeApplicableToCommonShares": -2250000}, {"maxAge": 1, "endDate": "2019-12-31", "totalRevenue": 2018000, "costOfRevenue": 1946000, "grossProfit": 72000, "researchDevelopment": {}, "sellingGeneralAdministrative": 438000, "nonRecurring": {}, "otherOperatingExpenses": 95000, "totalOperatingExpenses": 2479000, "operatingIncome": -461000, "totalOtherIncomeExpenseNet": -1000, "ebit": -461000, "interestExpense": -1000, "incomeBeforeTax": -462000, "incomeTaxExpense": 0, "minorityInterest": {}, "netIncomeFromContinuingOps": -462000, "discontinuedOperations": {}, "extraordinaryItems": {}, "effectOfAccountingCharges": {}, "otherItems": {}, "netIncome": -462000, "netIncomeApplicableToCommonShares": -462000}, {"maxAge": 1, "endDate": "2019-09-30", "totalRevenue": 2315000, "costOfRevenue": 3020000, "grossProfit": -705000, "researchDevelopment": {}, "sellingGeneralAdministrative": 468000, "nonRecurring": {}, "otherOperatingExpenses": 68000, "totalOperatingExpenses": 3556000, "operatingIncome": -1241000, "totalOtherIncomeExpenseNet": 0, "ebit": -1241000, "interestExpense": -1000, "incomeBeforeTax": -1241000, "incomeTaxExpense": 0, "minorityInterest": {}, "netIncomeFromContinuingOps": -1241000, "discontinuedOperations": {}, "extraordinaryItems": {}, "effectOfAccountingCharges": {}, "otherItems": {}, "netIncome": -1241000, "netIncomeApplicableToCommonShares": -1241000}], "maxAge": 86400}, "cashflowStatementHistoryQuarterly": {"cashflowStatements": [{"maxAge": 1, "endDate": "2020-06-30", "netIncome": -703000, "changeToLiabilities": 0}, {"maxAge": 1, "endDate": "2020-03-31", "netIncome": -2250000, "changeToLiabilities": 0}, {"maxAge": 1, "endDate": "2019-12-31", "netIncome": -462000, "changeToLiabilities": 0}, {"maxAge": 1, "endDate": "2019-09-30", "netIncome": -1241000, "changeToLiabilities": 0}], "maxAge": 86400}, "insiderHolders": {"holders": [{"maxAge": 1, "name": "Rashel Agrotech, Ltd.", "relation": "Institution- Corporation", "url": "", "transactionDescription": "Acquisition", "latestTransDate": "2008-03-26", "positionDirect": 165800, "positionDirectDate": "2008-03-26"}, {"maxAge": 1, "name": "Trisha Media Ltd", "relation": "Institution- Corporation", "url": "", "transactionDescription": "Sale", "latestTransDate": "2013-09-26", "positionDirect": 0, "positionDirectDate": "2013-09-26"}], "maxAge": 1}, "calendarEvents": {"maxAge": 1, "earnings": {"earningsDate": ["2020-09-12 05:30:S"]}}, "price": {"maxAge": 1, "regularMarketChangePercent": -0.026315765, "regularMarketChange": -0.01999998, "regularMarketTime": "2021-04-30 15:08:39", "priceHint": 4, "regularMarketPrice": 0.74, "regularMarketDayHigh": 0.74, "regularMarketDayLow": 0.74, "regularMarketVolume": 3000, "averageDailyVolume10Day": 8483, "averageDailyVolume3Month": 23519, "regularMarketPreviousClose": 0.76, "regularMarketSource": "FREE_REALTIME", "regularMarketOpen": 0.74, "exchange": "BSE", "exchangeName": "BSE", "exchangeDataDelayedBy": 0, "marketState": "CLOSED", "quoteType": "EQUITY", "symbol": "VISAGAR.BO", "underlyingSymbol": null, "shortName": "VISAGAR FINANCIAL SERVICES LTD", "longName": "Visagar Financial Services Limited", "currency": "INR", "quoteSourceName": "Delayed Quote", "currencySymbol": "\u20b9", "fromCurrency": null, "toCurrency": null, "lastMarket": null, "marketCap": 24056660}, "balanceSheetHistory": {"balanceSheetStatements": [{"maxAge": 1, "endDate": "2020-03-31", "cash": 748000, "netReceivables": 5000, "inventory": 16741000, "otherCurrentAssets": 296000, "totalCurrentAssets": 17790000, "longTermInvestments": 52692000, "propertyPlantEquipment": 10000, "otherAssets": 64885000, "totalAssets": 135377000, "accountsPayable": 378000, "otherCurrentLiab": 747000, "otherLiab": 16000, "totalCurrentLiabilities": 14816000, "totalLiab": 14832000, "commonStock": 65018000, "treasuryStock": 55527000, "otherStockholderEquity": 55527000, "totalStockholderEquity": 120545000, "netTangibleAssets": 120545000}, {"maxAge": 1, "endDate": "2019-03-31", "cash": 511579, "netReceivables": 107050, "inventory": 22018000, "otherCurrentAssets": 22050, "totalCurrentAssets": 22659006, "longTermInvestments": 52779342, "propertyPlantEquipment": 18298, "otherAssets": 85688314, "totalAssets": 161144960, "accountsPayable": 323000, "otherCurrentLiab": 270000, "otherLiab": 241328, "totalCurrentLiabilities": 37513716, "totalLiab": 37755044, "commonStock": 65018000, "retainedEarnings": -1619084, "treasuryStock": 58372000, "capitalSurplus": 59991000, "otherStockholderEquity": 58372000, "totalStockholderEquity": 123389916, "netTangibleAssets": 123389916}, {"maxAge": 1, "endDate": "2018-03-31", "cash": 2202267, "netReceivables": 183441, "otherCurrentAssets": 33075, "totalCurrentAssets": 23386261, "longTermInvestments": 73489549, "propertyPlantEquipment": 34793, "otherAssets": 76782276, "totalAssets": 173692879, "accountsPayable": 49463, "otherCurrentLiab": 135000, "otherLiab": 241328, "totalCurrentLiabilities": 50510143, "totalLiab": 50751471, "commonStock": 65018000, "retainedEarnings": -2067592, "capitalSurplus": 59991000, "totalStockholderEquity": 122941408, "netTangibleAssets": 122941408}, {"maxAge": 1, "endDate": "2017-03-31", "cash": 815806, "otherCurrentAssets": 44100, "totalCurrentAssets": 32557407, "longTermInvestments": 87262734, "propertyPlantEquipment": 43884, "otherAssets": 53810017, "totalAssets": 173674042, "accountsPayable": 2361276, "otherCurrentLiab": 151884, "otherLiab": 241328, "totalCurrentLiabilities": 50772340, "totalLiab": 51013668, "commonStock": 65018000, "retainedEarnings": -2348626, "capitalSurplus": 59991000, "totalStockholderEquity": 122660374, "netTangibleAssets": 122660374}], "maxAge": 86400}, "financialData": {"maxAge": 86400, "currentPrice": 0.74, "recommendationKey": "none", "grossProfits": 2093000, "financialCurrency": "INR"}}}