{"VISASTEEL.BO": {"recommendationTrend": {"trend": [{"period": "0m", "strongBuy": 0, "buy": 0, "hold": 0, "sell": 0, "strongSell": 0}, {"period": "-1m", "strongBuy": 0, "buy": 0, "hold": 0, "sell": 0, "strongSell": 0}, {"period": "-2m", "strongBuy": 0, "buy": 0, "hold": 0, "sell": 0, "strongSell": 0}, {"period": "-3m", "strongBuy": 0, "buy": 0, "hold": 0, "sell": 0, "strongSell": 0}], "maxAge": 86400}, "cashflowStatementHistory": {"cashflowStatements": [{"maxAge": 1, "endDate": "2020-03-31", "netIncome": -1919020000, "depreciation": 1340550000, "changeToNetincome": 179340000, "changeToAccountReceivables": 241420000, "changeToLiabilities": -102110000, "changeToInventory": 692810000, "changeToOperatingActivities": 153550000, "totalCashFromOperatingActivities": 586540000, "capitalExpenditures": -26060000, "otherCashflowsFromInvestingActivities": 127290000, "totalCashflowsFromInvestingActivities": 113350000, "netBorrowings": -489510000, "otherCashflowsFromFinancingActivities": -145640000, "totalCashFromFinancingActivities": -635150000, "changeInCash": 64740000}, {"maxAge": 1, "endDate": "2019-03-31", "netIncome": -1616340000, "depreciation": 1333560000, "changeToNetincome": -20580000, "changeToAccountReceivables": 846400000, "changeToLiabilities": 77710000, "changeToInventory": 194170000, "changeToOperatingActivities": 153550000, "totalCashFromOperatingActivities": 815320000, "capitalExpenditures": -9760000, "otherCashflowsFromInvestingActivities": 167520000, "totalCashflowsFromInvestingActivities": 159200000, "netBorrowings": -943300000, "otherCashflowsFromFinancingActivities": -189190000, "totalCashFromFinancingActivities": -1132490000, "changeInCash": -158020000}, {"maxAge": 1, "endDate": "2018-03-31", "netIncome": -875410000, "depreciation": 1505000000, "changeToNetincome": -628990000, "changeToAccountReceivables": 407200000, "changeToLiabilities": -383400000, "changeToInventory": 1486590000, "changeToOperatingActivities": 153550000, "totalCashFromOperatingActivities": 1511830000, "capitalExpenditures": -205490000, "otherCashflowsFromInvestingActivities": 345630000, "totalCashflowsFromInvestingActivities": 140140000, "netBorrowings": -1184900000, "otherCashflowsFromFinancingActivities": -342090000, "totalCashFromFinancingActivities": -1526990000, "changeInCash": 12000000}, {"maxAge": 1, "endDate": "2017-03-31", "netIncome": -1351520000, "depreciation": 1625040000, "changeToNetincome": 358260000, "changeToAccountReceivables": -1909820000, "changeToLiabilities": 2593680000, "changeToInventory": -1198300000, "changeToOperatingActivities": 153550000, "totalCashFromOperatingActivities": 118360000, "capitalExpenditures": -141800000, "otherCashflowsFromInvestingActivities": 82260000, "totalCashflowsFromInvestingActivities": -36540000, "netBorrowings": 517120000, "otherCashflowsFromFinancingActivities": -480280000, "totalCashFromFinancingActivities": 36840000, "changeInCash": 118660000}], "maxAge": 86400}, "institutionOwnership": {"ownershipList": [], "maxAge": 1}, "balanceSheetHistoryQuarterly": {"balanceSheetStatements": [{"maxAge": 1, "endDate": "2020-06-30", "totalStockholderEquity": -11477970000, "netTangibleAssets": -11479320000}, {"maxAge": 1, "endDate": "2020-03-31", "cash": 94050000, "netReceivables": 93860000, "inventory": 327980000, "otherCurrentAssets": 338020000, "totalCurrentAssets": 853910000, "longTermInvestments": 41870000, "propertyPlantEquipment": 29693910000, "intangibleAssets": 1350000, "otherAssets": 63780000, "totalAssets": 30654820000, "accountsPayable": 1181710000, "shortLongTermDebt": 25995320000, "otherCurrentLiab": 1054580000, "longTermDebt": 6021380000, "otherLiab": 59200000, "totalCurrentLiabilities": 35862060000, "totalLiab": 42132790000, "commonStock": 1157900000, "treasuryStock": -12635870000, "otherStockholderEquity": -12635870000, "totalStockholderEquity": -11477970000, "netTangibleAssets": -11479320000}, {"maxAge": 1, "endDate": "2019-12-31", "totalStockholderEquity": -10552503000, "netTangibleAssets": -10554048000}, {"maxAge": 1, "endDate": "2019-09-30", "cash": 88152000, "netReceivables": 131705000, "inventory": 437011000, "otherCurrentAssets": 332603000, "totalCurrentAssets": 989471000, "longTermInvestments": 41807000, "propertyPlantEquipment": 30430372000, "intangibleAssets": 1545000, "otherAssets": 69704000, "totalAssets": 31532899000, "accountsPayable": 993820000, "shortLongTermDebt": 24304844000, "otherCurrentLiab": 797913000, "longTermDebt": 8210826000, "otherLiab": 40360000, "totalCurrentLiabilities": 33778001000, "totalLiab": 42085402000, "commonStock": 1157895000, "treasuryStock": -11710398000, "otherStockholderEquity": -11710398000, "totalStockholderEquity": -10552503000, "netTangibleAssets": -10554048000}], "maxAge": 86400}, "earningsHistory": {"history": [{"maxAge": 1, "epsActual": {}, "epsEstimate": {}, "epsDifference": {}, "surprisePercent": {}, "quarter": {}, "period": "-4q"}, {"maxAge": 1, "epsActual": {}, "epsEstimate": {}, "epsDifference": {}, "surprisePercent": {}, "quarter": {}, "period": "-3q"}, {"maxAge": 1, "epsActual": {}, "epsEstimate": {}, "epsDifference": {}, "surprisePercent": {}, "quarter": {}, "period": "-2q"}, {"maxAge": 1, "epsActual": {}, "epsEstimate": {}, "epsDifference": {}, "surprisePercent": {}, "quarter": {}, "period": "-1q"}], "maxAge": 86400}, "indexTrend": {"maxAge": 1, "symbol": "SP5", "peRatio": 19.7411, "pegRatio": 1.34172, "estimates": [{"period": "0q", "growth": 0.549}, {"period": "+1q", "growth": 0.431}, {"period": "0y", "growth": 0.305}, {"period": "+1y", "growth": 0.109}, {"period": "+5y", "growth": 0.120865}, {"period": "-5y"}]}, "industryTrend": {"maxAge": 1, "symbol": null, "estimates": []}, "insiderTransactions": {"transactions": [{"maxAge": 1, "shares": 2386112, "filerUrl": "", "transactionText": "", "filerName": "Gee Bee Securities Pvt Ltd", "filerRelation": "UNREPORTED", "moneyText": "", "startDate": "2012-10-09", "ownership": "D"}, {"maxAge": 1, "shares": 25658, "filerUrl": "", "transactionText": "", "filerName": "Dalmia Securities Pvt. Ltd.", "filerRelation": "UNREPORTED", "moneyText": "", "startDate": "2012-04-23", "ownership": "D"}, {"maxAge": 1, "shares": 534, "filerUrl": "", "transactionText": "", "filerName": "Gee Bee Securities Pvt Ltd", "filerRelation": "UNREPORTED", "moneyText": "", "startDate": "2012-04-19", "ownership": "D"}, {"maxAge": 1, "shares": 70100, "filerUrl": "", "transactionText": "", "filerName": "Agarwal (Saroj)", "filerRelation": "Director (Non-Executive)", "moneyText": "", "startDate": "2011-09-20", "ownership": "D"}, {"maxAge": 1, "shares": 105100, "filerUrl": "", "transactionText": "", "filerName": "Saran (Vishambhar)", "filerRelation": "Executive Chairman", "moneyText": "", "startDate": "2011-09-20", "ownership": "D"}, {"maxAge": 1, "shares": 20100, "filerUrl": "", "transactionText": "", "filerName": "Saran (Vishambhar & Sons) HUF", "filerRelation": "UNREPORTED", "moneyText": "", "startDate": "2011-09-20", "ownership": "D"}, {"maxAge": 1, "shares": 20100, "filerUrl": "", "transactionText": "", "filerName": "Agarwal (Vivek)", "filerRelation": "Promoter", "moneyText": "", "startDate": "2011-09-20", "ownership": "D"}, {"maxAge": 1, "shares": 20100, "filerUrl": "", "transactionText": "", "filerName": "Agarwal (Vishal)", "filerRelation": "Managing Director", "moneyText": "", "startDate": "2011-09-20", "ownership": "D"}, {"maxAge": 1, "shares": 32889, "filerUrl": "", "transactionText": "", "filerName": "Gee Bee Securities Pvt Ltd", "filerRelation": "UNREPORTED", "moneyText": "", "startDate": "2011-07-06", "ownership": "D"}], "maxAge": 1}, "quoteType": {"exchange": "BSE", "quoteType": "EQUITY", "symbol": "VISASTEEL.BO", "underlyingSymbol": "VISASTEEL.BO", "shortName": "VISA STEEL LTD.", "longName": "VISA Steel Limited", "firstTradeDateEpochUtc": "2006-03-17 09:15:00", "timeZoneFullName": "Asia/Kolkata", "timeZoneShortName": "IST", "uuid": "d21a1dcb-4905-31de-926e-6ec661fc807c", "gmtOffSetMilliseconds": 19800000, "maxAge": 1}, "incomeStatementHistory": {"incomeStatementHistory": [{"maxAge": 1, "endDate": "2020-03-31", "totalRevenue": 6833440000, "costOfRevenue": 5004660000, "grossProfit": 1828780000, "researchDevelopment": {}, "sellingGeneralAdministrative": 505130000, "nonRecurring": {}, "otherOperatingExpenses": 1822890000, "totalOperatingExpenses": 8673230000, "operatingIncome": -1839790000, "totalOtherIncomeExpenseNet": -79230000, "ebit": -1839790000, "interestExpense": -195420000, "incomeBeforeTax": -1919020000, "incomeTaxExpense": 0, "minorityInterest": {}, "netIncomeFromContinuingOps": -1919020000, "discontinuedOperations": {}, "extraordinaryItems": {}, "effectOfAccountingCharges": {}, "otherItems": {}, "netIncome": -1919020000, "netIncomeApplicableToCommonShares": -1919020000}, {"maxAge": 1, "endDate": "2019-03-31", "totalRevenue": 14167590000, "costOfRevenue": 10663280000, "grossProfit": 3504310000, "researchDevelopment": {}, "sellingGeneralAdministrative": 679630000, "nonRecurring": {}, "otherOperatingExpenses": 3079960000, "totalOperatingExpenses": 15756830000, "operatingIncome": -1589240000, "totalOtherIncomeExpenseNet": -27100000, "ebit": -1589240000, "interestExpense": -165410000, "incomeBeforeTax": -1616340000, "incomeTaxExpense": 0, "minorityInterest": {}, "netIncomeFromContinuingOps": -1616340000, "discontinuedOperations": {}, "extraordinaryItems": {}, "effectOfAccountingCharges": {}, "otherItems": {}, "netIncome": -1616340000, "netIncomeApplicableToCommonShares": -1616340000}, {"maxAge": 1, "endDate": "2018-03-31", "totalRevenue": 20668230000, "costOfRevenue": 15340640000, "grossProfit": 5327590000, "researchDevelopment": {}, "sellingGeneralAdministrative": 886350000, "nonRecurring": {}, "otherOperatingExpenses": 3998430000, "totalOperatingExpenses": 21731260000, "operatingIncome": -1063030000, "totalOtherIncomeExpenseNet": 166100000, "ebit": -1063030000, "interestExpense": -259600000, "incomeBeforeTax": -896930000, "incomeTaxExpense": 0, "minorityInterest": 950000, "netIncomeFromContinuingOps": -896930000, "discontinuedOperations": {}, "extraordinaryItems": {}, "effectOfAccountingCharges": {}, "otherItems": {}, "netIncome": -875410000, "netIncomeApplicableToCommonShares": -875410000}, {"maxAge": 1, "endDate": "2017-03-31", "totalRevenue": 15590180000, "costOfRevenue": 10937810000, "grossProfit": 4652370000, "researchDevelopment": {}, "sellingGeneralAdministrative": 791210000, "nonRecurring": {}, "otherOperatingExpenses": 3256320000, "totalOperatingExpenses": 16611400000, "operatingIncome": -1021220000, "totalOtherIncomeExpenseNet": -312910000, "ebit": -1021220000, "interestExpense": -382580000, "incomeBeforeTax": -1334130000, "incomeTaxExpense": 0, "minorityInterest": 580620000, "netIncomeFromContinuingOps": -1334130000, "discontinuedOperations": {}, "extraordinaryItems": {}, "effectOfAccountingCharges": {}, "otherItems": {}, "netIncome": -1351520000, "netIncomeApplicableToCommonShares": -1351520000}], "maxAge": 86400}, "fundOwnership": {"ownershipList": [], "maxAge": 1}, "summaryDetail": {"maxAge": 1, "priceHint": 2, "previousClose": 7.3, "open": 7.5, "dayLow": 7.49, "dayHigh": 7.66, "regularMarketPreviousClose": 7.3, "regularMarketOpen": 7.5, "regularMarketDayLow": 7.49, "regularMarketDayHigh": 7.66, "volume": 5621, "regularMarketVolume": 5621, "averageVolume": 9162, "averageVolume10days": 5170, "averageDailyVolume10Day": 5170, "bid": 7.66, "ask": 0.0, "bidSize": 0, "askSize": 0, "marketCap": 886951360, "fiftyTwoWeekLow": 2.47, "fiftyTwoWeekHigh": 8.62, "fiftyDayAverage": 7.0330305, "twoHundredDayAverage": 6.1419854, "currency": "INR", "fromCurrency": null, "lastMarket": null, "algorithm": null, "tradeable": false}, "sectorTrend": {"maxAge": 1, "symbol": null, "estimates": []}, "incomeStatementHistoryQuarterly": {"incomeStatementHistory": [{"maxAge": 1, "endDate": "2020-06-30", "totalRevenue": 980260000, "costOfRevenue": 527280000, "grossProfit": 452980000, "researchDevelopment": {}, "sellingGeneralAdministrative": 81830000, "nonRecurring": {}, "otherOperatingExpenses": 497910000, "totalOperatingExpenses": 1427740000, "operatingIncome": -447480000, "totalOtherIncomeExpenseNet": -16320000, "ebit": -447480000, "interestExpense": -42090000, "incomeBeforeTax": -463800000, "incomeTaxExpense": 0, "minorityInterest": {}, "netIncomeFromContinuingOps": -463800000, "discontinuedOperations": {}, "extraordinaryItems": {}, "effectOfAccountingCharges": {}, "otherItems": {}, "netIncome": -463800000, "netIncomeApplicableToCommonShares": -463800000}, {"maxAge": 1, "endDate": "2020-03-31", "totalRevenue": 2090270000, "costOfRevenue": 1544680000, "grossProfit": 545590000, "researchDevelopment": {}, "sellingGeneralAdministrative": 114450000, "nonRecurring": {}, "otherOperatingExpenses": 491890000, "totalOperatingExpenses": 2478840000, "operatingIncome": -388570000, "totalOtherIncomeExpenseNet": -17860000, "ebit": -388570000, "interestExpense": -44060000, "incomeBeforeTax": -406430000, "incomeTaxExpense": 0, "minorityInterest": {}, "netIncomeFromContinuingOps": -406430000, "discontinuedOperations": {}, "extraordinaryItems": {}, "effectOfAccountingCharges": {}, "otherItems": {}, "netIncome": -406430000, "netIncomeApplicableToCommonShares": -406430000}, {"maxAge": 1, "endDate": "2019-12-31", "totalRevenue": 1378775000, "costOfRevenue": 1063639000, "grossProfit": 315136000, "researchDevelopment": {}, "sellingGeneralAdministrative": 121743000, "nonRecurring": {}, "otherOperatingExpenses": 351956000, "totalOperatingExpenses": 1872353000, "operatingIncome": -493578000, "totalOtherIncomeExpenseNet": -19601000, "ebit": -493578000, "interestExpense": -46815000, "incomeBeforeTax": -513179000, "incomeTaxExpense": 0, "minorityInterest": {}, "netIncomeFromContinuingOps": -513179000, "discontinuedOperations": {}, "extraordinaryItems": {}, "effectOfAccountingCharges": {}, "otherItems": {}, "netIncome": -513179000, "netIncomeApplicableToCommonShares": -513179000}, {"maxAge": 1, "endDate": "2019-09-30", "totalRevenue": 1284707000, "costOfRevenue": 926616000, "grossProfit": 358091000, "researchDevelopment": {}, "sellingGeneralAdministrative": 129708000, "nonRecurring": {}, "otherOperatingExpenses": 411603000, "totalOperatingExpenses": 1805386000, "operatingIncome": -520679000, "totalOtherIncomeExpenseNet": -25465000, "ebit": -520679000, "interestExpense": -47380000, "incomeBeforeTax": -546144000, "incomeTaxExpense": 0, "minorityInterest": {}, "netIncomeFromContinuingOps": -546144000, "discontinuedOperations": {}, "extraordinaryItems": {}, "effectOfAccountingCharges": {}, "otherItems": {}, "netIncome": -546144000, "netIncomeApplicableToCommonShares": -546144000}], "maxAge": 86400}, "cashflowStatementHistoryQuarterly": {"cashflowStatements": [{"maxAge": 1, "endDate": "2020-06-30", "netIncome": -463800000, "changeToLiabilities": 0}, {"maxAge": 1, "endDate": "2020-03-31", "netIncome": -406430000, "changeToLiabilities": 0}, {"maxAge": 1, "endDate": "2019-12-31", "netIncome": -513179000, "changeToLiabilities": 0}, {"maxAge": 1, "endDate": "2019-09-30", "netIncome": -546144000, "changeToLiabilities": 0}], "maxAge": 86400}, "insiderHolders": {"holders": [{"maxAge": 1, "name": "Agarwal (Saroj)", "relation": "Director (Non-Executive)", "url": "", "transactionDescription": "Sale", "latestTransDate": "2011-09-20", "positionDirect": 0, "positionDirectDate": "2011-09-20"}, {"maxAge": 1, "name": "Agarwal (Vishal)", "relation": "Managing Director", "url": "", "transactionDescription": "Sale", "latestTransDate": "2011-09-20", "positionDirect": 0, "positionDirectDate": "2011-09-20"}, {"maxAge": 1, "name": "Agarwal (Vivek)", "relation": "Promoter", "url": "", "transactionDescription": "Sale", "latestTransDate": "2011-09-20", "positionDirect": 0, "positionDirectDate": "2011-09-20"}, {"maxAge": 1, "name": "Dalmia Securities Pvt. Ltd.", "relation": "UNREPORTED", "url": "", "transactionDescription": "Acquisition", "latestTransDate": "2012-04-23", "positionDirect": 3356413, "positionDirectDate": "2012-04-23"}, {"maxAge": 1, "name": "Gee Bee Securities Pvt Ltd", "relation": "UNREPORTED", "url": "", "transactionDescription": "Sale", "latestTransDate": "2012-10-09", "positionDirect": 3115921, "positionDirectDate": "2012-10-09"}, {"maxAge": 1, "name": "Saran (Vishambhar & Sons) HUF", "relation": "UNREPORTED", "url": "", "transactionDescription": "Sale", "latestTransDate": "2011-09-20", "positionDirect": 0, "positionDirectDate": "2011-09-20"}, {"maxAge": 1, "name": "Saran (Vishambhar)", "relation": "Executive Chairman", "url": "", "transactionDescription": "Sale", "latestTransDate": "2011-09-20", "positionDirect": 0, "positionDirectDate": "2011-09-20"}], "maxAge": 1}, "earnings": {"maxAge": 86400, "earningsChart": {"quarterly": [], "earningsDate": []}, "financialsChart": {"yearly": [{"date": 2017, "revenue": 15590180000, "earnings": -1351520000}, {"date": 2018, "revenue": 20668230000, "earnings": -875410000}, {"date": 2019, "revenue": 14167590000, "earnings": -1616340000}, {"date": 2020, "revenue": 6833440000, "earnings": -1919020000}], "quarterly": [{"date": "3Q2019", "revenue": 1284707000, "earnings": -546144000}, {"date": "4Q2019", "revenue": 1378775000, "earnings": -513179000}, {"date": "1Q2020", "revenue": 2090270000, "earnings": -406430000}, {"date": "2Q2020", "revenue": 980260000, "earnings": -463800000}]}, "financialCurrency": "INR"}, "calendarEvents": {"maxAge": 1, "earnings": {"earningsDate": []}}, "upgradeDowngradeHistory": {"history": [], "maxAge": 86400}, "price": {"maxAge": 1, "regularMarketChangePercent": 0.04931502, "regularMarketChange": 0.35999966, "regularMarketTime": "2021-04-30 15:23:56", "priceHint": 2, "regularMarketPrice": 7.66, "regularMarketDayHigh": 7.66, "regularMarketDayLow": 7.49, "regularMarketVolume": 5621, "averageDailyVolume10Day": 5170, "averageDailyVolume3Month": 9162, "regularMarketPreviousClose": 7.3, "regularMarketSource": "FREE_REALTIME", "regularMarketOpen": 7.5, "exchange": "BSE", "exchangeName": "BSE", "exchangeDataDelayedBy": 0, "marketState": "CLOSED", "quoteType": "EQUITY", "symbol": "VISASTEEL.BO", "underlyingSymbol": null, "shortName": "VISA STEEL LTD.", "longName": "VISA Steel Limited", "currency": "INR", "quoteSourceName": "Delayed Quote", "currencySymbol": "\u20b9", "fromCurrency": null, "lastMarket": null, "marketCap": 886951360}, "balanceSheetHistory": {"balanceSheetStatements": [{"maxAge": 1, "endDate": "2020-03-31", "cash": 94050000, "netReceivables": 93860000, "inventory": 327980000, "otherCurrentAssets": 338020000, "totalCurrentAssets": 853910000, "longTermInvestments": 41870000, "propertyPlantEquipment": 29693910000, "intangibleAssets": 1350000, "otherAssets": 63780000, "totalAssets": 30654820000, "accountsPayable": 1181710000, "shortLongTermDebt": 25995320000, "otherCurrentLiab": 1054580000, "longTermDebt": 6021380000, "otherLiab": 59200000, "totalCurrentLiabilities": 35862060000, "totalLiab": 42132790000, "commonStock": 1157900000, "treasuryStock": -12635870000, "otherStockholderEquity": -12635870000, "totalStockholderEquity": -11477970000, "netTangibleAssets": -11479320000}, {"maxAge": 1, "endDate": "2019-03-31", "cash": 8800000, "netReceivables": 538610000, "inventory": 1020790000, "otherCurrentAssets": 279100000, "totalCurrentAssets": 1860500000, "longTermInvestments": 41820000, "propertyPlantEquipment": 31011310000, "intangibleAssets": 1740000, "otherAssets": 82270000, "totalAssets": 32997640000, "accountsPayable": 1133670000, "shortLongTermDebt": 17170480000, "otherCurrentLiab": 721350000, "longTermDebt": 10119520000, "otherLiab": 40360000, "totalCurrentLiabilities": 32206960000, "totalLiab": 42550140000, "commonStock": 1157900000, "retainedEarnings": -16968050000, "treasuryStock": 4612650000, "capitalSurplus": 1645000000, "otherStockholderEquity": 4612650000, "totalStockholderEquity": -9552500000, "netTangibleAssets": -9554240000}, {"maxAge": 1, "endDate": "2018-03-31", "cash": 166820000, "netReceivables": 1098010000, "inventory": 1214970000, "otherCurrentAssets": 503260000, "totalCurrentAssets": 2997910000, "longTermInvestments": 41940000, "propertyPlantEquipment": 32326050000, "intangibleAssets": 2140000, "otherAssets": 161920000, "totalAssets": 35529960000, "accountsPayable": 1224020000, "shortLongTermDebt": 13294200000, "otherCurrentLiab": 656440000, "longTermDebt": 14559590000, "otherLiab": 43090000, "minorityInterest": 950000, "totalCurrentLiabilities": 28659460000, "totalLiab": 43462490000, "commonStock": 1157900000, "retainedEarnings": -15349030000, "treasuryStock": 4612650000, "capitalSurplus": 1645000000, "otherStockholderEquity": 4612650000, "totalStockholderEquity": -7933480000, "netTangibleAssets": -7935620000}, {"maxAge": 1, "endDate": "2017-03-31", "cash": 154820000, "netReceivables": 2104400000, "inventory": 3096620000, "otherCurrentAssets": 976130000, "totalCurrentAssets": 6365620000, "longTermInvestments": 10290000, "propertyPlantEquipment": 34478640000, "intangibleAssets": 1860000, "otherAssets": 419470000, "totalAssets": 41275880000, "accountsPayable": 2475900000, "shortLongTermDebt": 8970740000, "otherCurrentLiab": 832320000, "longTermDebt": 19749450000, "otherLiab": 19400000, "minorityInterest": 580620000, "totalCurrentLiabilities": 27078900000, "totalLiab": 46847750000, "commonStock": 1100000000, "retainedEarnings": -14475840000, "treasuryStock": 4670550000, "capitalSurplus": 2552800000, "otherStockholderEquity": 4670550000, "totalStockholderEquity": -6152490000, "netTangibleAssets": -6154350000}], "maxAge": 86400}, "earningsTrend": {"trend": [{"maxAge": 1, "period": "0q", "endDate": null, "growth": {}, "earningsEstimate": {"avg": 0.0, "low": 0.0, "high": 0.0, "yearAgoEps": {}, "numberOfAnalysts": 0, "growth": {}}, "revenueEstimate": {"avg": 0, "low": 0, "high": 0, "numberOfAnalysts": 0, "yearAgoRevenue": {}, "growth": {}}, "epsTrend": {"current": 0.0, "7daysAgo": 0.0, "30daysAgo": 0.0, "60daysAgo": 0.0, "90daysAgo": 0.0}, "epsRevisions": {"upLast7days": 0, "upLast30days": 0, "downLast30days": 0, "downLast90days": {}}}, {"maxAge": 1, "period": "+1q", "endDate": null, "growth": {}, "earningsEstimate": {"avg": 0.0, "low": 0.0, "high": 0.0, "yearAgoEps": {}, "numberOfAnalysts": 0, "growth": {}}, "revenueEstimate": {"avg": 0, "low": 0, "high": 0, "numberOfAnalysts": 0, "yearAgoRevenue": {}, "growth": {}}, "epsTrend": {"current": 0.0, "7daysAgo": 0.0, "30daysAgo": 0.0, "60daysAgo": 0.0, "90daysAgo": 0.0}, "epsRevisions": {"upLast7days": 0, "upLast30days": 0, "downLast30days": 0, "downLast90days": {}}}, {"maxAge": 1, "period": "0y", "endDate": null, "growth": {}, "earningsEstimate": {"avg": 0.0, "low": 0.0, "high": 0.0, "yearAgoEps": {}, "numberOfAnalysts": 0, "growth": {}}, "revenueEstimate": {"avg": 0, "low": 0, "high": 0, "numberOfAnalysts": 0, "yearAgoRevenue": {}, "growth": {}}, "epsTrend": {"current": 0.0, "7daysAgo": 0.0, "30daysAgo": 0.0, "60daysAgo": 0.0, "90daysAgo": 0.0}, "epsRevisions": {"upLast7days": 0, "upLast30days": 0, "downLast30days": 0, "downLast90days": {}}}, {"maxAge": 1, "period": "+1y", "endDate": null, "growth": {}, "earningsEstimate": {"avg": 0.0, "low": 0.0, "high": 0.0, "yearAgoEps": {}, "numberOfAnalysts": 0, "growth": {}}, "revenueEstimate": {"avg": 0, "low": 0, "high": 0, "numberOfAnalysts": 0, "yearAgoRevenue": {}, "growth": {}}, "epsTrend": {"current": 0.0, "7daysAgo": 0.0, "30daysAgo": 0.0, "60daysAgo": 0.0, "90daysAgo": 0.0}, "epsRevisions": {"upLast7days": 0, "upLast30days": 0, "downLast30days": 0, "downLast90days": {}}}, {"maxAge": 1, "period": "+5y", "endDate": null, "growth": {}, "earningsEstimate": {"avg": {}, "low": {}, "high": {}, "yearAgoEps": {}, "numberOfAnalysts": {}, "growth": {}}, "revenueEstimate": {"avg": {}, "low": {}, "high": {}, "numberOfAnalysts": {}, "yearAgoRevenue": {}, "growth": {}}, "epsTrend": {"current": {}, "7daysAgo": {}, "30daysAgo": {}, "60daysAgo": {}, "90daysAgo": {}}, "epsRevisions": {"upLast7days": {}, "upLast30days": {}, "downLast30days": {}, "downLast90days": {}}}, {"maxAge": 1, "period": "-5y", "endDate": null, "growth": 0.06221, "earningsEstimate": {"avg": {}, "low": {}, "high": {}, "yearAgoEps": {}, "numberOfAnalysts": {}, "growth": {}}, "revenueEstimate": {"avg": {}, "low": {}, "high": {}, "numberOfAnalysts": {}, "yearAgoRevenue": {}, "growth": {}}, "epsTrend": {"current": {}, "7daysAgo": {}, "30daysAgo": {}, "60daysAgo": {}, "90daysAgo": {}}, "epsRevisions": {"upLast7days": {}, "upLast30days": {}, "downLast30days": {}, "downLast90days": {}}}], "maxAge": 1}, "financialData": {"maxAge": 86400, "currentPrice": 7.66, "targetHighPrice": 27.0, "targetLowPrice": 27.0, "targetMeanPrice": 27.0, "targetMedianPrice": 27.0, "recommendationKey": "none", "numberOfAnalystOpinions": 1, "grossProfits": 1828780000, "financialCurrency": "INR"}}}