{"VISHNU.NS": {"assetProfile": {"address1": "Plot No. C-23", "address2": "Road No. 8 Film Nagar Jubilee Hills", "city": "Hyderabad", "zip": "500033", "country": "India", "phone": "91 40 2339 6817", "fax": "91 40 2331 4158", "website": "http://www.vishnuchemicals.com", "industry": "Specialty Chemicals", "sector": "Basic Materials", "longBusinessSummary": "Vishnu Chemicals Limited manufactures and markets chromium chemicals in India. The company offers chrome chemicals, such as sodium dichromate, chromic acid, chrome oxide green, basic chromium sulphate, sodium sulphate, and potassium dichromate, as well as barium carbonate. It also provides custom synthesis, contract research, and contract manufacturing services. The company's products have various applications automobile, pharmaceutical, ceramics, glass, pigments and dyes, metallurgy, steel, and leather industries. It also exports its products to approximately 57 countries, including Asia, China, Europe, the United Kingdom, North America, South and Central America, Africa, and internationally. The company was founded in 1989 and is based in Hyderabad, India.", "fullTimeEmployees": 430, "companyOfficers": [{"maxAge": 1, "name": "Mr. Cherukuri Krishna Murthy", "age": 63, "title": "Chairman & MD", "yearBorn": 1957, "fiscalYear": 2020, "totalPay": 6600000, "exercisedValue": 0, "unexercisedValue": 0}, {"maxAge": 1, "name": "Mr. Cherukuri  Siddartha", "age": 35, "title": "Joint MD & Whole Time Director", "yearBorn": 1985, "fiscalYear": 2020, "totalPay": 4800000, "exercisedValue": 0, "unexercisedValue": 0}, {"maxAge": 1, "name": "Mr. P.  Anjaneyulu", "age": 57, "title": "Chief Financial Officer", "yearBorn": 1963, "exercisedValue": 0, "unexercisedValue": 0}, {"maxAge": 1, "name": "Mr. Kishore  Kathri", "age": 32, "title": "Company Sec., Compliance Officer & Assistant GM of Legal", "yearBorn": 1988, "exercisedValue": 0, "unexercisedValue": 0}], "compensationAsOfEpochDate": "2020-12-31 05:30:00", "maxAge": 86400}, "cashflowStatementHistory": {"cashflowStatements": [{"maxAge": 1, "endDate": "2020-03-31", "netIncome": 222291000, "depreciation": 201901000, "changeToNetincome": 280782000, "changeToAccountReceivables": 119726000, "changeToLiabilities": -5694000, "changeToInventory": -183486000, "changeToOperatingActivities": -166998000, "totalCashFromOperatingActivities": 469365000, "capitalExpenditures": -261416000, "investments": 2099000, "otherCashflowsFromInvestingActivities": 13294000, "totalCashflowsFromInvestingActivities": -246023000, "dividendsPaid": -11946000, "netBorrowings": 140350000, "otherCashflowsFromFinancingActivities": -315925000, "totalCashFromFinancingActivities": -187521000, "changeInCash": 35821000}, {"maxAge": 1, "endDate": "2019-03-31", "netIncome": 243645000, "depreciation": 208547000, "changeToNetincome": 429856000, "changeToAccountReceivables": 11512000, "changeToLiabilities": -388554000, "changeToInventory": -72171000, "changeToOperatingActivities": 566752000, "totalCashFromOperatingActivities": 999933000, "capitalExpenditures": -253322000, "investments": 3571000, "otherCashflowsFromInvestingActivities": 13855000, "totalCashflowsFromInvestingActivities": -233074000, "dividendsPaid": -11946000, "netBorrowings": -345035000, "otherCashflowsFromFinancingActivities": -418602000, "totalCashFromFinancingActivities": -775583000, "changeInCash": -8724000}, {"maxAge": 1, "endDate": "2018-03-31", "netIncome": 144237000, "depreciation": 188115000, "changeToNetincome": 440537000, "changeToAccountReceivables": -85627000, "changeToLiabilities": 510733000, "changeToInventory": -120550000, "changeToOperatingActivities": -185884000, "totalCashFromOperatingActivities": 891561000, "capitalExpenditures": -330327000, "investments": -11680000, "otherCashflowsFromInvestingActivities": 10501000, "totalCashflowsFromInvestingActivities": -328506000, "dividendsPaid": -11946000, "netBorrowings": -134567000, "otherCashflowsFromFinancingActivities": -426998000, "totalCashFromFinancingActivities": -561565000, "changeInCash": 1490000}, {"maxAge": 1, "endDate": "2017-03-31", "netIncome": 65426444, "depreciation": 158809956, "changeToNetincome": 474497712, "changeToAccountReceivables": 197724378, "changeToLiabilities": 37058312, "changeToInventory": 26488848, "changeToOperatingActivities": -228213656, "totalCashFromOperatingActivities": 731865277, "capitalExpenditures": -989101710, "investments": -100000, "otherCashflowsFromInvestingActivities": 10738414, "totalCashflowsFromInvestingActivities": -978463296, "dividendsPaid": -11946000, "netBorrowings": 622529407, "otherCashflowsFromFinancingActivities": -373119561, "totalCashFromFinancingActivities": 249409846, "changeInCash": 2811827}], "maxAge": 86400}, "institutionOwnership": {"ownershipList": [], "maxAge": 1}, "majorHoldersBreakdown": {"maxAge": 1, "insidersPercentHeld": 0.57988, "institutionsPercentHeld": 0.0, "institutionsFloatPercentHeld": 0.0, "institutionsCount": 0}, "balanceSheetHistoryQuarterly": {"balanceSheetStatements": [{"maxAge": 1, "endDate": "2020-12-31", "totalStockholderEquity": 1814124000, "netTangibleAssets": 1814106000}, {"maxAge": 1, "endDate": "2020-09-30", "cash": 114415000, "shortTermInvestments": 8264000, "netReceivables": 1103902000, "inventory": 1969795000, "otherCurrentAssets": 252836000, "totalCurrentAssets": 3449212000, "longTermInvestments": 8534000, "propertyPlantEquipment": 3746814000, "intangibleAssets": 18000, "otherAssets": 140087000, "totalAssets": 7344665000, "accountsPayable": 1340803000, "otherCurrentLiab": 495511000, "longTermDebt": 1560078000, "otherLiab": 708667000, "totalCurrentLiabilities": 3261796000, "totalLiab": 5530541000, "commonStock": 119460000, "treasuryStock": 1694664000, "otherStockholderEquity": 1694664000, "totalStockholderEquity": 1814124000, "netTangibleAssets": 1814106000}, {"maxAge": 1, "endDate": "2020-06-30", "totalStockholderEquity": 1599946000, "netTangibleAssets": 1599928000}, {"maxAge": 1, "endDate": "2020-03-31", "cash": 38977000, "netReceivables": 1083603000, "inventory": 2076634000, "otherCurrentAssets": 419223000, "totalCurrentAssets": 3622382000, "longTermInvestments": 12121000, "propertyPlantEquipment": 3747710000, "intangibleAssets": 18000, "otherAssets": 139809000, "totalAssets": 7522040000, "accountsPayable": 1378294000, "shortLongTermDebt": 94190000, "otherCurrentLiab": 327283000, "longTermDebt": 1740144000, "otherLiab": 735676000, "totalCurrentLiabilities": 3444496000, "totalLiab": 5922094000, "commonStock": 119460000, "retainedEarnings": 1307895000, "treasuryStock": 172591000, "otherStockholderEquity": 172591000, "totalStockholderEquity": 1599946000, "netTangibleAssets": 1599928000}], "maxAge": 86400}, "indexTrend": {"maxAge": 1, "symbol": "SP5", "peRatio": 19.7411, "pegRatio": 1.34172, "estimates": [{"period": "0q", "growth": 0.549}, {"period": "+1q", "growth": 0.431}, {"period": "0y", "growth": 0.305}, {"period": "+1y", "growth": 0.109}, {"period": "+5y", "growth": 0.120865}, {"period": "-5y"}]}, "defaultKeyStatistics": {"maxAge": 1, "priceHint": 2, "enterpriseValue": 6880243712, "profitMargins": 0.04597, "floatShares": 1958248, "sharesOutstanding": 11946000, "heldPercentInsiders": 0.57988, "heldPercentInstitutions": 0.0, "beta": 1.994518, "category": null, "bookValue": 151.928, "priceToBook": 2.1753726, "fundFamily": null, "legalType": null, "lastFiscalYearEnd": "2020-03-31 05:30:00", "nextFiscalYearEnd": "2022-03-31 05:30:00", "mostRecentQuarter": "2020-12-31 05:30:00", "earningsQuarterlyGrowth": -0.272, "netIncomeToCommon": 286750016, "trailingEps": 24.008, "lastSplitFactor": null, "enterpriseToRevenue": 1.103, "enterpriseToEbitda": 10.118}, "summaryProfile": {"address1": "Plot No. C-23", "address2": "Road No. 8 Film Nagar Jubilee Hills", "city": "Hyderabad", "zip": "500033", "country": "India", "phone": "91 40 2339 6817", "fax": "91 40 2331 4158", "website": "http://www.vishnuchemicals.com", "industry": "Specialty Chemicals", "sector": "Basic Materials", "longBusinessSummary": "Vishnu Chemicals Limited manufactures and markets chromium chemicals in India. The company offers chrome chemicals, such as sodium dichromate, chromic acid, chrome oxide green, basic chromium sulphate, sodium sulphate, and potassium dichromate, as well as barium carbonate. It also provides custom synthesis, contract research, and contract manufacturing services. The company's products have various applications automobile, pharmaceutical, ceramics, glass, pigments and dyes, metallurgy, steel, and leather industries. It also exports its products to approximately 57 countries, including Asia, China, Europe, the United Kingdom, North America, South and Central America, Africa, and internationally. The company was founded in 1989 and is based in Hyderabad, India.", "fullTimeEmployees": 430, "companyOfficers": [], "maxAge": 86400}, "netSharePurchaseActivity": {"maxAge": 1, "period": "6m", "buyInfoCount": 0, "buyInfoShares": 0, "sellInfoCount": 0, "netInfoCount": 0, "netInfoShares": 0, "netPercentInsiderShares": 0.0, "totalInsiderShares": 6938038}, "insiderTransactions": {"transactions": [{"maxAge": 1, "shares": 3710, "value": 11400, "filerUrl": "", "transactionText": "Sale at price 3.07 per share.", "filerName": "Ramakrishna (T)", "filerRelation": "UNREPORTED", "moneyText": "", "startDate": "2020-12-31", "ownership": "D"}, {"maxAge": 1, "shares": 2490, "value": 7543, "filerUrl": "", "transactionText": "Sale at price 3.03 per share.", "filerName": "Ramakrishna (T)", "filerRelation": "UNREPORTED", "moneyText": "", "startDate": "2020-12-30", "ownership": "D"}], "maxAge": 1}, "quoteType": {"exchange": "NSI", "quoteType": "EQUITY", "symbol": "VISHNU.NS", "underlyingSymbol": "VISHNU.NS", "shortName": "VISHNU CHEMICALS L", "longName": "Vishnu Chemicals Limited", "firstTradeDateEpochUtc": "2015-03-05 09:15:00", "timeZoneFullName": "Asia/Kolkata", "timeZoneShortName": "IST", "uuid": "50e48aee-c1ad-3d37-b8fc-b597577f8142", "gmtOffSetMilliseconds": 19800000, "maxAge": 1}, "incomeStatementHistory": {"incomeStatementHistory": [{"maxAge": 1, "endDate": "2020-03-31", "totalRevenue": 6767251000, "costOfRevenue": 3846542000, "grossProfit": 2920709000, "researchDevelopment": {}, "sellingGeneralAdministrative": 453289000, "nonRecurring": {}, "otherOperatingExpenses": 1677896000, "totalOperatingExpenses": 6179628000, "operatingIncome": 587623000, "totalOtherIncomeExpenseNet": -284554000, "ebit": 587623000, "interestExpense": -273758000, "incomeBeforeTax": 303069000, "incomeTaxExpense": 80778000, "minorityInterest": {}, "netIncomeFromContinuingOps": 222291000, "discontinuedOperations": {}, "extraordinaryItems": {}, "effectOfAccountingCharges": {}, "otherItems": {}, "netIncome": 222291000, "netIncomeApplicableToCommonShares": 222291000}, {"maxAge": 1, "endDate": "2019-03-31", "totalRevenue": 7693864000, "costOfRevenue": 4365125000, "grossProfit": 3328739000, "researchDevelopment": {}, "sellingGeneralAdministrative": 445154000, "nonRecurring": {}, "otherOperatingExpenses": 1848270000, "totalOperatingExpenses": 6867220000, "operatingIncome": 826644000, "totalOtherIncomeExpenseNet": -451766000, "ebit": 826644000, "interestExpense": -330272000, "incomeBeforeTax": 374878000, "incomeTaxExpense": 131233000, "minorityInterest": {}, "netIncomeFromContinuingOps": 243645000, "discontinuedOperations": {}, "extraordinaryItems": {}, "effectOfAccountingCharges": {}, "otherItems": {}, "netIncome": 243645000, "netIncomeApplicableToCommonShares": 243645000}, {"maxAge": 1, "endDate": "2018-03-31", "totalRevenue": 6429670000, "costOfRevenue": 3871674000, "grossProfit": 2557996000, "researchDevelopment": {}, "sellingGeneralAdministrative": 386393000, "nonRecurring": {}, "otherOperatingExpenses": 1386421000, "totalOperatingExpenses": 5832603000, "operatingIncome": 597067000, "totalOtherIncomeExpenseNet": -376098000, "ebit": 597067000, "interestExpense": -340670000, "incomeBeforeTax": 220969000, "incomeTaxExpense": 76732000, "minorityInterest": {}, "netIncomeFromContinuingOps": 144237000, "discontinuedOperations": {}, "extraordinaryItems": {}, "effectOfAccountingCharges": {}, "otherItems": {}, "netIncome": 144237000, "netIncomeApplicableToCommonShares": 144237000}, {"maxAge": 1, "endDate": "2017-03-31", "totalRevenue": 5068621154, "costOfRevenue": 2307863510, "grossProfit": 2760757644, "researchDevelopment": {}, "sellingGeneralAdministrative": 351949904, "nonRecurring": {}, "otherOperatingExpenses": 1769200478, "totalOperatingExpenses": 4587897131, "operatingIncome": 480724023, "totalOtherIncomeExpenseNet": -345451887, "ebit": 480724023, "interestExpense": -351221340, "incomeBeforeTax": 135272136, "incomeTaxExpense": 69845692, "minorityInterest": {}, "netIncomeFromContinuingOps": 65426444, "discontinuedOperations": {}, "extraordinaryItems": {}, "effectOfAccountingCharges": {}, "otherItems": {}, "netIncome": 65426444, "netIncomeApplicableToCommonShares": 65426444}], "maxAge": 86400}, "fundOwnership": {"ownershipList": [], "maxAge": 1}, "summaryDetail": {"maxAge": 1, "priceHint": 2, "previousClose": 336.15, "open": 334.0, "dayLow": 322.55, "dayHigh": 344.0, "regularMarketPreviousClose": 336.15, "regularMarketOpen": 334.0, "regularMarketDayLow": 322.55, "regularMarketDayHigh": 344.0, "dividendRate": 1.0, "dividendYield": 0.0029, "exDividendDate": "2020-08-06 05:30:00", "payoutRatio": 0.0416, "beta": 1.994518, "trailingPE": 13.766245, "volume": 14978, "regularMarketVolume": 14978, "averageVolume": 26089, "averageVolume10days": 14491, "averageDailyVolume10Day": 14491, "bid": 0.0, "ask": 0.0, "bidSize": 0, "askSize": 0, "marketCap": 3911170048, "fiftyTwoWeekLow": 90.0, "fiftyTwoWeekHigh": 344.0, "priceToSalesTrailing12Months": 0.6270624, "fiftyDayAverage": 212.00882, "twoHundredDayAverage": 179.61916, "trailingAnnualDividendRate": 1.0, "trailingAnnualDividendYield": 0.0029748625, "currency": "INR", "fromCurrency": null, "lastMarket": null, "algorithm": null, "tradeable": false}, "incomeStatementHistoryQuarterly": {"incomeStatementHistory": [{"maxAge": 1, "endDate": "2020-12-31", "totalRevenue": 1337234000, "costOfRevenue": 915074000, "grossProfit": 422160000, "researchDevelopment": {}, "sellingGeneralAdministrative": 263823000, "nonRecurring": {}, "otherOperatingExpenses": 7249000, "totalOperatingExpenses": 1237482000, "operatingIncome": 99752000, "totalOtherIncomeExpenseNet": -56060000, "ebit": 99752000, "interestExpense": -59087000, "incomeBeforeTax": 43692000, "incomeTaxExpense": 6841000, "minorityInterest": {}, "netIncomeFromContinuingOps": 36851000, "discontinuedOperations": {}, "extraordinaryItems": {}, "effectOfAccountingCharges": {}, "otherItems": {}, "netIncome": 36851000, "netIncomeApplicableToCommonShares": 36851000}, {"maxAge": 1, "endDate": "2020-09-30", "totalRevenue": 1823379000, "costOfRevenue": 1322944000, "grossProfit": 500435000, "researchDevelopment": {}, "sellingGeneralAdministrative": 293850000, "nonRecurring": {}, "otherOperatingExpenses": 7501000, "totalOperatingExpenses": 1675177000, "operatingIncome": 148202000, "totalOtherIncomeExpenseNet": -57557000, "ebit": 148202000, "interestExpense": -61039000, "incomeBeforeTax": 90645000, "incomeTaxExpense": 16135000, "minorityInterest": {}, "netIncomeFromContinuingOps": 74510000, "discontinuedOperations": {}, "extraordinaryItems": {}, "effectOfAccountingCharges": {}, "otherItems": {}, "netIncome": 74510000, "netIncomeApplicableToCommonShares": 74510000}, {"maxAge": 1, "endDate": "2020-06-30", "totalRevenue": 1508946000, "costOfRevenue": 787059000, "grossProfit": 721887000, "researchDevelopment": {}, "sellingGeneralAdministrative": 77769000, "nonRecurring": {}, "otherOperatingExpenses": 466713000, "totalOperatingExpenses": 1382025000, "operatingIncome": 126921000, "totalOtherIncomeExpenseNet": -56429000, "ebit": 126921000, "interestExpense": -66803000, "incomeBeforeTax": 70492000, "incomeTaxExpense": -54387000, "minorityInterest": {}, "netIncomeFromContinuingOps": 124879000, "discontinuedOperations": {}, "extraordinaryItems": {}, "effectOfAccountingCharges": {}, "otherItems": {}, "netIncome": 124879000, "netIncomeApplicableToCommonShares": 124879000}, {"maxAge": 1, "endDate": "2020-03-31", "totalRevenue": 1567731000, "costOfRevenue": 864132000, "grossProfit": 703599000, "researchDevelopment": {}, "sellingGeneralAdministrative": 207017000, "nonRecurring": {}, "otherOperatingExpenses": 337997000, "totalOperatingExpenses": 1459493000, "operatingIncome": 108238000, "totalOtherIncomeExpenseNet": -43180000, "ebit": 108238000, "interestExpense": -1905000, "incomeBeforeTax": 65058000, "incomeTaxExpense": 14549000, "minorityInterest": {}, "netIncomeFromContinuingOps": 50509000, "discontinuedOperations": {}, "extraordinaryItems": {}, "effectOfAccountingCharges": {}, "otherItems": {}, "netIncome": 50509000, "netIncomeApplicableToCommonShares": 50509000}], "maxAge": 86400}, "cashflowStatementHistoryQuarterly": {"cashflowStatements": [{"maxAge": 1, "endDate": "2020-12-31", "netIncome": 36851000, "changeToLiabilities": 0}, {"maxAge": 1, "endDate": "2020-09-30", "netIncome": 74510000, "changeToLiabilities": 0}, {"maxAge": 1, "endDate": "2020-06-30", "netIncome": 124879000, "changeToLiabilities": 0}, {"maxAge": 1, "endDate": "2020-03-31", "netIncome": 50509000, "changeToLiabilities": 0}], "maxAge": 86400}, "insiderHolders": {"holders": [{"maxAge": 1, "name": "Ramakrishna (T)", "relation": "UNREPORTED", "url": "", "transactionDescription": "Sale", "latestTransDate": "2020-12-31", "positionDirect": 555, "positionDirectDate": "2020-12-31"}], "maxAge": 1}, "calendarEvents": {"maxAge": 1, "earnings": {"earningsDate": []}, "exDividendDate": "2020-08-06 05:30:00"}, "upgradeDowngradeHistory": {"history": [], "maxAge": 86400}, "price": {"maxAge": 1, "regularMarketChangePercent": -0.016807955, "regularMarketChange": -5.649994, "regularMarketTime": "2021-04-30 15:29:21", "priceHint": 2, "regularMarketPrice": 330.5, "regularMarketDayHigh": 344.0, "regularMarketDayLow": 322.55, "regularMarketVolume": 14978, "averageDailyVolume10Day": 14491, "averageDailyVolume3Month": 26089, "regularMarketPreviousClose": 336.15, "regularMarketSource": "FREE_REALTIME", "regularMarketOpen": 334.0, "exchange": "NSI", "exchangeName": "NSE", "exchangeDataDelayedBy": 15, "marketState": "CLOSED", "quoteType": "EQUITY", "symbol": "VISHNU.NS", "underlyingSymbol": null, "shortName": "VISHNU CHEMICALS L", "longName": "Vishnu Chemicals Limited", "currency": "INR", "quoteSourceName": "Delayed Quote", "currencySymbol": "\u20b9", "fromCurrency": null, "lastMarket": null, "marketCap": 3911170048}, "balanceSheetHistory": {"balanceSheetStatements": [{"maxAge": 1, "endDate": "2020-03-31", "cash": 38977000, "netReceivables": 1083603000, "inventory": 2076634000, "otherCurrentAssets": 419223000, "totalCurrentAssets": 3622382000, "longTermInvestments": 12121000, "propertyPlantEquipment": 3747710000, "intangibleAssets": 18000, "otherAssets": 139809000, "totalAssets": 7522040000, "accountsPayable": 1378294000, "shortLongTermDebt": 94190000, "otherCurrentLiab": 327283000, "longTermDebt": 1740144000, "otherLiab": 735676000, "totalCurrentLiabilities": 3444496000, "totalLiab": 5922094000, "commonStock": 119460000, "retainedEarnings": 1307895000, "treasuryStock": 172591000, "otherStockholderEquity": 172591000, "totalStockholderEquity": 1599946000, "netTangibleAssets": 1599928000}, {"maxAge": 1, "endDate": "2019-03-31", "cash": 3156000, "netReceivables": 1343489000, "inventory": 1894586000, "otherCurrentAssets": 479600000, "totalCurrentAssets": 3723553000, "longTermInvestments": 12427000, "propertyPlantEquipment": 3689241000, "intangibleAssets": 18000, "otherAssets": 143312000, "totalAssets": 7568551000, "accountsPayable": 1389260000, "shortLongTermDebt": 166750000, "otherCurrentLiab": 338424000, "longTermDebt": 1708450000, "otherLiab": 772442000, "totalCurrentLiabilities": 3651641000, "totalLiab": 6144527000, "commonStock": 119460000, "retainedEarnings": 1100006000, "treasuryStock": 204558000, "otherStockholderEquity": 204558000, "totalStockholderEquity": 1424024000, "netTangibleAssets": 1424006000}, {"maxAge": 1, "endDate": "2018-03-31", "cash": 11880000, "shortTermInvestments": 12173000, "netReceivables": 1449902000, "inventory": 1823302000, "otherCurrentAssets": 709667000, "totalCurrentAssets": 4010742000, "longTermInvestments": 2795000, "propertyPlantEquipment": 3655251000, "intangibleAssets": 142000, "otherAssets": 147347000, "totalAssets": 7816277000, "accountsPayable": 1781044000, "shortLongTermDebt": 214717000, "otherCurrentLiab": 310081000, "longTermDebt": 1700611000, "otherLiab": 763383000, "totalCurrentLiabilities": 4231208000, "totalLiab": 6703047000, "commonStock": 119460000, "retainedEarnings": 65952000, "treasuryStock": 927818000, "otherStockholderEquity": 927818000, "totalStockholderEquity": 1113230000, "netTangibleAssets": 1113088000}, {"maxAge": 1, "endDate": "2017-03-31", "cash": 10390390, "netReceivables": 986959855, "inventory": 1702752733, "otherCurrentAssets": 528676390, "totalCurrentAssets": 3234396404, "longTermInvestments": 5851736, "propertyPlantEquipment": 3514115242, "intangibleAssets": 281083, "otherAssets": 181829428, "totalAssets": 6936473893, "accountsPayable": 1270310905, "shortLongTermDebt": 238783335, "otherCurrentLiab": 645995033, "longTermDebt": 1216417771, "otherLiab": 668779237, "totalCurrentLiabilities": 4078645536, "totalLiab": 5967120103, "commonStock": 119460200, "retainedEarnings": 723298046, "treasuryStock": 126595544, "otherStockholderEquity": 126595544, "totalStockholderEquity": 969353790, "netTangibleAssets": 969072707}], "maxAge": 86400}, "financialData": {"maxAge": 86400, "currentPrice": 330.5, "recommendationKey": "none", "totalCash": 122679000, "totalCashPerShare": 10.253, "ebitda": 680026496, "totalDebt": 2981018880, "totalRevenue": 6237289984, "debtToEquity": 164.323, "revenuePerShare": 522.204, "grossProfits": 2920709000, "earningsGrowth": -0.274, "revenueGrowth": -0.193, "grossMargins": 0.45156, "ebitdaMargins": 0.10902, "operatingMargins": 0.07746, "profitMargins": 0.04597, "financialCurrency": "INR"}}}