{"VISHWARAJ.NS": {"assetProfile": {"address1": "Bellad Bagewadi", "address2": "Taluka Hukkeri", "city": "Belgaum", "zip": "591305", "country": "India", "phone": "91 83 3325 1251", "fax": "91 83 3326 7211", "website": "http://www.vsil.co.in", "industry": "Confectioners", "sector": "Consumer Defensive", "longBusinessSummary": "Vishwaraj Sugar Industries Limited manufactures and sells sugar and other related products in India. The company operates through five segments: Sugar, Co-Generation, Distillery, Indian Made Liquor, and Vinegar. It also produces distillery products, including ethanol, and rectified and extra-neutral spirits; and bagasse, molasses, brewed vinegar, compost, press-mud, carbon dioxide, etc., as well as blends and bottles Indian made liquor. In addition, the company is involved in the co-generation of electricity with an installed capacity of 36.4 MW. It sells its whiskey products under the Our Choice, Your Choice, District-1, and VSL Black brand names. The company was formerly known as Vishwanath Sugar and Steel Industries Limited and changed its name to Vishwaraj Sugar Industries Limited in December 2012. Vishwaraj Sugar Industries Limited was incorporated in 1995 and is based in Belgaum, India.", "fullTimeEmployees": 850, "companyOfficers": [{"maxAge": 1, "name": "Mr. Nikhil Umesh Katti", "age": 36, "title": "MD & Director", "yearBorn": 1984, "fiscalYear": 2020, "totalPay": 3600000, "exercisedValue": 0, "unexercisedValue": 0}, {"maxAge": 1, "name": "Mr. Sheshagiri  Kulkarni", "age": 40, "title": "Chief Financial Officer", "yearBorn": 1980, "exercisedValue": 0, "unexercisedValue": 0}, {"maxAge": 1, "name": "Mr. Mallikarjun K. Pujar", "age": 57, "title": "Chief Admin. Officer", "yearBorn": 1963, "exercisedValue": 0, "unexercisedValue": 0}, {"maxAge": 1, "name": "Mr. Mukesh  Kumar", "age": 56, "title": "Whole-time Director", "yearBorn": 1964, "fiscalYear": 2020, "totalPay": 2700000, "exercisedValue": 0, "unexercisedValue": 0}, {"maxAge": 1, "name": "Mr. Lava Ramesh Katti", "age": 32, "title": "Whole-time Director", "yearBorn": 1988, "fiscalYear": 2020, "totalPay": 2400000, "exercisedValue": 0, "unexercisedValue": 0}, {"maxAge": 1, "name": "Mr. Kush Ramesh Katti", "age": 32, "title": "Whole-time Director", "yearBorn": 1988, "fiscalYear": 2020, "totalPay": 2400000, "exercisedValue": 0, "unexercisedValue": 0}, {"maxAge": 1, "name": "Ms. Priya Manoj Dedhia", "title": "Company Sec. & Compliance Officer", "exercisedValue": 0, "unexercisedValue": 0}, {"maxAge": 1, "name": "Mr. Sivanand M. Katti", "age": 54, "title": "Chief Electrical Engineer", "yearBorn": 1966, "exercisedValue": 0, "unexercisedValue": 0}], "compensationAsOfEpochDate": "2020-12-31 05:30:00", "maxAge": 86400}, "cashflowStatementHistory": {"cashflowStatements": [{"maxAge": 1, "endDate": "2020-03-31", "netIncome": -78806000, "depreciation": 145716000, "changeToNetincome": 329612000, "changeToAccountReceivables": 130997000, "changeToLiabilities": -506014000, "changeToInventory": 339950000, "changeToOperatingActivities": 128161000, "totalCashFromOperatingActivities": 489616000, "capitalExpenditures": -276070000, "investments": -2250000, "otherCashflowsFromInvestingActivities": 446000, "totalCashflowsFromInvestingActivities": -273868000, "netBorrowings": 80205000, "otherCashflowsFromFinancingActivities": -417389000, "totalCashFromFinancingActivities": -157184000, "changeInCash": 58564000, "issuanceOfStock": 180000000}, {"maxAge": 1, "endDate": "2019-03-31", "netIncome": -176199000, "depreciation": 133428000, "changeToNetincome": 306768000, "changeToAccountReceivables": -44781000, "changeToLiabilities": 858551000, "changeToInventory": -627742000, "changeToOperatingActivities": -199398000, "totalCashFromOperatingActivities": 250627000, "capitalExpenditures": -191659000, "investments": -5500000, "otherCashflowsFromInvestingActivities": 342000, "totalCashflowsFromInvestingActivities": -184734000, "netBorrowings": 241539000, "otherCashflowsFromFinancingActivities": -363569000, "totalCashFromFinancingActivities": -122030000, "changeInCash": -56137000, "issuanceOfStock": 180000000}, {"maxAge": 1, "endDate": "2018-03-31", "netIncome": -42667000, "depreciation": 131996000, "changeToNetincome": 219497000, "changeToAccountReceivables": 104734000, "changeToLiabilities": 125203000, "changeToInventory": -795736000, "changeToOperatingActivities": -288994000, "totalCashFromOperatingActivities": -545967000, "capitalExpenditures": -61249000, "investments": -1526000, "otherCashflowsFromInvestingActivities": 340000, "totalCashflowsFromInvestingActivities": -62167000, "netBorrowings": 763848000, "otherCashflowsFromFinancingActivities": -208505000, "totalCashFromFinancingActivities": 555343000, "changeInCash": -52791000, "issuanceOfStock": 180000000}, {"maxAge": 1, "endDate": "2017-03-31", "netIncome": 60625000, "depreciation": 115347000, "changeToNetincome": 278799000, "changeToAccountReceivables": -257821000, "changeToLiabilities": -125989000, "changeToInventory": 624673000, "changeToOperatingActivities": -78637000, "totalCashFromOperatingActivities": 616997000, "capitalExpenditures": -454207000, "investments": -33000, "otherCashflowsFromInvestingActivities": 430000, "totalCashflowsFromInvestingActivities": -451622000, "dividendsPaid": -10252000, "netBorrowings": -295111000, "otherCashflowsFromFinancingActivities": -249140000, "totalCashFromFinancingActivities": -554503000, "changeInCash": -389129000, "issuanceOfStock": 180000000}], "maxAge": 86400}, "institutionOwnership": {"ownershipList": [], "maxAge": 1}, "majorHoldersBreakdown": {"maxAge": 1, "insidersPercentHeld": 0.52913, "institutionsPercentHeld": 0.026630001, "institutionsFloatPercentHeld": 0.056550004, "institutionsCount": 1}, "balanceSheetHistoryQuarterly": {"balanceSheetStatements": [{"maxAge": 1, "endDate": "2020-12-31", "cash": 22062000, "netReceivables": 445436000, "inventory": 3033371000, "otherCurrentAssets": 885974000, "totalCurrentAssets": 4386843000, "longTermInvestments": 13074000, "propertyPlantEquipment": 2826255000, "otherAssets": 50465000, "totalAssets": 7276637000, "accountsPayable": 1610976000, "otherCurrentLiab": 396218000, "longTermDebt": 854211000, "otherLiab": 9573000, "totalCurrentLiabilities": 4152880000, "totalLiab": 5016664000, "commonStock": 375560000, "treasuryStock": 1884413000, "otherStockholderEquity": 1884413000, "totalStockholderEquity": 2259973000, "netTangibleAssets": 2259973000}, {"maxAge": 1, "endDate": "2020-09-30", "cash": 65342000, "shortTermInvestments": 2110000, "netReceivables": 237917000, "inventory": 1261662000, "otherCurrentAssets": 923555000, "totalCurrentAssets": 2490586000, "longTermInvestments": 13074000, "propertyPlantEquipment": 2825111000, "otherAssets": 50413000, "totalAssets": 5379184000, "accountsPayable": 92277000, "otherCurrentLiab": 407336000, "longTermDebt": 1077779000, "otherLiab": 9573000, "totalCurrentLiabilities": 2334270000, "totalLiab": 3421622000, "commonStock": 375560000, "treasuryStock": 1582002000, "otherStockholderEquity": 1582002000, "totalStockholderEquity": 1957562000, "netTangibleAssets": 1957562000}, {"maxAge": 1, "endDate": "2020-06-30", "cash": 24073000, "shortTermInvestments": 2110000, "netReceivables": 268563000, "inventory": 1857181000, "otherCurrentAssets": 595923000, "totalCurrentAssets": 2747850000, "longTermInvestments": 13074000, "propertyPlantEquipment": 2851130000, "otherAssets": 50412000, "totalAssets": 5662466000, "accountsPayable": 102101000, "otherCurrentLiab": 434063000, "longTermDebt": 1077088000, "otherLiab": 9572000, "totalCurrentLiabilities": 2499271000, "totalLiab": 3585931000, "commonStock": 375560000, "treasuryStock": 1700975000, "otherStockholderEquity": 1700975000, "totalStockholderEquity": 2076535000, "netTangibleAssets": 2076535000}, {"maxAge": 1, "endDate": "2020-03-31", "cash": 74499000, "shortTermInvestments": 2210000, "netReceivables": 252590000, "inventory": 2903512000, "otherCurrentAssets": 530135000, "totalCurrentAssets": 3762946000, "longTermInvestments": 13074000, "propertyPlantEquipment": 2883726000, "otherAssets": 60500000, "deferredLongTermAssetCharges": 10088000, "totalAssets": 6720246000, "accountsPayable": 621175000, "shortLongTermDebt": 150589000, "otherCurrentLiab": 122081000, "longTermDebt": 926629000, "otherLiab": 19661000, "totalCurrentLiabilities": 3555698000, "totalLiab": 4501988000, "commonStock": 375560000, "retainedEarnings": 1535008000, "treasuryStock": 11051000, "capitalSurplus": 296639000, "otherStockholderEquity": 11051000, "totalStockholderEquity": 2218258000, "netTangibleAssets": 2218258000}], "maxAge": 86400}, "indexTrend": {"maxAge": 1, "symbol": "SP5", "peRatio": 19.7411, "pegRatio": 1.34172, "estimates": [{"period": "0q", "growth": 0.549}, {"period": "+1q", "growth": 0.431}, {"period": "0y", "growth": 0.305}, {"period": "+1y", "growth": 0.109}, {"period": "+5y", "growth": 0.120865}, {"period": "-5y"}]}, "defaultKeyStatistics": {"maxAge": 1, "priceHint": 2, "enterpriseValue": 7288251904, "profitMargins": 0.04521, "floatShares": 18824692, "sharesOutstanding": 37556000, "heldPercentInsiders": 0.52913, "heldPercentInstitutions": 0.026630001, "category": null, "bookValue": 60.162, "priceToBook": 1.9115057, "fundFamily": null, "legalType": null, "lastFiscalYearEnd": "2020-03-31 05:30:00", "nextFiscalYearEnd": "2022-03-31 05:30:00", "mostRecentQuarter": "2020-12-31 05:30:00", "earningsQuarterlyGrowth": 1.619, "netIncomeToCommon": 169246000, "trailingEps": 4.707, "lastSplitFactor": null, "enterpriseToRevenue": 1.947, "enterpriseToEbitda": 12.16}, "summaryProfile": {"address1": "Bellad Bagewadi", "address2": "Taluka Hukkeri", "city": "Belgaum", "zip": "591305", "country": "India", "phone": "91 83 3325 1251", "fax": "91 83 3326 7211", "website": "http://www.vsil.co.in", "industry": "Confectioners", "sector": "Consumer Defensive", "longBusinessSummary": "Vishwaraj Sugar Industries Limited manufactures and sells sugar and other related products in India. The company operates through five segments: Sugar, Co-Generation, Distillery, Indian Made Liquor, and Vinegar. It also produces distillery products, including ethanol, and rectified and extra-neutral spirits; and bagasse, molasses, brewed vinegar, compost, press-mud, carbon dioxide, etc., as well as blends and bottles Indian made liquor. In addition, the company is involved in the co-generation of electricity with an installed capacity of 36.4 MW. It sells its whiskey products under the Our Choice, Your Choice, District-1, and VSL Black brand names. The company was formerly known as Vishwanath Sugar and Steel Industries Limited and changed its name to Vishwaraj Sugar Industries Limited in December 2012. Vishwaraj Sugar Industries Limited was incorporated in 1995 and is based in Belgaum, India.", "fullTimeEmployees": 850, "companyOfficers": [], "maxAge": 86400}, "netSharePurchaseActivity": {"maxAge": 1, "period": "6m", "buyInfoCount": 0, "buyInfoShares": 0, "sellInfoCount": 0, "netInfoCount": 0, "netInfoShares": 0, "netPercentInsiderShares": 0.0, "totalInsiderShares": 19876496}, "quoteType": {"exchange": "NSI", "quoteType": "EQUITY", "symbol": "VISHWARAJ.NS", "underlyingSymbol": "VISHWARAJ.NS", "shortName": "Vishwaraj Sugar Ind Ltd", "longName": "Vishwaraj Sugar Industries Limited", "firstTradeDateEpochUtc": "2019-10-15 09:15:00", "timeZoneFullName": "Asia/Kolkata", "timeZoneShortName": "IST", "uuid": "f7ca0436-fecf-3951-a9dc-38f09aeaa9ef", "gmtOffSetMilliseconds": 19800000, "maxAge": 1}, "incomeStatementHistory": {"incomeStatementHistory": [{"maxAge": 1, "endDate": "2020-03-31", "totalRevenue": 3767360000, "costOfRevenue": 3049778000, "grossProfit": 717582000, "researchDevelopment": {}, "sellingGeneralAdministrative": 140731000, "nonRecurring": {}, "otherOperatingExpenses": 191509000, "totalOperatingExpenses": 3527734000, "operatingIncome": 239626000, "totalOtherIncomeExpenseNet": -405041000, "ebit": 239626000, "interestExpense": -403040000, "incomeBeforeTax": -165415000, "incomeTaxExpense": -86609000, "minorityInterest": {}, "netIncomeFromContinuingOps": -78806000, "discontinuedOperations": {}, "extraordinaryItems": {}, "effectOfAccountingCharges": {}, "otherItems": {}, "netIncome": -78806000, "netIncomeApplicableToCommonShares": -78804000}, {"maxAge": 1, "endDate": "2019-03-31", "totalRevenue": 3067958000, "costOfRevenue": 2548835000, "grossProfit": 519123000, "researchDevelopment": {}, "sellingGeneralAdministrative": 152960000, "nonRecurring": {}, "otherOperatingExpenses": 107006000, "totalOperatingExpenses": 2942229000, "operatingIncome": 125729000, "totalOtherIncomeExpenseNet": -364600000, "ebit": 125729000, "interestExpense": -350106000, "incomeBeforeTax": -238871000, "incomeTaxExpense": -62672000, "minorityInterest": {}, "netIncomeFromContinuingOps": -176199000, "discontinuedOperations": {}, "extraordinaryItems": {}, "effectOfAccountingCharges": {}, "otherItems": {}, "netIncome": -176199000, "netIncomeApplicableToCommonShares": -176199000}, {"maxAge": 1, "endDate": "2018-03-31", "totalRevenue": 2218135000, "costOfRevenue": 1722665000, "grossProfit": 495470000, "researchDevelopment": {}, "sellingGeneralAdministrative": 147019000, "nonRecurring": {}, "otherOperatingExpenses": 111237000, "totalOperatingExpenses": 2112917000, "operatingIncome": 105218000, "totalOtherIncomeExpenseNet": -113839000, "ebit": 105218000, "interestExpense": -194710000, "incomeBeforeTax": -8621000, "incomeTaxExpense": 34046000, "minorityInterest": {}, "netIncomeFromContinuingOps": -42667000, "discontinuedOperations": {}, "extraordinaryItems": {}, "effectOfAccountingCharges": {}, "otherItems": {}, "netIncome": -42667000, "netIncomeApplicableToCommonShares": -42667000}, {"maxAge": 1, "endDate": "2017-03-31", "totalRevenue": 2840346000, "costOfRevenue": 2148770000, "grossProfit": 691576000, "researchDevelopment": {}, "sellingGeneralAdministrative": 148049000, "nonRecurring": {}, "otherOperatingExpenses": 83192000, "totalOperatingExpenses": 2495358000, "operatingIncome": 344988000, "totalOtherIncomeExpenseNet": -240454000, "ebit": 344988000, "interestExpense": -240697000, "incomeBeforeTax": 104534000, "incomeTaxExpense": 43909000, "minorityInterest": {}, "netIncomeFromContinuingOps": 60625000, "discontinuedOperations": {}, "extraordinaryItems": {}, "effectOfAccountingCharges": {}, "otherItems": {}, "netIncome": 60625000, "netIncomeApplicableToCommonShares": 60625000}], "maxAge": 86400}, "fundOwnership": {"ownershipList": [], "maxAge": 1}, "summaryDetail": {"maxAge": 1, "priceHint": 2, "previousClose": 113.5, "open": 114.75, "dayLow": 110.95, "dayHigh": 120.25, "regularMarketPreviousClose": 113.5, "regularMarketOpen": 114.75, "regularMarketDayLow": 110.95, "regularMarketDayHigh": 120.25, "payoutRatio": 0.0, "trailingPE": 24.431698, "volume": 85006, "regularMarketVolume": 85006, "averageVolume": 95493, "averageVolume10days": 119357, "averageDailyVolume10Day": 119357, "bid": 0.0, "ask": 0.0, "marketCap": 4303713792, "fiftyTwoWeekLow": 61.0, "fiftyTwoWeekHigh": 169.7, "priceToSalesTrailing12Months": 1.149767, "fiftyDayAverage": 130.85735, "twoHundredDayAverage": 121.684395, "currency": "INR", "fromCurrency": null, "lastMarket": null, "algorithm": null, "tradeable": false}, "incomeStatementHistoryQuarterly": {"incomeStatementHistory": [{"maxAge": 1, "endDate": "2020-12-31", "totalRevenue": 827533000, "costOfRevenue": 311834000, "grossProfit": 515699000, "researchDevelopment": {}, "sellingGeneralAdministrative": 48300000, "nonRecurring": {}, "otherOperatingExpenses": 33123000, "totalOperatingExpenses": 428604000, "operatingIncome": 398929000, "totalOtherIncomeExpenseNet": -85923000, "ebit": 398929000, "interestExpense": -86333000, "incomeBeforeTax": 313006000, "incomeTaxExpense": 8358000, "minorityInterest": {}, "netIncomeFromContinuingOps": 304648000, "discontinuedOperations": {}, "extraordinaryItems": {}, "effectOfAccountingCharges": {}, "otherItems": {}, "netIncome": 304648000, "netIncomeApplicableToCommonShares": 304648000}, {"maxAge": 1, "endDate": "2020-09-30", "totalRevenue": 699891000, "costOfRevenue": 655459000, "grossProfit": 44432000, "researchDevelopment": {}, "sellingGeneralAdministrative": 24075000, "nonRecurring": {}, "otherOperatingExpenses": 17554000, "totalOperatingExpenses": 732574000, "operatingIncome": -32683000, "totalOtherIncomeExpenseNet": -85632000, "ebit": -32683000, "interestExpense": -85731000, "incomeBeforeTax": -118315000, "incomeTaxExpense": 0, "minorityInterest": {}, "netIncomeFromContinuingOps": -118315000, "discontinuedOperations": {}, "extraordinaryItems": {}, "effectOfAccountingCharges": {}, "otherItems": {}, "netIncome": -118315000, "netIncomeApplicableToCommonShares": -118315000}, {"maxAge": 1, "endDate": "2020-06-30", "totalRevenue": 1119950000, "costOfRevenue": 1098444000, "grossProfit": 21506000, "researchDevelopment": {}, "sellingGeneralAdministrative": 18467000, "nonRecurring": {}, "otherOperatingExpenses": 15322000, "totalOperatingExpenses": 1168320000, "operatingIncome": -48370000, "totalOtherIncomeExpenseNet": -93354000, "ebit": -48370000, "interestExpense": -93531000, "incomeBeforeTax": -141724000, "incomeTaxExpense": 0, "minorityInterest": {}, "netIncomeFromContinuingOps": -141724000, "discontinuedOperations": {}, "extraordinaryItems": {}, "effectOfAccountingCharges": {}, "otherItems": {}, "netIncome": -141724000, "netIncomeApplicableToCommonShares": -141724000}, {"maxAge": 1, "endDate": "2020-03-31", "totalRevenue": 1095744000, "costOfRevenue": 832085000, "grossProfit": 263659000, "researchDevelopment": {}, "sellingGeneralAdministrative": 48644000, "nonRecurring": {}, "otherOperatingExpenses": 40469000, "totalOperatingExpenses": 958594000, "operatingIncome": 137150000, "totalOtherIncomeExpenseNet": -96229000, "ebit": 137150000, "interestExpense": -92798000, "incomeBeforeTax": 40921000, "incomeTaxExpense": -86609000, "minorityInterest": {}, "netIncomeFromContinuingOps": 127530000, "discontinuedOperations": {}, "extraordinaryItems": {}, "effectOfAccountingCharges": {}, "otherItems": {}, "netIncome": 127530000, "netIncomeApplicableToCommonShares": 127532000}], "maxAge": 86400}, "cashflowStatementHistoryQuarterly": {"cashflowStatements": [{"maxAge": 1, "endDate": "2020-12-31", "netIncome": 304648000, "depreciation": 37585000, "changeToNetincome": 94690000, "changeToAccountReceivables": -207519000, "changeToLiabilities": 1518699000, "changeToInventory": -1771709000, "changeToOperatingActivities": -31454000, "totalCashFromOperatingActivities": -57297000, "capitalExpenditures": -38728000, "totalCashflowsFromInvestingActivities": -38728000, "netBorrowings": 139078000, "otherCashflowsFromFinancingActivities": -86333000, "totalCashFromFinancingActivities": 52745000, "changeInCash": -43280000}, {"maxAge": 1, "endDate": "2020-09-30", "netIncome": -118315000, "depreciation": 36143000, "changeToNetincome": 85441000, "changeToAccountReceivables": 30647000, "changeToLiabilities": -9824000, "changeToInventory": 595519000, "changeToOperatingActivities": -354362000, "totalCashFromOperatingActivities": 264591000, "capitalExpenditures": -11968000, "totalCashflowsFromInvestingActivities": -9833000, "netBorrowings": -127758000, "otherCashflowsFromFinancingActivities": -85731000, "totalCashFromFinancingActivities": -213489000, "changeInCash": 41269000}, {"maxAge": 1, "endDate": "2020-06-30", "netIncome": -141724000, "depreciation": 36087000, "changeToNetincome": 93529000, "changeToAccountReceivables": -15974000, "changeToLiabilities": -519074000, "changeToInventory": 1046331000, "changeToOperatingActivities": -25985000, "totalCashFromOperatingActivities": 473190000, "capitalExpenditures": -3492000, "totalCashflowsFromInvestingActivities": -3492000, "netBorrowings": -429094000, "otherCashflowsFromFinancingActivities": -93530000, "totalCashFromFinancingActivities": -522624000, "changeInCash": -52926000}, {"maxAge": 1, "endDate": "2020-03-31", "netIncome": 127530000, "depreciation": 37396000, "changeToNetincome": 20091000, "changeToAccountReceivables": 238606000, "changeToLiabilities": -517381000, "changeToInventory": -191787000, "changeToOperatingActivities": 398462000, "totalCashFromOperatingActivities": 112917000, "capitalExpenditures": -29989000, "otherCashflowsFromInvestingActivities": 446000, "totalCashflowsFromInvestingActivities": -29543000, "netBorrowings": 78616000, "otherCashflowsFromFinancingActivities": -107147000, "totalCashFromFinancingActivities": -28531000, "changeInCash": 54843000}], "maxAge": 86400}, "insiderHolders": {"holders": [], "maxAge": 1}, "calendarEvents": {"maxAge": 1, "earnings": {"earningsDate": []}}, "upgradeDowngradeHistory": {"history": [], "maxAge": 86400}, "price": {"maxAge": 1, "regularMarketChangePercent": 0.0132158585, "regularMarketChange": 1.5, "regularMarketTime": "2021-04-30 15:29:30", "priceHint": 2, "regularMarketPrice": 115.0, "regularMarketDayHigh": 120.25, "regularMarketDayLow": 110.95, "regularMarketVolume": 85006, "averageDailyVolume10Day": 119357, "averageDailyVolume3Month": 95493, "regularMarketPreviousClose": 113.5, "regularMarketSource": "FREE_REALTIME", "regularMarketOpen": 114.75, "exchange": "NSI", "exchangeName": "NSE", "exchangeDataDelayedBy": 15, "marketState": "CLOSED", "quoteType": "EQUITY", "symbol": "VISHWARAJ.NS", "underlyingSymbol": null, "shortName": "Vishwaraj Sugar Ind Ltd", "longName": "Vishwaraj Sugar Industries Limited", "currency": "INR", "quoteSourceName": "Delayed Quote", "currencySymbol": "\u20b9", "fromCurrency": null, "lastMarket": null, "marketCap": 4303713792}, "balanceSheetHistory": {"balanceSheetStatements": [{"maxAge": 1, "endDate": "2020-03-31", "cash": 74499000, "shortTermInvestments": 2210000, "netReceivables": 252590000, "inventory": 2903512000, "otherCurrentAssets": 530135000, "totalCurrentAssets": 3762946000, "longTermInvestments": 13074000, "propertyPlantEquipment": 2883726000, "otherAssets": 60500000, "deferredLongTermAssetCharges": 10088000, "totalAssets": 6720246000, "accountsPayable": 621175000, "shortLongTermDebt": 150589000, "otherCurrentLiab": 122081000, "longTermDebt": 926629000, "otherLiab": 19661000, "totalCurrentLiabilities": 3555698000, "totalLiab": 4501988000, "commonStock": 375560000, "retainedEarnings": 1535008000, "treasuryStock": 11051000, "capitalSurplus": 296639000, "otherStockholderEquity": 11051000, "totalStockholderEquity": 2218258000, "netTangibleAssets": 2218258000}, {"maxAge": 1, "endDate": "2019-03-31", "cash": 16935000, "shortTermInvestments": 447000, "netReceivables": 383587000, "inventory": 3243462000, "otherCurrentAssets": 762126000, "totalCurrentAssets": 4406557000, "longTermInvestments": 10824000, "propertyPlantEquipment": 2756656000, "otherAssets": 21459000, "totalAssets": 7195496000, "accountsPayable": 1127189000, "shortLongTermDebt": 195232000, "otherCurrentLiab": 186324000, "longTermDebt": 654143000, "otherLiab": 94787000, "totalCurrentLiabilities": 4331597000, "totalLiab": 5080527000, "commonStock": 345560000, "retainedEarnings": 1613814000, "treasuryStock": 8956000, "capitalSurplus": 146639000, "otherStockholderEquity": 8956000, "totalStockholderEquity": 2114969000, "netTangibleAssets": 2114969000}, {"maxAge": 1, "endDate": "2018-03-31", "cash": 67102000, "shortTermInvestments": 461000, "netReceivables": 338806000, "inventory": 2615720000, "otherCurrentAssets": 474225000, "totalCurrentAssets": 3496314000, "longTermInvestments": 5324000, "propertyPlantEquipment": 2718880000, "otherAssets": 21345000, "totalAssets": 6241863000, "accountsPayable": 268639000, "shortLongTermDebt": 129547000, "otherCurrentLiab": 120098000, "longTermDebt": 370079000, "otherLiab": 155990000, "totalCurrentLiabilities": 3426999000, "totalLiab": 3953068000, "commonStock": 345560000, "retainedEarnings": 1792499000, "treasuryStock": 4097000, "capitalSurplus": 146639000, "otherStockholderEquity": 4097000, "totalStockholderEquity": 2288795000, "netTangibleAssets": 2288795000}, {"maxAge": 1, "endDate": "2017-03-31", "cash": 124207000, "shortTermInvestments": 1552000, "netReceivables": 443539000, "inventory": 1819984000, "otherCurrentAssets": 222231000, "totalCurrentAssets": 2611513000, "longTermInvestments": 3798000, "propertyPlantEquipment": 2790399000, "otherAssets": 26289000, "totalAssets": 5431999000, "accountsPayable": 143436000, "shortLongTermDebt": 115993000, "otherCurrentLiab": 197988000, "longTermDebt": 99946000, "otherLiab": 126729000, "totalCurrentLiabilities": 2880445000, "totalLiab": 3107120000, "commonStock": 345560000, "retainedEarnings": 1835165000, "treasuryStock": -2485000, "capitalSurplus": 146639000, "otherStockholderEquity": -2485000, "totalStockholderEquity": 2324879000, "netTangibleAssets": 2324879000}], "maxAge": 86400}, "financialData": {"maxAge": 86400, "currentPrice": 115.0, "recommendationKey": "none", "totalCash": 22062000, "totalCashPerShare": 0.587, "ebitda": 599340032, "totalDebt": 2990397952, "quickRatio": 0.113, "currentRatio": 1.056, "totalRevenue": 3743118080, "debtToEquity": 132.32, "revenuePerShare": 104.096, "grossProfits": 717582000, "operatingCashflow": 793401024, "earningsGrowth": 1.511, "revenueGrowth": -0.186, "grossMargins": 0.22583, "ebitdaMargins": 0.16012, "operatingMargins": 0.120790005, "profitMargins": 0.04521, "financialCurrency": "INR"}}}