{"VISIONCO.BO": {"cashflowStatementHistory": {"cashflowStatements": [{"maxAge": 1, "endDate": "2020-03-31", "netIncome": -6881000, "changeToLiabilities": 0}, {"maxAge": 1, "endDate": "2019-03-31", "netIncome": 481000, "changeToLiabilities": 0}, {"maxAge": 1, "endDate": "2018-03-31", "netIncome": 356000, "changeToLiabilities": 0}, {"maxAge": 1, "endDate": "2017-03-31", "netIncome": 370118, "depreciation": 1476525, "changeToNetincome": -569756, "changeToAccountReceivables": -365915, "changeToLiabilities": -87767, "changeToOperatingActivities": -398544, "totalCashFromOperatingActivities": 465340, "capitalExpenditures": -53200, "totalCashflowsFromInvestingActivities": 83649, "otherCashflowsFromFinancingActivities": -103774, "totalCashFromFinancingActivities": -103774, "changeInCash": 445212}], "maxAge": 86400}, "institutionOwnership": {"maxAge": 1, "ownershipList": []}, "balanceSheetHistoryQuarterly": {"balanceSheetStatements": [{"maxAge": 1, "endDate": "2020-06-30", "totalStockholderEquity": 229616000, "netTangibleAssets": 229587000}, {"maxAge": 1, "endDate": "2020-03-31", "cash": 2022000, "netReceivables": 22468000, "inventory": 56479000, "otherCurrentAssets": 9264000, "totalCurrentAssets": 90233000, "longTermInvestments": 1000000, "propertyPlantEquipment": 34376000, "intangibleAssets": 29000, "otherAssets": 138770000, "totalAssets": 264408000, "accountsPayable": 25776000, "otherCurrentLiab": 6251000, "totalCurrentLiabilities": 34792000, "totalLiab": 34792000, "commonStock": 199701000, "treasuryStock": 29915000, "otherStockholderEquity": 29915000, "totalStockholderEquity": 229616000, "netTangibleAssets": 229587000}, {"maxAge": 1, "endDate": "2019-12-31", "cash": 234000, "netReceivables": 41746000, "inventory": 44398000, "otherCurrentAssets": 11253000, "totalCurrentAssets": 97631000, "longTermInvestments": 110008000, "propertyPlantEquipment": 28361000, "otherAssets": 23247000, "deferredLongTermAssetCharges": 22000, "totalAssets": 259247000, "accountsPayable": 12768000, "otherCurrentLiab": 2651000, "totalCurrentLiabilities": 20897000, "totalLiab": 20897000, "commonStock": 199701000, "treasuryStock": 38649000, "otherStockholderEquity": 38649000, "totalStockholderEquity": 238350000, "netTangibleAssets": 238350000}, {"maxAge": 1, "endDate": "2019-09-30", "cash": 1593000, "netReceivables": 41400000, "inventory": 44398000, "otherCurrentAssets": 22920000, "totalCurrentAssets": 110311000, "longTermInvestments": 110008000, "propertyPlantEquipment": 28897000, "otherAssets": 21322000, "deferredLongTermAssetCharges": 22000, "totalAssets": 270538000, "accountsPayable": 19320000, "otherCurrentLiab": 6646000, "totalCurrentLiabilities": 29362000, "totalLiab": 29362000, "commonStock": 199701000, "treasuryStock": 41475000, "otherStockholderEquity": 41475000, "totalStockholderEquity": 241176000, "netTangibleAssets": 241176000}], "maxAge": 86400}, "indexTrend": {"maxAge": 1, "symbol": "SP5", "peRatio": 19.7411, "pegRatio": 1.34172, "estimates": [{"period": "0q", "growth": 0.549}, {"period": "+1q", "growth": 0.431}, {"period": "0y", "growth": 0.305}, {"period": "+1y", "growth": 0.109}, {"period": "+5y", "growth": 0.120859005}, {"period": "-5y"}]}, "insiderTransactions": {"transactions": [{"maxAge": 1, "shares": 222500, "filerUrl": "", "transactionText": "", "filerName": "Mishra (Ashok Kumar)", "filerRelation": "Promoter", "moneyText": "", "startDate": "2019-11-07", "ownership": "D"}, {"maxAge": 1, "shares": 1076307, "filerUrl": "", "transactionText": "", "filerName": "Morries Trading Pvt Ltd", "filerRelation": "Promoter", "moneyText": "", "startDate": "2019-11-07", "ownership": "D"}], "maxAge": 1}, "quoteType": {"exchange": "BSE", "quoteType": "EQUITY", "symbol": "VISIONCO.BO", "underlyingSymbol": "VISIONCO.BO", "shortName": "VISION CORPORATION LTD.", "longName": "Vision Corporation Limited", "firstTradeDateEpochUtc": "2001-12-31 09:15:00", "timeZoneFullName": "Asia/Kolkata", "timeZoneShortName": "IST", "uuid": "24575836-5e56-36b7-b94c-b0e40961df7d", "messageBoardId": null, "gmtOffSetMilliseconds": 19800000, "maxAge": 1}, "incomeStatementHistory": {"incomeStatementHistory": [{"maxAge": 1, "endDate": "2020-03-31", "totalRevenue": 46317000, "costOfRevenue": 3582000, "grossProfit": 42735000, "researchDevelopment": {}, "sellingGeneralAdministrative": {}, "nonRecurring": {}, "otherOperatingExpenses": 48243000, "totalOperatingExpenses": 53101000, "operatingIncome": -6784000, "totalOtherIncomeExpenseNet": -97000, "ebit": -6784000, "interestExpense": -97000, "incomeBeforeTax": -6881000, "incomeTaxExpense": 0, "minorityInterest": {}, "netIncomeFromContinuingOps": -6881000, "discontinuedOperations": {}, "extraordinaryItems": {}, "effectOfAccountingCharges": {}, "otherItems": {}, "netIncome": -6881000, "netIncomeApplicableToCommonShares": -6881000}, {"maxAge": 1, "endDate": "2019-03-31", "totalRevenue": 34155000, "costOfRevenue": 3765000, "grossProfit": 30390000, "researchDevelopment": {}, "sellingGeneralAdministrative": {}, "nonRecurring": {}, "otherOperatingExpenses": 30426000, "totalOperatingExpenses": 35466000, "operatingIncome": -1311000, "totalOtherIncomeExpenseNet": 2029000, "ebit": -1311000, "interestExpense": -1000, "incomeBeforeTax": 718000, "incomeTaxExpense": 237000, "minorityInterest": {}, "netIncomeFromContinuingOps": 481000, "discontinuedOperations": {}, "extraordinaryItems": {}, "effectOfAccountingCharges": {}, "otherItems": {}, "netIncome": 481000, "netIncomeApplicableToCommonShares": 481000}, {"maxAge": 1, "endDate": "2018-03-31", "totalRevenue": 25724000, "costOfRevenue": 3920000, "grossProfit": 21804000, "researchDevelopment": {}, "sellingGeneralAdministrative": {}, "nonRecurring": {}, "otherOperatingExpenses": 23800000, "totalOperatingExpenses": 29089000, "operatingIncome": -3365000, "totalOtherIncomeExpenseNet": 3951000, "ebit": -3365000, "interestExpense": -3000, "incomeBeforeTax": 586000, "incomeTaxExpense": 230000, "minorityInterest": {}, "netIncomeFromContinuingOps": 356000, "discontinuedOperations": {}, "extraordinaryItems": {}, "effectOfAccountingCharges": {}, "otherItems": {}, "netIncome": 356000, "netIncomeApplicableToCommonShares": 356000}, {"maxAge": 1, "endDate": "2017-03-31", "totalRevenue": 18362684, "costOfRevenue": 2920525, "grossProfit": 15442159, "researchDevelopment": {}, "sellingGeneralAdministrative": 13966236, "nonRecurring": {}, "otherOperatingExpenses": -740, "totalOperatingExpenses": 18403227, "operatingIncome": -40543, "totalOtherIncomeExpenseNet": 587164, "ebit": -40543, "interestExpense": -103774, "incomeBeforeTax": 546621, "incomeTaxExpense": 176503, "minorityInterest": {}, "netIncomeFromContinuingOps": 370118, "discontinuedOperations": {}, "extraordinaryItems": {}, "effectOfAccountingCharges": {}, "otherItems": {}, "netIncome": 370118, "netIncomeApplicableToCommonShares": 370118}], "maxAge": 86400}, "fundOwnership": {"maxAge": 1, "ownershipList": []}, "summaryDetail": {"maxAge": 1, "priceHint": 4, "previousClose": 2.4, "open": 2.52, "dayLow": 2.45, "dayHigh": 2.52, "regularMarketPreviousClose": 2.4, "regularMarketOpen": 2.52, "regularMarketDayLow": 2.45, "regularMarketDayHigh": 2.52, "volume": 21669, "regularMarketVolume": 21669, "averageVolume": 10332, "averageVolume10days": 16802, "averageDailyVolume10Day": 16802, "bid": 2.52, "ask": 0.0, "marketCap": 50324652, "fiftyTwoWeekLow": 0.4, "fiftyTwoWeekHigh": 2.52, "fiftyDayAverage": 0.986, "twoHundredDayAverage": 0.8259854, "currency": "INR", "fromCurrency": null, "toCurrency": null, "lastMarket": null, "algorithm": null, "tradeable": false}, "incomeStatementHistoryQuarterly": {"incomeStatementHistory": [{"maxAge": 1, "endDate": "2020-06-30", "totalRevenue": 6710000, "costOfRevenue": 1025000, "grossProfit": 5685000, "researchDevelopment": {}, "sellingGeneralAdministrative": {}, "nonRecurring": {}, "otherOperatingExpenses": 4724000, "totalOperatingExpenses": 6661000, "operatingIncome": 49000, "totalOtherIncomeExpenseNet": 0, "ebit": 49000, "interestExpense": {}, "incomeBeforeTax": 49000, "incomeTaxExpense": 16000, "minorityInterest": {}, "netIncomeFromContinuingOps": 33000, "discontinuedOperations": {}, "extraordinaryItems": {}, "effectOfAccountingCharges": {}, "otherItems": {}, "netIncome": 33000, "netIncomeApplicableToCommonShares": 33000}, {"maxAge": 1, "endDate": "2020-03-31", "totalRevenue": 33521000, "costOfRevenue": 2710000, "grossProfit": 30811000, "researchDevelopment": {}, "sellingGeneralAdministrative": {}, "nonRecurring": {}, "otherOperatingExpenses": 38510000, "totalOperatingExpenses": 42216000, "operatingIncome": -8695000, "totalOtherIncomeExpenseNet": -97000, "ebit": -8695000, "interestExpense": -97000, "incomeBeforeTax": -8792000, "incomeTaxExpense": 0, "minorityInterest": {}, "netIncomeFromContinuingOps": -8792000, "discontinuedOperations": {}, "extraordinaryItems": {}, "effectOfAccountingCharges": {}, "otherItems": {}, "netIncome": -8792000, "netIncomeApplicableToCommonShares": -8792000}, {"maxAge": 1, "endDate": "2019-12-31", "totalRevenue": 12796000, "costOfRevenue": 872000, "grossProfit": 11924000, "researchDevelopment": {}, "sellingGeneralAdministrative": {}, "nonRecurring": {}, "otherOperatingExpenses": 9733000, "totalOperatingExpenses": 10885000, "operatingIncome": 1911000, "totalOtherIncomeExpenseNet": 0, "ebit": 1911000, "interestExpense": -97000, "incomeBeforeTax": 1911000, "incomeTaxExpense": 573000, "minorityInterest": {}, "netIncomeFromContinuingOps": 1338000, "discontinuedOperations": {}, "extraordinaryItems": {}, "effectOfAccountingCharges": {}, "otherItems": {}, "netIncome": 1338000, "netIncomeApplicableToCommonShares": 1338000}, {"maxAge": 1, "endDate": "2019-09-30", "totalRevenue": 14238000, "costOfRevenue": 1554000, "grossProfit": 12684000, "researchDevelopment": {}, "sellingGeneralAdministrative": {}, "nonRecurring": {}, "otherOperatingExpenses": 12236000, "totalOperatingExpenses": 14085000, "operatingIncome": 153000, "totalOtherIncomeExpenseNet": 734000, "ebit": 153000, "interestExpense": -97000, "incomeBeforeTax": 153000, "incomeTaxExpense": 0, "minorityInterest": {}, "netIncomeFromContinuingOps": 153000, "discontinuedOperations": {}, "extraordinaryItems": {}, "effectOfAccountingCharges": {}, "otherItems": {}, "netIncome": 153000, "netIncomeApplicableToCommonShares": 153000}], "maxAge": 86400}, "cashflowStatementHistoryQuarterly": {"cashflowStatements": [{"maxAge": 1, "endDate": "2020-06-30", "netIncome": 33000, "changeToLiabilities": 0}, {"maxAge": 1, "endDate": "2020-03-31", "netIncome": -8792000, "changeToLiabilities": 0}, {"maxAge": 1, "endDate": "2019-12-31", "netIncome": 1338000, "changeToLiabilities": 0}, {"maxAge": 1, "endDate": "2019-09-30", "netIncome": 153000, "changeToLiabilities": 0}], "maxAge": 86400}, "insiderHolders": {"holders": [{"maxAge": 1, "name": "Mishra (Ashok Kumar)", "relation": "Promoter", "url": "", "transactionDescription": "Other", "latestTransDate": "2019-11-07", "positionDirect": 0, "positionDirectDate": "2019-11-07"}, {"maxAge": 1, "name": "Morries Trading Pvt Ltd", "relation": "Promoter", "url": "", "transactionDescription": "Other", "latestTransDate": "2019-11-07", "positionDirect": 4374585, "positionDirectDate": "2019-11-07"}], "maxAge": 1}, "calendarEvents": {"maxAge": 1, "earnings": {"earningsDate": []}}, "price": {"maxAge": 1, "regularMarketChangePercent": 0.04999995, "regularMarketChange": 0.119999886, "regularMarketTime": "2021-04-30 14:36:16", "priceHint": 4, "regularMarketPrice": 2.52, "regularMarketDayHigh": 2.52, "regularMarketDayLow": 2.45, "regularMarketVolume": 21669, "averageDailyVolume10Day": 16802, "averageDailyVolume3Month": 10332, "regularMarketPreviousClose": 2.4, "regularMarketSource": "FREE_REALTIME", "regularMarketOpen": 2.52, "exchange": "BSE", "exchangeName": "BSE", "exchangeDataDelayedBy": 0, "marketState": "CLOSED", "quoteType": "EQUITY", "symbol": "VISIONCO.BO", "underlyingSymbol": null, "shortName": "VISION CORPORATION LTD.", "longName": "Vision Corporation Limited", "currency": "INR", "quoteSourceName": "Delayed Quote", "currencySymbol": "\u20b9", "fromCurrency": null, "toCurrency": null, "lastMarket": null, "marketCap": 50324652}, "balanceSheetHistory": {"balanceSheetStatements": [{"maxAge": 1, "endDate": "2020-03-31", "cash": 2022000, "netReceivables": 22468000, "inventory": 56479000, "otherCurrentAssets": 9264000, "totalCurrentAssets": 90233000, "longTermInvestments": 1000000, "propertyPlantEquipment": 34376000, "intangibleAssets": 29000, "otherAssets": 138770000, "totalAssets": 264408000, "accountsPayable": 25776000, "otherCurrentLiab": 6251000, "totalCurrentLiabilities": 34792000, "totalLiab": 34792000, "commonStock": 199701000, "treasuryStock": 29915000, "otherStockholderEquity": 29915000, "totalStockholderEquity": 229616000, "netTangibleAssets": 229587000}, {"maxAge": 1, "endDate": "2019-03-31", "cash": 1889000, "netReceivables": 50543000, "inventory": 44398000, "otherCurrentAssets": 13982000, "totalCurrentAssets": 110812000, "longTermInvestments": 110008000, "propertyPlantEquipment": 29030000, "intangibleAssets": 49000, "otherAssets": 26881000, "deferredLongTermAssetCharges": 22000, "totalAssets": 276780000, "accountsPayable": 25259000, "otherCurrentLiab": 5289000, "otherLiab": -2000, "totalCurrentLiabilities": 40145000, "totalLiab": 40143000, "commonStock": 199701000, "treasuryStock": 36936000, "otherStockholderEquity": 36936000, "totalStockholderEquity": 236637000, "netTangibleAssets": 236588000}, {"maxAge": 1, "endDate": "2018-03-31", "cash": 481000, "netReceivables": 38529000, "inventory": 44398000, "otherCurrentAssets": 16138000, "totalCurrentAssets": 99546000, "longTermInvestments": 120008000, "propertyPlantEquipment": 28143000, "otherAssets": 24940000, "deferredLongTermAssetCharges": 22000, "totalAssets": 272637000, "accountsPayable": 12534000, "otherCurrentLiab": 4407000, "totalCurrentLiabilities": 36000000, "totalLiab": 36000000, "commonStock": 199701000, "treasuryStock": 36936000, "otherStockholderEquity": 36936000, "totalStockholderEquity": 236637000, "netTangibleAssets": 236637000}, {"maxAge": 1, "endDate": "2017-03-31", "cash": 562556, "netReceivables": 37076627, "inventory": 44398490, "otherCurrentAssets": 14788665, "totalCurrentAssets": 96831963, "longTermInvestments": 110008447, "propertyPlantEquipment": 27179135, "intangibleAssets": 123356, "otherAssets": 20964510, "deferredLongTermAssetCharges": 21909, "totalAssets": 255107411, "accountsPayable": 4877293, "otherCurrentLiab": 2583224, "totalCurrentLiabilities": 18178924, "totalLiab": 18178924, "commonStock": 199701000, "retainedEarnings": 6588301, "treasuryStock": 11039187, "capitalSurplus": 19600000, "otherStockholderEquity": 11039187, "totalStockholderEquity": 236928488, "netTangibleAssets": 236805132}], "maxAge": 86400}, "financialData": {"maxAge": 86400, "currentPrice": 2.52, "recommendationKey": "none", "grossProfits": 42735000, "financialCurrency": "INR"}}}