{"VISTARAMAR.BO": {"cashflowStatementHistory": {"cashflowStatements": [{"maxAge": 1, "endDate": "2020-03-31", "netIncome": 10873612, "depreciation": 2312433, "changeToNetincome": 1534897, "changeToAccountReceivables": -34242998, "changeToLiabilities": 51869824, "changeToInventory": -18471846, "changeToOperatingActivities": -2143462, "totalCashFromOperatingActivities": 11754696, "capitalExpenditures": -25966269, "otherCashflowsFromInvestingActivities": 99331, "totalCashflowsFromInvestingActivities": -25866938, "otherCashflowsFromFinancingActivities": -100996, "totalCashFromFinancingActivities": -100996, "changeInCash": -14213238}, {"maxAge": 1, "endDate": "2019-03-31", "netIncome": 671841, "depreciation": 2312433, "changeToNetincome": 67818, "changeToAccountReceivables": 14740620, "changeToLiabilities": 4388437, "changeToInventory": -18471846, "changeToOperatingActivities": -176358, "totalCashFromOperatingActivities": 19692358, "capitalExpenditures": -5037558, "otherCashflowsFromInvestingActivities": 95542, "totalCashflowsFromInvestingActivities": -4942016, "otherCashflowsFromFinancingActivities": -1891, "totalCashFromFinancingActivities": -1891, "changeInCash": 14748452}, {"maxAge": 1, "endDate": "2018-03-31", "netIncome": 154265, "depreciation": 2312433, "changeToNetincome": 166976, "changeToAccountReceivables": -8555648, "changeToLiabilities": 9043630, "changeToInventory": -18471846, "changeToOperatingActivities": 255394, "totalCashFromOperatingActivities": 1064617, "capitalExpenditures": -5037558, "otherCashflowsFromInvestingActivities": 10453, "totalCashflowsFromInvestingActivities": 10453, "otherCashflowsFromFinancingActivities": -48815, "totalCashFromFinancingActivities": -48815, "changeInCash": 1026255}, {"maxAge": 1, "endDate": "2017-03-31", "netIncome": 175333, "depreciation": 2312433, "changeToNetincome": -21732, "changeToAccountReceivables": -23324035, "changeToLiabilities": 75501, "changeToInventory": 19300000, "changeToOperatingActivities": 1274087, "totalCashFromOperatingActivities": -2520846, "capitalExpenditures": -5037558, "otherCashflowsFromInvestingActivities": 23069, "totalCashflowsFromInvestingActivities": 23069, "netBorrowings": -205000, "otherCashflowsFromFinancingActivities": -48815, "totalCashFromFinancingActivities": -205000, "changeInCash": -2702777}], "maxAge": 86400}, "institutionOwnership": {"ownershipList": [], "maxAge": 1}, "balanceSheetHistoryQuarterly": {"balanceSheetStatements": [{"maxAge": 1, "endDate": "2020-06-30", "totalStockholderEquity": 43279967, "netTangibleAssets": 43253603}, {"maxAge": 1, "endDate": "2020-03-31", "cash": 3056436, "netReceivables": 56003100, "inventory": 18471846, "otherCurrentAssets": 1764551, "totalCurrentAssets": 79295933, "propertyPlantEquipment": 28642793, "intangibleAssets": 26364, "otherAssets": 2410447, "totalAssets": 110375537, "accountsPayable": 63158780, "otherCurrentLiab": 1689568, "otherLiab": 292759, "totalCurrentLiabilities": 66802811, "totalLiab": 67095570, "commonStock": 32000000, "retainedEarnings": 11279967, "totalStockholderEquity": 43279967, "netTangibleAssets": 43253603}, {"maxAge": 1, "endDate": "2019-12-31", "totalStockholderEquity": 36697000, "netTangibleAssets": 36697000}, {"maxAge": 1, "endDate": "2019-09-30", "cash": 8656000, "netReceivables": 6225000, "inventory": 28448000, "otherCurrentAssets": 2872000, "totalCurrentAssets": 46201000, "propertyPlantEquipment": 27811000, "otherAssets": 2486000, "totalAssets": 76498000, "accountsPayable": 38452000, "otherCurrentLiab": 980000, "otherLiab": 369000, "totalCurrentLiabilities": 39432000, "totalLiab": 39801000, "commonStock": 32000000, "retainedEarnings": 4697000, "totalStockholderEquity": 36697000, "netTangibleAssets": 36697000}], "maxAge": 86400}, "indexTrend": {"maxAge": 1, "symbol": "SP5", "peRatio": 19.7411, "pegRatio": 1.34172, "estimates": [{"period": "0q", "growth": 0.549}, {"period": "+1q", "growth": 0.431}, {"period": "0y", "growth": 0.305}, {"period": "+1y", "growth": 0.109}, {"period": "+5y", "growth": 0.120859005}, {"period": "-5y"}]}, "insiderTransactions": {"transactions": [{"maxAge": 1, "shares": 150000, "filerUrl": "", "transactionText": "", "filerName": "Shah (Nidhi K)", "filerRelation": "Director", "moneyText": "", "startDate": "2016-05-12", "ownership": "D"}], "maxAge": 1}, "quoteType": {"exchange": "BSE", "quoteType": "EQUITY", "symbol": "VISTARAMAR.BO", "underlyingSymbol": "VISTARAMAR.BO", "shortName": "Vistar Amar Limited", "longName": "Vistar Amar Limited", "firstTradeDateEpochUtc": "2015-12-04 09:15:00", "timeZoneFullName": "Asia/Kolkata", "timeZoneShortName": "IST", "uuid": "c7ae334d-42a5-3dcd-96ef-c92aae70a50d", "gmtOffSetMilliseconds": 19800000, "maxAge": 1}, "incomeStatementHistory": {"incomeStatementHistory": [{"maxAge": 1, "endDate": "2020-03-31", "totalRevenue": 212392828, "costOfRevenue": 158316289, "grossProfit": 54076539, "researchDevelopment": {}, "sellingGeneralAdministrative": 6038087, "nonRecurring": {}, "otherOperatingExpenses": 31807364, "totalOperatingExpenses": 198496409, "operatingIncome": 13896419, "totalOtherIncomeExpenseNet": 821688, "ebit": 13896419, "interestExpense": {}, "incomeBeforeTax": 14718107, "incomeTaxExpense": 3844495, "minorityInterest": {}, "netIncomeFromContinuingOps": 10873612, "discontinuedOperations": {}, "extraordinaryItems": {}, "effectOfAccountingCharges": {}, "otherItems": {}, "netIncome": 10873612, "netIncomeApplicableToCommonShares": 10873612}, {"maxAge": 1, "endDate": "2019-03-31", "totalRevenue": 70473886, "costOfRevenue": 67946353, "grossProfit": 2527533, "researchDevelopment": {}, "sellingGeneralAdministrative": 399696, "nonRecurring": {}, "otherOperatingExpenses": 1310744, "totalOperatingExpenses": 69656793, "operatingIncome": 817093, "totalOtherIncomeExpenseNet": 93652, "ebit": 817093, "interestExpense": {}, "incomeBeforeTax": 910745, "incomeTaxExpense": 238904, "minorityInterest": {}, "netIncomeFromContinuingOps": 671841, "discontinuedOperations": {}, "extraordinaryItems": {}, "effectOfAccountingCharges": {}, "otherItems": {}, "netIncome": 671841, "netIncomeApplicableToCommonShares": 671841}, {"maxAge": 1, "endDate": "2018-03-31", "totalRevenue": 44782583, "costOfRevenue": 43138577, "grossProfit": 1644006, "researchDevelopment": {}, "sellingGeneralAdministrative": 378877, "nonRecurring": {}, "otherOperatingExpenses": 905056, "totalOperatingExpenses": 44422510, "operatingIncome": 360073, "totalOtherIncomeExpenseNet": -43534, "ebit": 360073, "interestExpense": -5472, "incomeBeforeTax": 316539, "incomeTaxExpense": 162274, "minorityInterest": {}, "netIncomeFromContinuingOps": 154265, "discontinuedOperations": {}, "extraordinaryItems": {}, "effectOfAccountingCharges": {}, "otherItems": {}, "netIncome": 154265, "netIncomeApplicableToCommonShares": 154265}, {"maxAge": 1, "endDate": "2017-03-31", "totalRevenue": 32934659, "costOfRevenue": 31086929, "grossProfit": 1847730, "researchDevelopment": {}, "sellingGeneralAdministrative": 344633, "nonRecurring": {}, "otherOperatingExpenses": 1349497, "totalOperatingExpenses": 32781059, "operatingIncome": 153600, "totalOtherIncomeExpenseNet": 23069, "ebit": 153600, "interestExpense": -5472, "incomeBeforeTax": 176669, "incomeTaxExpense": 1336, "minorityInterest": {}, "netIncomeFromContinuingOps": 175333, "discontinuedOperations": {}, "extraordinaryItems": {}, "effectOfAccountingCharges": {}, "otherItems": {}, "netIncome": 175333, "netIncomeApplicableToCommonShares": 175333}], "maxAge": 86400}, "fundOwnership": {"ownershipList": [], "maxAge": 1}, "summaryDetail": {"maxAge": 1, "priceHint": 2, "previousClose": 55.1, "open": 53.1, "dayLow": 53.1, "dayHigh": 57.85, "regularMarketPreviousClose": 55.1, "regularMarketOpen": 53.1, "regularMarketDayLow": 53.1, "regularMarketDayHigh": 57.85, "trailingPE": 14.757177, "volume": 501, "regularMarketVolume": 501, "averageVolume": 261, "averageVolume10days": 10, "averageDailyVolume10Day": 10, "bid": 53.0, "ask": 55.0, "bidSize": 0, "askSize": 0, "marketCap": 176000000, "fiftyTwoWeekLow": 13.35, "fiftyTwoWeekHigh": 57.85, "fiftyDayAverage": 31.16212, "twoHundredDayAverage": 28.755661, "currency": "INR", "fromCurrency": null, "lastMarket": null, "algorithm": null, "tradeable": false}, "incomeStatementHistoryQuarterly": {"incomeStatementHistory": [{"maxAge": 1, "endDate": "2020-06-30", "totalRevenue": 63772000, "costOfRevenue": 54153000, "grossProfit": 9619000, "researchDevelopment": {}, "sellingGeneralAdministrative": 1984000, "nonRecurring": {}, "otherOperatingExpenses": 2178000, "totalOperatingExpenses": 59402000, "operatingIncome": 4370000, "totalOtherIncomeExpenseNet": 46000, "ebit": 4370000, "interestExpense": -1000, "incomeBeforeTax": 4416000, "incomeTaxExpense": 1122000, "minorityInterest": {}, "netIncomeFromContinuingOps": 3294000, "discontinuedOperations": {}, "extraordinaryItems": {}, "effectOfAccountingCharges": {}, "otherItems": {}, "netIncome": 3294000, "netIncomeApplicableToCommonShares": 3294000}, {"maxAge": 1, "endDate": "2020-03-31", "totalRevenue": 98283828, "costOfRevenue": 64009289, "grossProfit": 34274539, "researchDevelopment": {}, "sellingGeneralAdministrative": 2841087, "nonRecurring": {}, "otherOperatingExpenses": 24605364, "totalOperatingExpenses": 92630409, "operatingIncome": 5653419, "totalOtherIncomeExpenseNet": 521688, "ebit": 5653419, "interestExpense": -1000, "incomeBeforeTax": 6175107, "incomeTaxExpense": 1513495, "minorityInterest": {}, "netIncomeFromContinuingOps": 4661612, "discontinuedOperations": {}, "extraordinaryItems": {}, "effectOfAccountingCharges": {}, "otherItems": {}, "netIncome": 4661612, "netIncomeApplicableToCommonShares": 4661612}, {"maxAge": 1, "endDate": "2019-12-31", "totalRevenue": 75609000, "costOfRevenue": 64545000, "grossProfit": 11064000, "researchDevelopment": {}, "sellingGeneralAdministrative": 2592000, "nonRecurring": {}, "otherOperatingExpenses": 4610000, "totalOperatingExpenses": 72880000, "operatingIncome": 2729000, "totalOtherIncomeExpenseNet": 63000, "ebit": 2729000, "interestExpense": -6000, "incomeBeforeTax": 2792000, "incomeTaxExpense": 891000, "minorityInterest": {}, "netIncomeFromContinuingOps": 1901000, "discontinuedOperations": {}, "extraordinaryItems": {}, "effectOfAccountingCharges": {}, "otherItems": {}, "netIncome": 1901000, "netIncomeApplicableToCommonShares": 1901000}, {"maxAge": 1, "endDate": "2019-09-30", "totalRevenue": 19666000, "costOfRevenue": 14885000, "grossProfit": 4781000, "researchDevelopment": {}, "sellingGeneralAdministrative": 470000, "nonRecurring": {}, "otherOperatingExpenses": 1738000, "totalOperatingExpenses": 17120000, "operatingIncome": 2546000, "totalOtherIncomeExpenseNet": 205000, "ebit": 2546000, "interestExpense": -29000, "incomeBeforeTax": 2751000, "incomeTaxExpense": 668000, "minorityInterest": {}, "netIncomeFromContinuingOps": 2083000, "discontinuedOperations": {}, "extraordinaryItems": {}, "effectOfAccountingCharges": {}, "otherItems": {}, "netIncome": 2083000, "netIncomeApplicableToCommonShares": 2083000}], "maxAge": 86400}, "cashflowStatementHistoryQuarterly": {"cashflowStatements": [{"maxAge": 1, "endDate": "2020-06-30", "netIncome": 3294000, "changeToLiabilities": 0}, {"maxAge": 1, "endDate": "2020-03-31", "netIncome": 4661612, "changeToLiabilities": 0}, {"maxAge": 1, "endDate": "2019-12-31", "netIncome": 1901000, "changeToLiabilities": 0}, {"maxAge": 1, "endDate": "2019-09-30", "netIncome": 2083000, "changeToLiabilities": 0}], "maxAge": 86400}, "insiderHolders": {"holders": [{"maxAge": 1, "name": "Shah (Nidhi K)", "relation": "Director", "url": "", "transactionDescription": "Sale", "latestTransDate": "2016-05-12", "positionDirect": 0, "positionDirectDate": "2016-05-12"}], "maxAge": 1}, "calendarEvents": {"maxAge": 1, "earnings": {"earningsDate": []}}, "upgradeDowngradeHistory": {"history": [], "maxAge": 86400}, "price": {"maxAge": 1, "regularMarketChangePercent": -0.0018148544, "regularMarketChange": -0.099998474, "regularMarketTime": "2021-04-30 15:24:50", "priceHint": 2, "regularMarketPrice": 55.0, "regularMarketDayHigh": 57.85, "regularMarketDayLow": 53.1, "regularMarketVolume": 501, "averageDailyVolume10Day": 10, "averageDailyVolume3Month": 261, "regularMarketPreviousClose": 55.1, "regularMarketSource": "FREE_REALTIME", "regularMarketOpen": 53.1, "exchange": "BSE", "exchangeName": "BSE", "exchangeDataDelayedBy": 0, "marketState": "CLOSED", "quoteType": "EQUITY", "symbol": "VISTARAMAR.BO", "underlyingSymbol": null, "shortName": "Vistar Amar Limited", "longName": "Vistar Amar Limited", "currency": "INR", "quoteSourceName": "Delayed Quote", "currencySymbol": "\u20b9", "fromCurrency": null, "lastMarket": null, "marketCap": 176000000}, "balanceSheetHistory": {"balanceSheetStatements": [{"maxAge": 1, "endDate": "2020-03-31", "cash": 3056436, "netReceivables": 56003100, "inventory": 18471846, "otherCurrentAssets": 1764551, "totalCurrentAssets": 79295933, "propertyPlantEquipment": 28642793, "intangibleAssets": 26364, "otherAssets": 2410447, "totalAssets": 110375537, "accountsPayable": 63158780, "otherCurrentLiab": 1689568, "otherLiab": 292759, "totalCurrentLiabilities": 66802811, "totalLiab": 67095570, "commonStock": 32000000, "retainedEarnings": 11279967, "totalStockholderEquity": 43279967, "netTangibleAssets": 43253603}, {"maxAge": 1, "endDate": "2019-03-31", "cash": 17117080, "netReceivables": 21588939, "totalCurrentAssets": 38706019, "propertyPlantEquipment": 5037558, "otherAssets": 2334660, "deferredLongTermAssetCharges": 131960, "totalAssets": 46078237, "accountsPayable": 13116901, "otherCurrentLiab": 470196, "totalCurrentLiabilities": 13692515, "totalLiab": 13692515, "commonStock": 32000000, "retainedEarnings": 385722, "totalStockholderEquity": 32385722, "netTangibleAssets": 32385722}, {"maxAge": 1, "endDate": "2018-03-31", "cash": 2368629, "netReceivables": 36243273, "otherCurrentAssets": 612629, "totalCurrentAssets": 39224531, "otherAssets": 1694232, "deferredLongTermAssetCharges": 194232, "totalAssets": 40918763, "accountsPayable": 9111682, "otherCurrentLiab": 65000, "totalCurrentLiabilities": 9204882, "totalLiab": 9204882, "commonStock": 32000000, "retainedEarnings": -286119, "totalStockholderEquity": 31713881, "netTangibleAssets": 31713881}, {"maxAge": 1, "endDate": "2017-03-31", "cash": 1342374, "netReceivables": 27679735, "otherCurrentAssets": 2375913, "totalCurrentAssets": 31398022, "otherAssets": 292845, "deferredLongTermAssetCharges": 292845, "totalAssets": 31690867, "accountsPayable": 65755, "otherCurrentLiab": 35000, "totalCurrentLiabilities": 131251, "totalLiab": 131251, "commonStock": 32000000, "retainedEarnings": -440384, "totalStockholderEquity": 31559616, "netTangibleAssets": 31559616}], "maxAge": 86400}, "financialData": {"maxAge": 86400, "currentPrice": 55.0, "recommendationKey": "none", "grossProfits": 54076539, "financialCurrency": "INR"}}}