{"VITESSE.BO": {"cashflowStatementHistory": {"cashflowStatements": [{"maxAge": 1, "endDate": "2020-03-31", "netIncome": 4340000, "depreciation": 1715000, "changeToNetincome": 1572000, "changeToLiabilities": -1385000, "changeToInventory": -987000, "changeToOperatingActivities": 47215000, "totalCashFromOperatingActivities": 52470000, "capitalExpenditures": -75000000, "investments": -24000, "totalCashflowsFromInvestingActivities": -75024000, "totalCashFromFinancingActivities": 24281000, "changeInCash": 1727000, "issuanceOfStock": 24281000}, {"maxAge": 1, "endDate": "2019-03-31", "netIncome": 28000, "depreciation": 1715000, "changeToNetincome": 59000, "changeToAccountReceivables": 320000, "changeToLiabilities": 1463000, "changeToInventory": 550000, "changeToOperatingActivities": -369000, "totalCashFromOperatingActivities": 2051000, "capitalExpenditures": -75000000, "investments": -24000, "totalCashflowsFromInvestingActivities": -75024000, "otherCashflowsFromFinancingActivities": -2210000, "totalCashFromFinancingActivities": -2210000, "changeInCash": -159000, "issuanceOfStock": 24281000}, {"maxAge": 1, "endDate": "2016-03-31", "netIncome": 392963, "depreciation": 1715000, "changeToNetincome": 59000, "changeToAccountReceivables": -475638, "changeToLiabilities": 174250, "changeToInventory": 480, "changeToOperatingActivities": 547974, "totalCashFromOperatingActivities": 640029, "capitalExpenditures": -75000000, "investments": -6923660, "totalCashflowsFromInvestingActivities": -6923660, "otherCashflowsFromFinancingActivities": 4847373, "totalCashFromFinancingActivities": 7447373, "changeInCash": 1163742, "issuanceOfStock": 24281000}, {"maxAge": 1, "endDate": "2015-03-31", "netIncome": 22412, "depreciation": 1715000, "changeToNetincome": -20950, "changeToAccountReceivables": -475638, "changeToLiabilities": 0, "changeToInventory": 507, "changeToOperatingActivities": 258882, "totalCashFromOperatingActivities": 260851, "capitalExpenditures": -75000000, "investments": 7989, "otherCashflowsFromInvestingActivities": 285, "totalCashflowsFromInvestingActivities": 15774, "otherCashflowsFromFinancingActivities": 4847373, "totalCashFromFinancingActivities": 7447373, "changeInCash": 276625, "issuanceOfStock": 24281000}], "maxAge": 86400}, "institutionOwnership": {"ownershipList": [], "maxAge": 1}, "balanceSheetHistoryQuarterly": {"balanceSheetStatements": [{"maxAge": 1, "endDate": "2020-06-30", "cash": 2397000, "netReceivables": 41361000, "inventory": 1301000, "otherCurrentAssets": 46000, "totalCurrentAssets": 45105000, "longTermInvestments": 10935000, "propertyPlantEquipment": 72855000, "otherAssets": 7679000, "totalAssets": 136574000, "accountsPayable": 83000, "otherCurrentLiab": 1871000, "otherLiab": 650000, "totalCurrentLiabilities": 75005000, "totalLiab": 75655000, "commonStock": 45185000, "treasuryStock": 15734000, "otherStockholderEquity": 15734000, "totalStockholderEquity": 60919000, "netTangibleAssets": 60919000}, {"maxAge": 1, "endDate": "2020-03-31", "cash": 1748000, "netReceivables": 36529000, "inventory": 1261000, "otherCurrentAssets": 4054000, "totalCurrentAssets": 43592000, "longTermInvestments": 10935000, "propertyPlantEquipment": 73284000, "otherAssets": 7679000, "totalAssets": 135490000, "accountsPayable": 77000, "otherCurrentLiab": 1506000, "otherLiab": 650000, "totalCurrentLiabilities": 74727000, "totalLiab": 75377000, "commonStock": 45185000, "treasuryStock": 14928000, "otherStockholderEquity": 14928000, "totalStockholderEquity": 60113000, "netTangibleAssets": 60113000}, {"maxAge": 1, "endDate": "2019-06-30", "totalStockholderEquity": 31491000, "netTangibleAssets": 31491000}, {"maxAge": 1, "endDate": "2019-03-31", "cash": 21000, "netReceivables": 13510000, "inventory": 274000, "otherCurrentAssets": 49000, "totalCurrentAssets": 13854000, "longTermInvestments": 10935000, "otherAssets": 9325000, "totalAssets": 34114000, "accountsPayable": 1463000, "otherCurrentLiab": 160000, "totalCurrentLiabilities": 2623000, "totalLiab": 2623000, "commonStock": 12475000, "treasuryStock": 19016000, "otherStockholderEquity": 19016000, "totalStockholderEquity": 31491000, "netTangibleAssets": 31491000}], "maxAge": 86400}, "indexTrend": {"maxAge": 1, "symbol": "SP5", "peRatio": 19.7411, "pegRatio": 1.34172, "estimates": [{"period": "0q", "growth": 0.549}, {"period": "+1q", "growth": 0.431}, {"period": "0y", "growth": 0.305}, {"period": "+1y", "growth": 0.109}, {"period": "+5y", "growth": 0.120859005}, {"period": "-5y"}]}, "insiderTransactions": {"transactions": [{"maxAge": 1, "shares": 240200, "filerUrl": "", "transactionText": "", "filerName": "Bhalotia (Satyanarayan)", "filerRelation": "Promoter", "moneyText": "", "startDate": "2019-05-31", "ownership": "D"}, {"maxAge": 1, "shares": 240200, "filerUrl": "", "transactionText": "", "filerName": "Shah (Piyush Jayantilal)", "filerRelation": "Promoter", "moneyText": "", "startDate": "2019-05-31", "ownership": "D"}], "maxAge": 1}, "quoteType": {"exchange": "BSE", "quoteType": "EQUITY", "symbol": "VITESSE.BO", "underlyingSymbol": "VITESSE.BO", "shortName": "Vitesse Agro Limited", "longName": "Vitesse Agro Limited", "firstTradeDateEpochUtc": "2020-03-20 09:15:00", "timeZoneFullName": "Asia/Kolkata", "timeZoneShortName": "IST", "uuid": "107ba9c8-5d47-3b51-9b9f-30b34f3b7f57", "gmtOffSetMilliseconds": 19800000, "maxAge": 1}, "incomeStatementHistory": {"incomeStatementHistory": [{"maxAge": 1, "endDate": "2020-03-31", "totalRevenue": 70823000, "costOfRevenue": 58721000, "grossProfit": 12102000, "researchDevelopment": {}, "sellingGeneralAdministrative": 2353000, "nonRecurring": {}, "otherOperatingExpenses": 2121000, "totalOperatingExpenses": 64911000, "operatingIncome": 5912000, "totalOtherIncomeExpenseNet": 0, "ebit": 5912000, "interestExpense": {}, "incomeBeforeTax": 5912000, "incomeTaxExpense": 1572000, "minorityInterest": {}, "netIncomeFromContinuingOps": 4340000, "discontinuedOperations": {}, "extraordinaryItems": {}, "effectOfAccountingCharges": {}, "otherItems": {}, "netIncome": 4340000, "netIncomeApplicableToCommonShares": 4340000}, {"maxAge": 1, "endDate": "2019-03-31", "totalRevenue": 10079000, "costOfRevenue": 9214000, "grossProfit": 865000, "researchDevelopment": {}, "sellingGeneralAdministrative": 320000, "nonRecurring": {}, "otherOperatingExpenses": 517000, "totalOperatingExpenses": 10051000, "operatingIncome": 28000, "totalOtherIncomeExpenseNet": 0, "ebit": 28000, "interestExpense": {}, "incomeBeforeTax": 28000, "incomeTaxExpense": 0, "minorityInterest": {}, "netIncomeFromContinuingOps": 28000, "discontinuedOperations": {}, "extraordinaryItems": {}, "effectOfAccountingCharges": {}, "otherItems": {}, "netIncome": 28000, "netIncomeApplicableToCommonShares": 28000}, {"maxAge": 1, "endDate": "2016-03-31", "totalRevenue": 869665, "costOfRevenue": 480, "grossProfit": 869185, "researchDevelopment": {}, "sellingGeneralAdministrative": 107179, "nonRecurring": {}, "otherOperatingExpenses": 361186, "totalOperatingExpenses": 468845, "operatingIncome": 400820, "totalOtherIncomeExpenseNet": 32143, "ebit": 400820, "interestExpense": {}, "incomeBeforeTax": 432963, "incomeTaxExpense": 40000, "minorityInterest": {}, "netIncomeFromContinuingOps": 392963, "discontinuedOperations": {}, "extraordinaryItems": {}, "effectOfAccountingCharges": {}, "otherItems": {}, "netIncome": 392963, "netIncomeApplicableToCommonShares": 392963}, {"maxAge": 1, "endDate": "2015-03-31", "totalRevenue": 75000, "costOfRevenue": 507, "grossProfit": 74493, "researchDevelopment": {}, "sellingGeneralAdministrative": 60453, "nonRecurring": {}, "otherOperatingExpenses": 236116, "totalOperatingExpenses": 297076, "operatingIncome": -222076, "totalOtherIncomeExpenseNet": 249172, "ebit": -222076, "interestExpense": {}, "incomeBeforeTax": 27096, "incomeTaxExpense": 4684, "minorityInterest": {}, "netIncomeFromContinuingOps": 22412, "discontinuedOperations": {}, "extraordinaryItems": {}, "effectOfAccountingCharges": {}, "otherItems": {}, "netIncome": 22412, "netIncomeApplicableToCommonShares": 22412}], "maxAge": 86400}, "fundOwnership": {"ownershipList": [], "maxAge": 1}, "summaryDetail": {"maxAge": 1, "priceHint": 2, "previousClose": 37.5, "open": 35.65, "dayLow": 35.65, "dayHigh": 35.65, "regularMarketPreviousClose": 37.5, "regularMarketOpen": 35.65, "regularMarketDayLow": 35.65, "regularMarketDayHigh": 35.65, "trailingPE": 32.17509, "volume": 106, "regularMarketVolume": 106, "averageVolume": 34, "averageVolume10days": 72, "averageDailyVolume10Day": 72, "bid": 37.5, "ask": 35.65, "bidSize": 0, "askSize": 0, "marketCap": 161083104, "fiftyTwoWeekLow": 14.32, "fiftyTwoWeekHigh": 89.0, "fiftyDayAverage": 70.645454, "twoHundredDayAverage": 68.618385, "currency": "INR", "fromCurrency": null, "lastMarket": null, "algorithm": null, "tradeable": false}, "incomeStatementHistoryQuarterly": {"incomeStatementHistory": [{"maxAge": 1, "endDate": "2020-06-30", "totalRevenue": 16287000, "costOfRevenue": 13842000, "grossProfit": 2445000, "researchDevelopment": {}, "sellingGeneralAdministrative": 384000, "nonRecurring": {}, "otherOperatingExpenses": 541000, "totalOperatingExpenses": 15196000, "operatingIncome": 1091000, "totalOtherIncomeExpenseNet": 0, "ebit": 1091000, "interestExpense": {}, "incomeBeforeTax": 1091000, "incomeTaxExpense": 284000, "minorityInterest": {}, "netIncomeFromContinuingOps": 807000, "discontinuedOperations": {}, "extraordinaryItems": {}, "effectOfAccountingCharges": {}, "otherItems": {}, "netIncome": 807000, "netIncomeApplicableToCommonShares": 807000}, {"maxAge": 1, "endDate": "2020-03-31", "totalRevenue": 21150000, "costOfRevenue": 18220000, "grossProfit": 2930000, "researchDevelopment": {}, "sellingGeneralAdministrative": 770000, "nonRecurring": {}, "otherOperatingExpenses": 400000, "totalOperatingExpenses": 19729000, "operatingIncome": 1421000, "totalOtherIncomeExpenseNet": 0, "ebit": 1421000, "interestExpense": {}, "incomeBeforeTax": 1421000, "incomeTaxExpense": 0, "minorityInterest": {}, "netIncomeFromContinuingOps": 1421000, "discontinuedOperations": {}, "extraordinaryItems": {}, "effectOfAccountingCharges": {}, "otherItems": {}, "netIncome": 1421000, "netIncomeApplicableToCommonShares": 1421000}, {"maxAge": 1, "endDate": "2019-06-30", "totalRevenue": 2479000, "costOfRevenue": 0, "grossProfit": 2479000, "researchDevelopment": {}, "sellingGeneralAdministrative": 623000, "nonRecurring": {}, "otherOperatingExpenses": 1314000, "totalOperatingExpenses": 2393000, "operatingIncome": 86000, "totalOtherIncomeExpenseNet": 0, "ebit": 86000, "interestExpense": {}, "incomeBeforeTax": 86000, "incomeTaxExpense": 0, "minorityInterest": {}, "netIncomeFromContinuingOps": 86000, "discontinuedOperations": {}, "extraordinaryItems": {}, "effectOfAccountingCharges": {}, "otherItems": {}, "netIncome": 86000, "netIncomeApplicableToCommonShares": 86000}, {"maxAge": 1, "endDate": "2019-03-31", "totalRevenue": 3471000, "costOfRevenue": 3145000, "grossProfit": 326000, "researchDevelopment": {}, "sellingGeneralAdministrative": 200000, "nonRecurring": {}, "otherOperatingExpenses": 434000, "totalOperatingExpenses": 3779000, "operatingIncome": -308000, "totalOtherIncomeExpenseNet": 0, "ebit": -308000, "interestExpense": {}, "incomeBeforeTax": -308000, "incomeTaxExpense": 0, "minorityInterest": {}, "netIncomeFromContinuingOps": -308000, "discontinuedOperations": {}, "extraordinaryItems": {}, "effectOfAccountingCharges": {}, "otherItems": {}, "netIncome": -308000, "netIncomeApplicableToCommonShares": -308000}], "maxAge": 86400}, "cashflowStatementHistoryQuarterly": {"cashflowStatements": [{"maxAge": 1, "endDate": "2020-06-30", "netIncome": 807000, "depreciation": 429000, "changeToLiabilities": 6000, "changeToInventory": -40000, "changeToOperatingActivities": -553000, "totalCashFromOperatingActivities": 649000, "changeInCash": 649000}, {"maxAge": 1, "endDate": "2020-03-31", "netIncome": 1421000, "depreciation": 429000, "changeToLiabilities": 0, "changeToInventory": -40000, "changeToOperatingActivities": -553000, "totalCashFromOperatingActivities": 649000, "changeInCash": 649000}, {"maxAge": 1, "endDate": "2019-06-30", "netIncome": 86000, "depreciation": 429000, "changeToLiabilities": 0, "changeToInventory": -40000, "changeToOperatingActivities": -553000, "totalCashFromOperatingActivities": 649000, "changeInCash": 649000}, {"maxAge": 1, "endDate": "2019-03-31", "netIncome": -308000, "depreciation": 429000, "changeToLiabilities": 0, "changeToInventory": -40000, "changeToOperatingActivities": -553000, "totalCashFromOperatingActivities": 649000, "changeInCash": 649000}], "maxAge": 86400}, "insiderHolders": {"holders": [{"maxAge": 1, "name": "Bhalotia (Satyanarayan)", "relation": "Promoter", "url": "", "transactionDescription": "Other", "latestTransDate": "2019-05-31", "positionDirect": 30800, "positionDirectDate": "2019-05-31"}, {"maxAge": 1, "name": "Shah (Piyush Jayantilal)", "relation": "Promoter", "url": "", "transactionDescription": "Other", "latestTransDate": "2019-05-31", "positionDirect": 300200, "positionDirectDate": "2019-05-31"}], "maxAge": 1}, "calendarEvents": {"maxAge": 1, "earnings": {"earningsDate": ["2020-10-17 05:30:S"]}}, "upgradeDowngradeHistory": {"history": [], "maxAge": 86400}, "price": {"maxAge": 1, "regularMarketChangePercent": -0.04933329, "regularMarketChange": -1.8499985, "regularMarketTime": "2021-04-30 15:10:36", "priceHint": 2, "regularMarketPrice": 35.65, "regularMarketDayHigh": 35.65, "regularMarketDayLow": 35.65, "regularMarketVolume": 106, "averageDailyVolume10Day": 72, "averageDailyVolume3Month": 34, "regularMarketPreviousClose": 37.5, "regularMarketSource": "FREE_REALTIME", "regularMarketOpen": 35.65, "exchange": "BSE", "exchangeName": "BSE", "exchangeDataDelayedBy": 0, "marketState": "CLOSED", "quoteType": "EQUITY", "symbol": "VITESSE.BO", "underlyingSymbol": null, "shortName": "Vitesse Agro Limited", "longName": "Vitesse Agro Limited", "currency": "INR", "quoteSourceName": "Delayed Quote", "currencySymbol": "\u20b9", "fromCurrency": null, "lastMarket": null, "marketCap": 161083104}, "balanceSheetHistory": {"balanceSheetStatements": [{"maxAge": 1, "endDate": "2020-03-31", "cash": 1748000, "netReceivables": 40537000, "inventory": 1261000, "otherCurrentAssets": 46000, "totalCurrentAssets": 43592000, "longTermInvestments": 10935000, "propertyPlantEquipment": 73284000, "otherAssets": 7679000, "totalAssets": 135490000, "accountsPayable": 77000, "otherCurrentLiab": 1506000, "otherLiab": 650000, "totalCurrentLiabilities": 74727000, "totalLiab": 75377000, "commonStock": 45185000, "treasuryStock": 14928000, "otherStockholderEquity": 14928000, "totalStockholderEquity": 60113000, "netTangibleAssets": 60113000}, {"maxAge": 1, "endDate": "2019-03-31", "cash": 21000, "netReceivables": 13510000, "inventory": 274000, "otherCurrentAssets": 49000, "totalCurrentAssets": 13854000, "longTermInvestments": 10935000, "otherAssets": 9325000, "totalAssets": 34114000, "accountsPayable": 1463000, "otherCurrentLiab": 160000, "totalCurrentLiabilities": 2623000, "totalLiab": 2623000, "commonStock": 12475000, "treasuryStock": 19016000, "otherStockholderEquity": 19016000, "totalStockholderEquity": 31491000, "netTangibleAssets": 31491000}, {"maxAge": 1, "endDate": "2016-03-31", "cash": 1517968, "netReceivables": 475638, "otherCurrentAssets": 4071721, "totalCurrentAssets": 6065327, "longTermInvestments": 7000000, "otherAssets": 18552627, "totalAssets": 31617954, "accountsPayable": 174250, "otherCurrentLiab": 339300, "totalCurrentLiabilities": 523550, "totalLiab": 523550, "commonStock": 12475000, "retainedEarnings": 2599404, "capitalSurplus": 13420000, "totalStockholderEquity": 28494404, "netTangibleAssets": 28494404}, {"maxAge": 1, "endDate": "2015-03-31", "cash": 354226, "inventory": 480, "otherCurrentAssets": 4568540, "totalCurrentAssets": 4923246, "longTermInvestments": 76340, "totalAssets": 4999586, "otherCurrentLiab": 290622, "totalCurrentLiabilities": 290622, "totalLiab": 290622, "commonStock": 2495000, "retainedEarnings": 2213964, "totalStockholderEquity": 4708964, "netTangibleAssets": 4708964}], "maxAge": 86400}, "financialData": {"maxAge": 86400, "currentPrice": 35.65, "recommendationKey": "none", "grossProfits": 12102000, "financialCurrency": "INR"}}}