{"VIVIDHA.BO": {"recommendationTrend": {"trend": [{"period": "0m", "strongBuy": 0, "buy": 0, "hold": 0, "sell": 0, "strongSell": 0}, {"period": "-1m", "strongBuy": 0, "buy": 0, "hold": 0, "sell": 0, "strongSell": 0}, {"period": "-2m", "strongBuy": 0, "buy": 0, "hold": 0, "sell": 0, "strongSell": 0}, {"period": "-3m", "strongBuy": 0, "buy": 0, "hold": 0, "sell": 0, "strongSell": 0}], "maxAge": 86400}, "cashflowStatementHistory": {"cashflowStatements": [{"maxAge": 1, "endDate": "2020-03-31", "netIncome": -143533000, "depreciation": 7445194, "changeToNetincome": 568, "changeToAccountReceivables": 71641725, "changeToLiabilities": -114786853, "changeToInventory": 167078580, "changeToOperatingActivities": 10696882, "totalCashFromOperatingActivities": -1346271, "capitalExpenditures": -39900, "totalCashflowsFromInvestingActivities": -39900, "changeInCash": -1386171}, {"maxAge": 1, "endDate": "2019-03-31", "netIncome": 1635259, "depreciation": 8672498, "changeToNetincome": 568, "changeToAccountReceivables": 70502261, "changeToLiabilities": -88565334, "changeToInventory": -12531825, "changeToOperatingActivities": -10068081, "totalCashFromOperatingActivities": -36505375, "capitalExpenditures": -1189716, "totalCashflowsFromInvestingActivities": -1189716, "otherCashflowsFromFinancingActivities": 39060000, "totalCashFromFinancingActivities": 39060000, "changeInCash": 1364909}, {"maxAge": 1, "endDate": "2018-03-31", "netIncome": 14091611, "depreciation": 10003422, "changeToNetincome": 568, "changeToAccountReceivables": -136735942, "changeToLiabilities": 106573190, "changeToInventory": 6804000, "changeToOperatingActivities": -12100140, "totalCashFromOperatingActivities": -11856125, "capitalExpenditures": -13658491, "totalCashflowsFromInvestingActivities": -13658491, "otherCashflowsFromFinancingActivities": 25200000, "totalCashFromFinancingActivities": 25200000, "changeInCash": -314616}, {"maxAge": 1, "endDate": "2017-03-31", "netIncome": 13575777, "depreciation": 9723687, "changeToNetincome": 2866292, "changeToAccountReceivables": -89690103, "changeToLiabilities": 0, "changeToInventory": -8329644, "changeToOperatingActivities": 73587900, "totalCashFromOperatingActivities": 1746650, "capitalExpenditures": -305473, "totalCashflowsFromInvestingActivities": -305473, "otherCashflowsFromFinancingActivities": 25200000, "totalCashFromFinancingActivities": 25200000, "changeInCash": 1441177}], "maxAge": 86400}, "institutionOwnership": {"maxAge": 1, "ownershipList": []}, "balanceSheetHistoryQuarterly": {"balanceSheetStatements": [{"maxAge": 1, "endDate": "2020-06-30", "totalStockholderEquity": 201642000, "netTangibleAssets": 201628000}, {"maxAge": 1, "endDate": "2020-03-31", "cash": 1968000, "netReceivables": 170719000, "inventory": 91835000, "otherCurrentAssets": 17696000, "totalCurrentAssets": 282218000, "longTermInvestments": 26000, "propertyPlantEquipment": 55483000, "intangibleAssets": 14000, "otherAssets": 1273000, "deferredLongTermAssetCharges": 1273000, "totalAssets": 339014000, "accountsPayable": 31163000, "otherCurrentLiab": 5672000, "longTermDebt": 100537000, "totalCurrentLiabilities": 36835000, "totalLiab": 137372000, "commonStock": 292700000, "retainedEarnings": -103238000, "treasuryStock": 12180000, "otherStockholderEquity": 12180000, "totalStockholderEquity": 201642000, "netTangibleAssets": 201628000}, {"maxAge": 1, "endDate": "2019-12-31", "totalStockholderEquity": 195350000, "netTangibleAssets": 195331000}, {"maxAge": 1, "endDate": "2019-09-30", "cash": 3719000, "netReceivables": 216671000, "inventory": 90579000, "otherCurrentAssets": 19248000, "totalCurrentAssets": 330217000, "longTermInvestments": 51000, "propertyPlantEquipment": 62883000, "intangibleAssets": 19000, "otherAssets": 1273000, "deferredLongTermAssetCharges": 1273000, "totalAssets": 394443000, "accountsPayable": 99035000, "otherCurrentLiab": 6399000, "longTermDebt": 93659000, "totalCurrentLiabilities": 105434000, "totalLiab": 199093000, "commonStock": 292700000, "retainedEarnings": -97350000, "totalStockholderEquity": 195350000, "netTangibleAssets": 195331000}], "maxAge": 86400}, "earningsHistory": {"history": [{"maxAge": 1, "epsActual": {}, "epsEstimate": {}, "epsDifference": {}, "surprisePercent": {}, "quarter": {}, "period": "-4q"}, {"maxAge": 1, "epsActual": {}, "epsEstimate": {}, "epsDifference": {}, "surprisePercent": {}, "quarter": {}, "period": "-3q"}, {"maxAge": 1, "epsActual": {}, "epsEstimate": {}, "epsDifference": {}, "surprisePercent": {}, "quarter": {}, "period": "-2q"}, {"maxAge": 1, "epsActual": {}, "epsEstimate": {}, "epsDifference": {}, "surprisePercent": {}, "quarter": {}, "period": "-1q"}], "maxAge": 86400}, "indexTrend": {"maxAge": 1, "symbol": "SP5", "peRatio": 19.7411, "pegRatio": 1.34172, "estimates": [{"period": "0q", "growth": 0.549}, {"period": "+1q", "growth": 0.431}, {"period": "0y", "growth": 0.305}, {"period": "+1y", "growth": 0.109}, {"period": "+5y", "growth": 0.120859005}, {"period": "-5y"}]}, "industryTrend": {"maxAge": 1, "symbol": null, "estimates": []}, "insiderTransactions": {"transactions": [{"maxAge": 1, "shares": 7700000, "filerUrl": "", "transactionText": "", "filerName": "Kothari (Tilokchand M.)", "filerRelation": "Managing Director", "moneyText": "", "startDate": "2018-09-12", "ownership": "D"}, {"maxAge": 1, "shares": 3500000, "filerUrl": "", "transactionText": "", "filerName": "Kothari (Tilokchand M.)", "filerRelation": "Managing Director", "moneyText": "", "startDate": "2017-05-22", "ownership": "D"}, {"maxAge": 1, "shares": 3500000, "filerUrl": "", "transactionText": "", "filerName": "Kothari (Tilokchand) HUF", "filerRelation": "UNREPORTED", "moneyText": "", "startDate": "2017-05-19", "ownership": "D"}, {"maxAge": 1, "shares": 3820000, "filerUrl": "", "transactionText": "", "filerName": "Kothari (Tilokchand M.)", "filerRelation": "Managing Director", "moneyText": "", "startDate": "2017-05-19", "ownership": "D"}, {"maxAge": 1, "shares": 4537000, "filerUrl": "", "transactionText": "", "filerName": "Kothari (Sagar Tilokchand)", "filerRelation": "Chief Financial Officer", "moneyText": "", "startDate": "2017-05-19", "ownership": "D"}, {"maxAge": 1, "shares": 6927333, "filerUrl": "", "transactionText": "", "filerName": "Kothari (Asha)", "filerRelation": "Promoter", "moneyText": "", "startDate": "2017-05-19", "ownership": "D"}, {"maxAge": 1, "shares": 88294, "filerUrl": "", "transactionText": "", "filerName": "Sagar Portfolio Services Ltd", "filerRelation": "Promoter", "moneyText": "", "startDate": "2017-05-17", "ownership": "D"}, {"maxAge": 1, "shares": 20000, "filerUrl": "", "transactionText": "", "filerName": "Sib Sagar Trade & Agencies Pvt Ltd", "filerRelation": "Promoter", "moneyText": "", "startDate": "2017-05-17", "ownership": "D"}, {"maxAge": 1, "shares": 5500000, "filerUrl": "", "transactionText": "", "filerName": "Kothari (Asha)", "filerRelation": "Promoter", "moneyText": "", "startDate": "2017-05-17", "ownership": "D"}, {"maxAge": 1, "shares": 81747, "filerUrl": "", "transactionText": "", "filerName": "Visagar Financial Services, Ltd.", "filerRelation": "Promoter", "moneyText": "", "startDate": "2017-05-17", "ownership": "D"}, {"maxAge": 1, "shares": 370000, "filerUrl": "", "transactionText": "", "filerName": "Sib Sagar Trade & Agencies Pvt Ltd", "filerRelation": "Promoter", "moneyText": "", "startDate": "2017-05-15", "ownership": "D"}, {"maxAge": 1, "shares": 2700000, "filerUrl": "", "transactionText": "", "filerName": "Sagar Portfolio Services Ltd", "filerRelation": "Promoter", "moneyText": "", "startDate": "2017-05-15", "ownership": "D"}, {"maxAge": 1, "shares": 6700000, "filerUrl": "", "transactionText": "", "filerName": "Visagar Financial Services, Ltd.", "filerRelation": "Promoter", "moneyText": "", "startDate": "2017-05-15", "ownership": "D"}, {"maxAge": 1, "shares": 75362659, "filerUrl": "", "transactionText": "", "filerName": "Kothari (Tilokchand M.)", "filerRelation": "Executive Chairman", "moneyText": "", "startDate": "2017-03-31", "ownership": "D"}, {"maxAge": 1, "shares": 6755427, "filerUrl": "", "transactionText": "", "filerName": "Visagar Financial Services, Ltd.", "filerRelation": "Promoter", "moneyText": "", "startDate": "2017-03-31", "ownership": "D"}, {"maxAge": 1, "shares": 11324333, "filerUrl": "", "transactionText": "", "filerName": "Kothari (Asha)", "filerRelation": "Promoter", "moneyText": "", "startDate": "2017-03-31", "ownership": "D"}, {"maxAge": 1, "shares": 200000, "filerUrl": "", "transactionText": "", "filerName": "Trisha Media Ltd", "filerRelation": "Promoter", "moneyText": "", "startDate": "2017-01-27", "ownership": "D"}, {"maxAge": 1, "shares": 550000, "filerUrl": "", "transactionText": "", "filerName": "Sagar Portfolio Services Ltd", "filerRelation": "Promoter", "moneyText": "", "startDate": "2017-01-27", "ownership": "D"}, {"maxAge": 1, "shares": 825000, "filerUrl": "", "transactionText": "", "filerName": "Sagar Portfolio Services Ltd", "filerRelation": "Promoter", "moneyText": "", "startDate": "2017-01-19", "ownership": "D"}, {"maxAge": 1, "shares": 250000, "filerUrl": "", "transactionText": "", "filerName": "Sagar Portfolio Services Ltd", "filerRelation": "Promoter", "moneyText": "", "startDate": "2016-07-08", "ownership": "D"}, {"maxAge": 1, "shares": 234000, "filerUrl": "", "transactionText": "", "filerName": "Sagar Portfolio Services Ltd", "filerRelation": "Promoter", "moneyText": "", "startDate": "2016-07-04", "ownership": "D"}, {"maxAge": 1, "shares": 500000, "filerUrl": "", "transactionText": "", "filerName": "Sagar Portfolio Services Ltd", "filerRelation": "Promoter", "moneyText": "", "startDate": "2016-06-27", "ownership": "D"}, {"maxAge": 1, "shares": 225000, "filerUrl": "", "transactionText": "", "filerName": "Sagar Portfolio Services Ltd", "filerRelation": "Promoter", "moneyText": "", "startDate": "2016-06-17", "ownership": "D"}, {"maxAge": 1, "shares": 559372, "filerUrl": "", "transactionText": "", "filerName": "Sagar Portfolio Services Ltd", "filerRelation": "Promoter", "moneyText": "", "startDate": "2016-06-15", "ownership": "D"}, {"maxAge": 1, "shares": 375000, "filerUrl": "", "transactionText": "", "filerName": "Sagar Portfolio Services Ltd", "filerRelation": "Promoter", "moneyText": "", "startDate": "2016-06-07", "ownership": "D"}, {"maxAge": 1, "shares": 2000, "filerUrl": "", "transactionText": "", "filerName": "Visagar Financial Services, Ltd.", "filerRelation": "Institution- Corporation", "moneyText": "", "startDate": "2013-02-23", "ownership": "D"}, {"maxAge": 1, "shares": 20000, "filerUrl": "", "transactionText": "", "filerName": "Kothari (Asha)", "filerRelation": "Promoter", "moneyText": "", "startDate": "2012-03-30", "ownership": "D"}, {"maxAge": 1, "shares": 10000, "filerUrl": "", "transactionText": "", "filerName": "Trisha Trading Co Pvt Ltd", "filerRelation": "Promoter", "moneyText": "", "startDate": "2012-03-30", "ownership": "D"}, {"maxAge": 1, "shares": 10000, "filerUrl": "", "transactionText": "", "filerName": "Sib Sagar Trade & Agencies Pvt Ltd", "filerRelation": "Promoter", "moneyText": "", "startDate": "2012-03-30", "ownership": "D"}, {"maxAge": 1, "shares": 40000, "filerUrl": "", "transactionText": "", "filerName": "Sib Sagar Trade & Agencies Pvt Ltd", "filerRelation": "Promoter", "moneyText": "", "startDate": "2012-03-28", "ownership": "D"}, {"maxAge": 1, "shares": 40000, "filerUrl": "", "transactionText": "", "filerName": "Kothari (Tilokchand M.)", "filerRelation": "Chairman of the Board", "moneyText": "", "startDate": "2012-03-28", "ownership": "D"}, {"maxAge": 1, "shares": 25000, "filerUrl": "", "transactionText": "", "filerName": "Trisha Trading Co Pvt Ltd", "filerRelation": "Promoter", "moneyText": "", "startDate": "2012-03-27", "ownership": "D"}, {"maxAge": 1, "shares": 25000, "filerUrl": "", "transactionText": "", "filerName": "Kothari (Sagar Tilokchand)", "filerRelation": "Promoter", "moneyText": "", "startDate": "2012-03-27", "ownership": "D"}], "maxAge": 1}, "quoteType": {"exchange": "BSE", "quoteType": "EQUITY", "symbol": "VIVIDHA.BO", "underlyingSymbol": "VIVIDHA.BO", "shortName": "VISAGAR POLYTEX LTD.", "longName": "Visagar Polytex Limited", "firstTradeDateEpochUtc": "2007-12-18 09:15:00", "timeZoneFullName": "Asia/Kolkata", "timeZoneShortName": "IST", "uuid": "1640887b-8e49-3632-8a0c-8adafcf3841a", "messageBoardId": null, "gmtOffSetMilliseconds": 19800000, "maxAge": 1}, "incomeStatementHistory": {"incomeStatementHistory": [{"maxAge": 1, "endDate": "2020-03-31", "totalRevenue": 103140000, "costOfRevenue": 66876000, "grossProfit": 36264000, "researchDevelopment": {}, "sellingGeneralAdministrative": 3562000, "nonRecurring": {}, "otherOperatingExpenses": 4519000, "totalOperatingExpenses": 82402000, "operatingIncome": 20738000, "totalOtherIncomeExpenseNet": -164271000, "ebit": 20738000, "interestExpense": -3179000, "incomeBeforeTax": -143533000, "incomeTaxExpense": 0, "minorityInterest": {}, "netIncomeFromContinuingOps": -143533000, "discontinuedOperations": {}, "extraordinaryItems": {}, "effectOfAccountingCharges": {}, "otherItems": {}, "netIncome": -143533000, "netIncomeApplicableToCommonShares": -143533000}, {"maxAge": 1, "endDate": "2019-03-31", "totalRevenue": 538764899, "costOfRevenue": 500474053, "grossProfit": 38290846, "researchDevelopment": {}, "sellingGeneralAdministrative": 7331532, "nonRecurring": {}, "otherOperatingExpenses": 7379374, "totalOperatingExpenses": 523869815, "operatingIncome": 14895084, "totalOtherIncomeExpenseNet": -12709825, "ebit": 14895084, "interestExpense": -12548381, "incomeBeforeTax": 2185259, "incomeTaxExpense": 550000, "minorityInterest": {}, "netIncomeFromContinuingOps": 1635259, "discontinuedOperations": {}, "extraordinaryItems": {}, "effectOfAccountingCharges": {}, "otherItems": {}, "netIncome": 1635259, "netIncomeApplicableToCommonShares": 1635259}, {"maxAge": 1, "endDate": "2018-03-31", "totalRevenue": 822695829, "costOfRevenue": 755246455, "grossProfit": 67449374, "researchDevelopment": {}, "sellingGeneralAdministrative": 10365782, "nonRecurring": {}, "otherOperatingExpenses": 12175538, "totalOperatingExpenses": 787798931, "operatingIncome": 34896898, "totalOtherIncomeExpenseNet": -13757357, "ebit": 34896898, "interestExpense": -14069652, "incomeBeforeTax": 21139541, "incomeTaxExpense": 7047930, "minorityInterest": {}, "netIncomeFromContinuingOps": 14091611, "discontinuedOperations": {}, "extraordinaryItems": {}, "effectOfAccountingCharges": {}, "otherItems": {}, "netIncome": 14091611, "netIncomeApplicableToCommonShares": 14091611}, {"maxAge": 1, "endDate": "2017-03-31", "totalRevenue": 811518230, "costOfRevenue": 714128158, "grossProfit": 97390072, "researchDevelopment": {}, "sellingGeneralAdministrative": 13745469, "nonRecurring": {}, "otherOperatingExpenses": 44023610, "totalOperatingExpenses": 781633665, "operatingIncome": 29884565, "totalOtherIncomeExpenseNet": -13308788, "ebit": 29884565, "interestExpense": -13358885, "incomeBeforeTax": 16575777, "incomeTaxExpense": 3000000, "minorityInterest": {}, "netIncomeFromContinuingOps": 13575777, "discontinuedOperations": {}, "extraordinaryItems": {}, "effectOfAccountingCharges": {}, "otherItems": {}, "netIncome": 13575777, "netIncomeApplicableToCommonShares": 13575777}], "maxAge": 86400}, "fundOwnership": {"maxAge": 1, "ownershipList": []}, "summaryDetail": {"maxAge": 1, "priceHint": 4, "previousClose": 0.7, "open": 0.72, "dayLow": 0.67, "dayHigh": 0.73, "regularMarketPreviousClose": 0.7, "regularMarketOpen": 0.72, "regularMarketDayLow": 0.67, "regularMarketDayHigh": 0.73, "forwardPE": 3.4, "volume": 121005, "regularMarketVolume": 121005, "averageVolume": 108077, "averageVolume10days": 406440, "averageDailyVolume10Day": 406440, "bid": 0.68, "ask": 0.71, "bidSize": 0, "askSize": 0, "marketCap": 199036672, "fiftyTwoWeekLow": 0.19, "fiftyTwoWeekHigh": 1.91, "fiftyDayAverage": 1.3154286, "twoHundredDayAverage": 0.650365, "currency": "INR", "fromCurrency": null, "toCurrency": null, "lastMarket": null, "algorithm": null, "tradeable": false}, "sectorTrend": {"maxAge": 1, "symbol": null, "estimates": []}, "incomeStatementHistoryQuarterly": {"incomeStatementHistory": [{"maxAge": 1, "endDate": "2020-06-30", "totalRevenue": 14309000, "costOfRevenue": 17534000, "grossProfit": -3225000, "researchDevelopment": {}, "sellingGeneralAdministrative": 25000, "nonRecurring": {}, "otherOperatingExpenses": 761000, "totalOperatingExpenses": 18320000, "operatingIncome": -4011000, "totalOtherIncomeExpenseNet": -2000, "ebit": -4011000, "interestExpense": -2000, "incomeBeforeTax": -4013000, "incomeTaxExpense": 0, "minorityInterest": {}, "netIncomeFromContinuingOps": -4013000, "discontinuedOperations": {}, "extraordinaryItems": {}, "effectOfAccountingCharges": {}, "otherItems": {}, "netIncome": -4013000, "netIncomeApplicableToCommonShares": -4013000}, {"maxAge": 1, "endDate": "2020-03-31", "totalRevenue": 17850000, "costOfRevenue": 7993000, "grossProfit": 9857000, "researchDevelopment": {}, "sellingGeneralAdministrative": 1007000, "nonRecurring": {}, "otherOperatingExpenses": 972000, "totalOperatingExpenses": 17417000, "operatingIncome": 433000, "totalOtherIncomeExpenseNet": 4901000, "ebit": 433000, "interestExpense": -2000, "incomeBeforeTax": 5334000, "incomeTaxExpense": 0, "minorityInterest": {}, "netIncomeFromContinuingOps": 5334000, "discontinuedOperations": {}, "extraordinaryItems": {}, "effectOfAccountingCharges": {}, "otherItems": {}, "netIncome": 5334000, "netIncomeApplicableToCommonShares": 5334000}, {"maxAge": 1, "endDate": "2019-12-31", "totalRevenue": 30330000, "costOfRevenue": 24238000, "grossProfit": 6092000, "researchDevelopment": {}, "sellingGeneralAdministrative": 656000, "nonRecurring": {}, "otherOperatingExpenses": 1242000, "totalOperatingExpenses": 26136000, "operatingIncome": 4194000, "totalOtherIncomeExpenseNet": -3237000, "ebit": 4194000, "interestExpense": -3237000, "incomeBeforeTax": 957000, "incomeTaxExpense": 0, "minorityInterest": {}, "netIncomeFromContinuingOps": 957000, "discontinuedOperations": {}, "extraordinaryItems": {}, "effectOfAccountingCharges": {}, "otherItems": {}, "netIncome": 957000, "netIncomeApplicableToCommonShares": 957000}, {"maxAge": 1, "endDate": "2019-09-30", "totalRevenue": 38260000, "costOfRevenue": 25096000, "grossProfit": 13164000, "researchDevelopment": {}, "sellingGeneralAdministrative": 1040000, "nonRecurring": {}, "otherOperatingExpenses": 780000, "totalOperatingExpenses": 26916000, "operatingIncome": 11344000, "totalOtherIncomeExpenseNet": -163572000, "ebit": 11344000, "interestExpense": -2480000, "incomeBeforeTax": -152228000, "incomeTaxExpense": 0, "minorityInterest": {}, "netIncomeFromContinuingOps": -152228000, "discontinuedOperations": {}, "extraordinaryItems": {}, "effectOfAccountingCharges": {}, "otherItems": {}, "netIncome": -152228000, "netIncomeApplicableToCommonShares": -152228000}], "maxAge": 86400}, "cashflowStatementHistoryQuarterly": {"cashflowStatements": [{"maxAge": 1, "endDate": "2020-06-30", "netIncome": -4013000, "changeToLiabilities": 0}, {"maxAge": 1, "endDate": "2020-03-31", "netIncome": 5334000, "changeToLiabilities": 0}, {"maxAge": 1, "endDate": "2019-12-31", "netIncome": 957000, "changeToLiabilities": 0}, {"maxAge": 1, "endDate": "2019-09-30", "netIncome": -152228000, "changeToLiabilities": 0}], "maxAge": 86400}, "insiderHolders": {"holders": [{"maxAge": 1, "name": "Kothari (Asha)", "relation": "Promoter", "url": "", "transactionDescription": "Sale", "latestTransDate": "2017-05-19", "positionDirect": 0, "positionDirectDate": "2017-05-19"}, {"maxAge": 1, "name": "Kothari (Sagar Tilokchand)", "relation": "Chief Financial Officer", "url": "", "transactionDescription": "Sale", "latestTransDate": "2017-05-19", "positionDirect": 5008000, "positionDirectDate": "2017-05-19"}, {"maxAge": 1, "name": "Kothari (Tilokchand M.)", "relation": "Managing Director", "url": "", "transactionDescription": "Sale", "latestTransDate": "2018-09-12", "positionDirect": 66050659, "positionDirectDate": "2018-09-12"}, {"maxAge": 1, "name": "Kothari (Tilokchand) HUF", "relation": "UNREPORTED", "url": "", "transactionDescription": "Sale", "latestTransDate": "2017-05-19", "positionDirect": 20000, "positionDirectDate": "2017-05-19"}, {"maxAge": 1, "name": "Sagar Portfolio Services Ltd", "relation": "Promoter", "url": "", "transactionDescription": "Sale", "latestTransDate": "2017-05-17", "positionDirect": 0, "positionDirectDate": "2017-05-17"}, {"maxAge": 1, "name": "Sib Sagar Trade & Agencies Pvt Ltd", "relation": "Promoter", "url": "", "transactionDescription": "Sale", "latestTransDate": "2017-05-17", "positionDirect": 0, "positionDirectDate": "2017-05-17"}, {"maxAge": 1, "name": "Trisha Media Ltd", "relation": "Promoter", "url": "", "transactionDescription": "Sale", "latestTransDate": "2017-01-27", "positionDirect": 2460533, "positionDirectDate": "2017-01-27"}, {"maxAge": 1, "name": "Trisha Trading Co Pvt Ltd", "relation": "Promoter", "url": "", "transactionDescription": "Acquisition", "latestTransDate": "2012-03-30", "positionDirect": 181400, "positionDirectDate": "2012-03-30"}, {"maxAge": 1, "name": "Visagar Financial Services, Ltd.", "relation": "Promoter", "url": "", "transactionDescription": "Sale", "latestTransDate": "2017-05-17", "positionDirect": 0, "positionDirectDate": "2017-05-17"}], "maxAge": 1}, "earnings": {"maxAge": 86400, "earningsChart": {"quarterly": [], "earningsDate": ["2020-09-14 05:30:S"]}, "financialsChart": {"yearly": [{"date": 2017, "revenue": 811518230, "earnings": 13575777}, {"date": 2018, "revenue": 822695829, "earnings": 14091611}, {"date": 2019, "revenue": 538764899, "earnings": 1635259}, {"date": 2020, "revenue": 103140000, "earnings": -143533000}], "quarterly": [{"date": "3Q2019", "revenue": 38260000, "earnings": -152228000}, {"date": "4Q2019", "revenue": 30330000, "earnings": 957000}, {"date": "1Q2020", "revenue": 17850000, "earnings": 5334000}, {"date": "2Q2020", "revenue": 14309000, "earnings": -4013000}]}, "financialCurrency": "INR"}, "calendarEvents": {"maxAge": 1, "earnings": {"earningsDate": ["2020-09-14 05:30:S"]}}, "price": {"maxAge": 1, "regularMarketChangePercent": -0.028571403, "regularMarketChange": -0.01999998, "regularMarketTime": "2021-04-30 15:29:54", "priceHint": 4, "regularMarketPrice": 0.68, "regularMarketDayHigh": 0.73, "regularMarketDayLow": 0.67, "regularMarketVolume": 121005, "averageDailyVolume10Day": 406440, "averageDailyVolume3Month": 108077, "regularMarketPreviousClose": 0.7, "regularMarketSource": "FREE_REALTIME", "regularMarketOpen": 0.72, "exchange": "BSE", "exchangeName": "BSE", "exchangeDataDelayedBy": 0, "marketState": "CLOSED", "quoteType": "EQUITY", "symbol": "VIVIDHA.BO", "underlyingSymbol": null, "shortName": "VISAGAR POLYTEX LTD.", "longName": "Visagar Polytex Limited", "currency": "INR", "quoteSourceName": "Delayed Quote", "currencySymbol": "\u20b9", "fromCurrency": null, "toCurrency": null, "lastMarket": null, "marketCap": 199036672}, "balanceSheetHistory": {"balanceSheetStatements": [{"maxAge": 1, "endDate": "2020-03-31", "cash": 1968000, "netReceivables": 170719000, "inventory": 91835000, "otherCurrentAssets": 17696000, "totalCurrentAssets": 282218000, "longTermInvestments": 26000, "propertyPlantEquipment": 55483000, "intangibleAssets": 14000, "otherAssets": 1273000, "deferredLongTermAssetCharges": 1273000, "totalAssets": 339014000, "accountsPayable": 31163000, "otherCurrentLiab": 5672000, "longTermDebt": 100537000, "totalCurrentLiabilities": 36835000, "totalLiab": 137372000, "commonStock": 292700000, "retainedEarnings": -103238000, "treasuryStock": 12180000, "otherStockholderEquity": 12180000, "totalStockholderEquity": 201642000, "netTangibleAssets": 201628000}, {"maxAge": 1, "endDate": "2019-03-31", "cash": 3354646, "shortTermInvestments": 5714000, "netReceivables": 250203252, "inventory": 258913352, "otherCurrentAssets": 4597158, "totalCurrentAssets": 517068408, "longTermInvestments": 1386510, "propertyPlantEquipment": 62882935, "intangibleAssets": 19087, "otherAssets": 11944796, "deferredLongTermAssetCharges": 1272886, "totalAssets": 593301736, "accountsPayable": 145949623, "otherCurrentLiab": 2676783, "longTermDebt": 8703068, "totalCurrentLiabilities": 239424553, "totalLiab": 248127621, "commonStock": 246200534, "retainedEarnings": 34713581, "treasuryStock": 64260000, "otherStockholderEquity": 64260000, "totalStockholderEquity": 345174115, "netTangibleAssets": 345155028}, {"maxAge": 1, "endDate": "2018-03-31", "cash": 1989737, "netReceivables": 314543002, "inventory": 246381527, "otherCurrentAssets": 4806431, "totalCurrentAssets": 567720697, "longTermInvestments": 1586510, "propertyPlantEquipment": 70385217, "intangibleAssets": 11945, "otherAssets": 21154951, "deferredLongTermAssetCharges": 1272886, "totalAssets": 660859320, "accountsPayable": 234514957, "otherCurrentLiab": 5160669, "longTermDebt": 21392694, "totalCurrentLiabilities": 334987770, "totalLiab": 356380464, "commonStock": 246200534, "retainedEarnings": 33078322, "treasuryStock": 25200000, "otherStockholderEquity": 25200000, "totalStockholderEquity": 304478856, "netTangibleAssets": 304466911}, {"maxAge": 1, "endDate": "2017-03-31", "cash": 2304353, "netReceivables": 177307060, "inventory": 253185527, "otherCurrentAssets": 6342345, "totalCurrentAssets": 439356477, "longTermInvestments": 1586510, "propertyPlantEquipment": 66730147, "intangibleAssets": 19679, "otherAssets": 12600400, "deferredLongTermAssetCharges": 1272886, "totalAssets": 520293213, "accountsPayable": 127941766, "otherCurrentLiab": 6275614, "longTermDebt": 24925471, "otherLiab": -1, "totalCurrentLiabilities": 230180497, "totalLiab": 255105967, "commonStock": 246200534, "retainedEarnings": 18986712, "totalStockholderEquity": 265187246, "netTangibleAssets": 265167567}], "maxAge": 86400}, "earningsTrend": {"trend": [{"maxAge": 1, "period": "0q", "endDate": null, "growth": {}, "earningsEstimate": {"avg": 0.0, "low": 0.0, "high": 0.0, "yearAgoEps": {}, "numberOfAnalysts": 0, "growth": {}}, "revenueEstimate": {"avg": 0, "low": 0, "high": 0, "numberOfAnalysts": 0, "yearAgoRevenue": {}, "growth": {}}, "epsTrend": {"current": 0.0, "7daysAgo": 0.0, "30daysAgo": 0.0, "60daysAgo": 0.0, "90daysAgo": 0.0}, "epsRevisions": {"upLast7days": 0, "upLast30days": 0, "downLast30days": 0, "downLast90days": {}}}, {"maxAge": 1, "period": "+1q", "endDate": null, "growth": {}, "earningsEstimate": {"avg": 0.0, "low": 0.0, "high": 0.0, "yearAgoEps": {}, "numberOfAnalysts": 0, "growth": {}}, "revenueEstimate": {"avg": 0, "low": 0, "high": 0, "numberOfAnalysts": 0, "yearAgoRevenue": {}, "growth": {}}, "epsTrend": {"current": 0.0, "7daysAgo": 0.0, "30daysAgo": 0.0, "60daysAgo": 0.0, "90daysAgo": 0.0}, "epsRevisions": {"upLast7days": 0, "upLast30days": 0, "downLast30days": 0, "downLast90days": {}}}, {"maxAge": 1, "period": "0y", "endDate": null, "growth": {}, "earningsEstimate": {"avg": 0.0, "low": 0.0, "high": 0.0, "yearAgoEps": {}, "numberOfAnalysts": 0, "growth": {}}, "revenueEstimate": {"avg": 0, "low": 0, "high": 0, "numberOfAnalysts": 0, "yearAgoRevenue": {}, "growth": {}}, "epsTrend": {"current": 0.0, "7daysAgo": 0.0, "30daysAgo": 0.0, "60daysAgo": 0.0, "90daysAgo": 0.0}, "epsRevisions": {"upLast7days": 0, "upLast30days": 0, "downLast30days": 0, "downLast90days": {}}}, {"maxAge": 1, "period": "+1y", "endDate": null, "growth": {}, "earningsEstimate": {"avg": 0.0, "low": 0.0, "high": 0.0, "yearAgoEps": {}, "numberOfAnalysts": 0, "growth": {}}, "revenueEstimate": {"avg": 0, "low": 0, "high": 0, "numberOfAnalysts": 0, "yearAgoRevenue": {}, "growth": {}}, "epsTrend": {"current": 0.0, "7daysAgo": 0.0, "30daysAgo": 0.0, "60daysAgo": 0.0, "90daysAgo": 0.0}, "epsRevisions": {"upLast7days": 0, "upLast30days": 0, "downLast30days": 0, "downLast90days": {}}}, {"maxAge": 1, "period": "+5y", "endDate": null, "growth": {}, "earningsEstimate": {"avg": {}, "low": {}, "high": {}, "yearAgoEps": {}, "numberOfAnalysts": {}, "growth": {}}, "revenueEstimate": {"avg": {}, "low": {}, "high": {}, "numberOfAnalysts": {}, "yearAgoRevenue": {}, "growth": {}}, "epsTrend": {"current": {}, "7daysAgo": {}, "30daysAgo": {}, "60daysAgo": {}, "90daysAgo": {}}, "epsRevisions": {"upLast7days": {}, "upLast30days": {}, "downLast30days": {}, "downLast90days": {}}}, {"maxAge": 1, "period": "-5y", "endDate": null, "growth": {}, "earningsEstimate": {"avg": {}, "low": {}, "high": {}, "yearAgoEps": {}, "numberOfAnalysts": {}, "growth": {}}, "revenueEstimate": {"avg": {}, "low": {}, "high": {}, "numberOfAnalysts": {}, "yearAgoRevenue": {}, "growth": {}}, "epsTrend": {"current": {}, "7daysAgo": {}, "30daysAgo": {}, "60daysAgo": {}, "90daysAgo": {}}, "epsRevisions": {"upLast7days": {}, "upLast30days": {}, "downLast30days": {}, "downLast90days": {}}}], "maxAge": 1}, "financialData": {"maxAge": 86400, "currentPrice": 0.68, "targetHighPrice": 100.0, "targetLowPrice": 100.0, "targetMeanPrice": 100.0, "targetMedianPrice": 100.0, "recommendationKey": "none", "numberOfAnalystOpinions": 1, "grossProfits": 36264000, "financialCurrency": "INR"}}}