{"VIVIMEDLAB.BO": {"recommendationTrend": {"trend": [{"period": "0m", "strongBuy": 0, "buy": 0, "hold": 0, "sell": 0, "strongSell": 0}, {"period": "-1m", "strongBuy": 0, "buy": 0, "hold": 0, "sell": 0, "strongSell": 0}, {"period": "-2m", "strongBuy": 0, "buy": 0, "hold": 0, "sell": 0, "strongSell": 0}, {"period": "-3m", "strongBuy": 0, "buy": 0, "hold": 0, "sell": 0, "strongSell": 0}], "maxAge": 86400}, "cashflowStatementHistory": {"cashflowStatements": [{"maxAge": 1, "endDate": "2020-03-31", "netIncome": -1091152000, "depreciation": 669360000, "changeToNetincome": 386555000, "changeToAccountReceivables": 1070430000, "changeToLiabilities": -679230000, "changeToInventory": 617780000, "changeToOperatingActivities": -178143000, "totalCashFromOperatingActivities": 795600000, "capitalExpenditures": -1128080000, "investments": -832023000, "totalCashflowsFromInvestingActivities": -1960103000, "dividendsPaid": -13570000, "netBorrowings": 1318070000, "otherCashflowsFromFinancingActivities": -589510000, "totalCashFromFinancingActivities": 724350000, "changeInCash": -440153000, "issuanceOfStock": 9360000}, {"maxAge": 1, "endDate": "2019-03-31", "netIncome": 573650000, "depreciation": 667900000, "changeToNetincome": 609550000, "changeToAccountReceivables": -806800000, "changeToLiabilities": 924300000, "changeToInventory": -235200000, "changeToOperatingActivities": 2487980000, "totalCashFromOperatingActivities": 4221380000, "capitalExpenditures": -890610000, "investments": 1890000, "totalCashflowsFromInvestingActivities": -888720000, "dividendsPaid": -3172770000, "netBorrowings": 467440000, "otherCashflowsFromFinancingActivities": -672620000, "totalCashFromFinancingActivities": -3377950000, "changeInCash": -45290000, "issuanceOfStock": 9360000}, {"maxAge": 1, "endDate": "2018-03-31", "netIncome": 779430000, "depreciation": 564200000, "changeToNetincome": 451940000, "changeToAccountReceivables": -752880000, "changeToLiabilities": 234010000, "changeToInventory": -561980000, "changeToOperatingActivities": -500510000, "totalCashFromOperatingActivities": 214210000, "capitalExpenditures": -1635370000, "investments": 100000, "totalCashflowsFromInvestingActivities": -1635270000, "dividendsPaid": -32790000, "netBorrowings": -1244240000, "otherCashflowsFromFinancingActivities": -801510000, "totalCashFromFinancingActivities": 1856630000, "changeInCash": 435580000, "issuanceOfStock": 3935170000}, {"maxAge": 1, "endDate": "2017-03-31", "netIncome": 2139750000, "depreciation": 582790000, "changeToNetincome": 1016440000, "changeToAccountReceivables": 1255220000, "changeToLiabilities": -542380000, "changeToInventory": 68290000, "changeToOperatingActivities": -3940550000, "totalCashFromOperatingActivities": 579560000, "capitalExpenditures": -684730000, "investments": -200000, "totalCashflowsFromInvestingActivities": -684930000, "dividendsPaid": -32790000, "netBorrowings": 1009220000, "otherCashflowsFromFinancingActivities": -658710000, "totalCashFromFinancingActivities": 350510000, "changeInCash": 245140000, "issuanceOfStock": 3935170000}], "maxAge": 86400}, "institutionOwnership": {"ownershipList": [], "maxAge": 1}, "balanceSheetHistoryQuarterly": {"balanceSheetStatements": [{"maxAge": 1, "endDate": "2020-06-30", "totalStockholderEquity": 5093714000, "netTangibleAssets": 1624459000}, {"maxAge": 1, "endDate": "2020-03-31", "cash": 504885000, "netReceivables": 3285300000, "inventory": 5019075000, "otherCurrentAssets": 943513000, "totalCurrentAssets": 9752773000, "longTermInvestments": 857125000, "propertyPlantEquipment": 7874728000, "intangibleAssets": 3469255000, "otherAssets": 142300000, "deferredLongTermAssetCharges": 137270000, "totalAssets": 22096181000, "accountsPayable": 2265012000, "shortLongTermDebt": 795678000, "otherCurrentLiab": 235650000, "longTermDebt": 4703940000, "otherLiab": 1342760000, "totalCurrentLiabilities": 7703562000, "totalLiab": 13750262000, "commonStock": 165828000, "treasuryStock": 4927886000, "otherStockholderEquity": 4927886000, "totalStockholderEquity": 5093714000, "netTangibleAssets": 1624459000}, {"maxAge": 1, "endDate": "2019-12-31", "totalStockholderEquity": 5951222000, "netTangibleAssets": 3129740000}, {"maxAge": 1, "endDate": "2019-09-30", "cash": 613465000, "netReceivables": 3634569000, "inventory": 4595708000, "otherCurrentAssets": 1720191000, "totalCurrentAssets": 10563933000, "longTermInvestments": 26392000, "propertyPlantEquipment": 7907869000, "intangibleAssets": 2821482000, "otherAssets": 73629000, "deferredLongTermAssetCharges": 68598000, "totalAssets": 21393305000, "accountsPayable": 2536292000, "shortLongTermDebt": 861074000, "otherCurrentLiab": 358367000, "longTermDebt": 4002139000, "otherLiab": 799745000, "totalCurrentLiabilities": 7387994000, "totalLiab": 12189878000, "commonStock": 165828000, "treasuryStock": 5785394000, "otherStockholderEquity": 5785394000, "totalStockholderEquity": 5951222000, "netTangibleAssets": 3129740000}], "maxAge": 86400}, "earningsHistory": {"history": [{"maxAge": 1, "epsActual": {}, "epsEstimate": {}, "epsDifference": {}, "surprisePercent": {}, "quarter": {}, "period": "-4q"}, {"maxAge": 1, "epsActual": {}, "epsEstimate": {}, "epsDifference": {}, "surprisePercent": {}, "quarter": {}, "period": "-3q"}, {"maxAge": 1, "epsActual": {}, "epsEstimate": {}, "epsDifference": {}, "surprisePercent": {}, "quarter": {}, "period": "-2q"}, {"maxAge": 1, "epsActual": {}, "epsEstimate": {}, "epsDifference": {}, "surprisePercent": {}, "quarter": {}, "period": "-1q"}], "maxAge": 86400}, "indexTrend": {"maxAge": 1, "symbol": "SP5", "peRatio": 19.7411, "pegRatio": 1.34172, "estimates": [{"period": "0q", "growth": 0.549}, {"period": "+1q", "growth": 0.431}, {"period": "0y", "growth": 0.305}, {"period": "+1y", "growth": 0.109}, {"period": "+5y", "growth": 0.120865}, {"period": "-5y"}]}, "industryTrend": {"maxAge": 1, "symbol": null, "estimates": []}, "insiderTransactions": {"transactions": [{"maxAge": 1, "shares": 137017, "filerUrl": "", "transactionText": "", "filerName": "Varalwar (Sandeep)", "filerRelation": "Promoter", "moneyText": "", "startDate": "2020-03-16", "ownership": "D"}, {"maxAge": 1, "shares": 176599, "filerUrl": "", "transactionText": "", "filerName": "Varalwar (Sandeep)", "filerRelation": "Wholetime Director", "moneyText": "", "startDate": "2020-03-09", "ownership": "D"}, {"maxAge": 1, "shares": 237969, "filerUrl": "", "transactionText": "", "filerName": "Varalwar (Sandeep)", "filerRelation": "Wholetime Director", "moneyText": "", "startDate": "2020-03-06", "ownership": "D"}, {"maxAge": 1, "shares": 500000, "filerUrl": "", "transactionText": "", "filerName": "Varalwar (Manohar Rao)", "filerRelation": "Non Independent Chairman Of The Board", "moneyText": "", "startDate": "2018-06-01", "ownership": "D"}, {"maxAge": 1, "shares": 12343570, "filerUrl": "", "transactionText": "", "filerName": "BBR Projects Pvt Ltd", "filerRelation": "Promoter", "moneyText": "", "startDate": "2018-06-01", "ownership": "D"}, {"maxAge": 1, "shares": 335000, "filerUrl": "", "transactionText": "", "filerName": "BBR Projects Pvt Ltd", "filerRelation": "Promoter", "moneyText": "", "startDate": "2018-03-21", "ownership": "D"}, {"maxAge": 1, "shares": 200000, "filerUrl": "", "transactionText": "", "filerName": "BBR Projects Pvt Ltd", "filerRelation": "Promoter", "moneyText": "", "startDate": "2018-03-13", "ownership": "D"}, {"maxAge": 1, "shares": 11646570, "filerUrl": "", "transactionText": "", "filerName": "BBR Projects Pvt Ltd", "filerRelation": "Promoter", "moneyText": "", "startDate": "2018-03-12", "ownership": "D"}, {"maxAge": 1, "shares": 8800, "filerUrl": "", "transactionText": "", "filerName": "Varalwar (Subhash)", "filerRelation": "Non Independent Vice Chairman Of The Boa", "moneyText": "", "startDate": "2017-04-21", "ownership": "D"}, {"maxAge": 1, "shares": 1269550, "filerUrl": "", "transactionText": "", "filerName": "Varalwar (Subhash)", "filerRelation": "Non Independent Vice Chairman Of The Boa", "moneyText": "", "startDate": "2017-04-21", "ownership": "D"}, {"maxAge": 1, "shares": 8800, "filerUrl": "", "transactionText": "", "filerName": "Varalwar (Sandeep)", "filerRelation": "Non Independent Director", "moneyText": "", "startDate": "2017-04-21", "ownership": "D"}, {"maxAge": 1, "shares": 50000, "filerUrl": "", "transactionText": "", "filerName": "Varalwar (Manohar Rao)", "filerRelation": "Non Independent Chairman Of The Board", "moneyText": "", "startDate": "2017-04-21", "ownership": "D"}, {"maxAge": 1, "shares": 600000, "filerUrl": "", "transactionText": "", "filerName": "BBR Projects Pvt Ltd", "filerRelation": "Promoter", "moneyText": "", "startDate": "2017-03-29", "ownership": "D"}, {"maxAge": 1, "shares": 1414196, "filerUrl": "", "transactionText": "", "filerName": "Varalwar (Sujatha)", "filerRelation": "Promoter", "moneyText": "", "startDate": "2017-03-29", "ownership": "D"}, {"maxAge": 1, "shares": 5000, "filerUrl": "", "transactionText": "", "filerName": "Varalwar (Sheetal)", "filerRelation": "Promoter", "moneyText": "", "startDate": "2016-10-04", "ownership": "D"}, {"maxAge": 1, "shares": 15000, "filerUrl": "", "transactionText": "", "filerName": "Varalwar (Sheetal)", "filerRelation": "Promoter", "moneyText": "", "startDate": "2016-09-19", "ownership": "D"}, {"maxAge": 1, "shares": 61489, "filerUrl": "", "transactionText": "", "filerName": "Varalwar (Vijaykumar)", "filerRelation": "Promoter", "moneyText": "", "startDate": "2016-08-18", "ownership": "D"}, {"maxAge": 1, "shares": 9749313, "filerUrl": "", "transactionText": "", "filerName": "BBR Projects Pvt Ltd", "filerRelation": "Promoter", "moneyText": "", "startDate": "2016-07-12", "ownership": "D"}, {"maxAge": 1, "shares": 30000, "filerUrl": "", "transactionText": "", "filerName": "Varalwar (Sheetal)", "filerRelation": "Promoter", "moneyText": "", "startDate": "2016-07-07", "ownership": "D"}, {"maxAge": 1, "shares": 38511, "filerUrl": "", "transactionText": "", "filerName": "Varalwar (Vijaykumar)", "filerRelation": "Promoter", "moneyText": "", "startDate": "2016-05-12", "ownership": "D"}, {"maxAge": 1, "shares": 20000, "filerUrl": "", "transactionText": "", "filerName": "Varalwar (Padma)", "filerRelation": "Promoter", "moneyText": "", "startDate": "2016-03-23", "ownership": "D"}, {"maxAge": 1, "shares": 20000, "filerUrl": "", "transactionText": "", "filerName": "Varalwar (Sujatha)", "filerRelation": "Promoter", "moneyText": "", "startDate": "2016-01-25", "ownership": "D"}, {"maxAge": 1, "shares": 777, "filerUrl": "", "transactionText": "", "filerName": "Gurnukar (Mamatha)", "filerRelation": "Promoter", "moneyText": "", "startDate": "2013-08-23", "ownership": "D"}, {"maxAge": 1, "shares": 1500, "filerUrl": "", "transactionText": "", "filerName": "Gurnukar (Mamatha)", "filerRelation": "Promoter", "moneyText": "", "startDate": "2013-08-20", "ownership": "D"}, {"maxAge": 1, "shares": 60500, "filerUrl": "", "transactionText": "", "filerName": "Raghunandan (Shyam)", "filerRelation": "Non Independent Director", "moneyText": "", "startDate": "2013-08-19", "ownership": "D"}, {"maxAge": 1, "shares": 9023, "filerUrl": "", "transactionText": "", "filerName": "Gurnukar (Mamatha)", "filerRelation": "Promoter", "moneyText": "", "startDate": "2013-08-08", "ownership": "D"}, {"maxAge": 1, "shares": 4000, "filerUrl": "", "transactionText": "", "filerName": "Raghunandan (Shyam)", "filerRelation": "Non Independent Director", "moneyText": "", "startDate": "2013-07-30", "ownership": "D"}, {"maxAge": 1, "shares": 200000, "filerUrl": "", "transactionText": "", "filerName": "Varalwar (Vithabhai)", "filerRelation": "Promoter", "moneyText": "", "startDate": "2013-06-18", "ownership": "D"}, {"maxAge": 1, "shares": 200000, "filerUrl": "", "transactionText": "", "filerName": "BBR Projects Pvt Ltd", "filerRelation": "Promoter", "moneyText": "", "startDate": "2013-06-18", "ownership": "D"}, {"maxAge": 1, "shares": 2126984, "filerUrl": "", "transactionText": "", "filerName": "NYLIM Jacob Ballas India Fund III", "filerRelation": "Investment Advisor", "moneyText": "", "startDate": "2013-03-22", "ownership": "D"}, {"maxAge": 1, "shares": 70000, "filerUrl": "", "transactionText": "", "filerName": "Varalwar (Subhash)", "filerRelation": "Executive Vice Chairman", "moneyText": "", "startDate": "2012-03-15", "ownership": "D"}, {"maxAge": 1, "shares": 224670, "filerUrl": "", "transactionText": "", "filerName": "Credit Suisse Singapore Ltd", "filerRelation": "UNREPORTED", "moneyText": "", "startDate": "2010-08-02", "ownership": "D"}, {"maxAge": 1, "shares": 563918, "filerUrl": "", "transactionText": "", "filerName": "Credit Suisse Singapore Ltd", "filerRelation": "UNREPORTED", "moneyText": "", "startDate": "2009-12-04", "ownership": "D"}], "maxAge": 1}, "quoteType": {"exchange": "BSE", "quoteType": "EQUITY", "symbol": "VIVIMEDLAB.BO", "underlyingSymbol": "VIVIMEDLAB.BO", "shortName": "VIVIMED LABS LTD.", "longName": "Vivimed Labs Limited", "firstTradeDateEpochUtc": "2005-08-17 09:15:00", "timeZoneFullName": "Asia/Kolkata", "timeZoneShortName": "IST", "uuid": "0165df13-4640-3676-8ab5-237286ba3c59", "gmtOffSetMilliseconds": 19800000, "maxAge": 1}, "incomeStatementHistory": {"incomeStatementHistory": [{"maxAge": 1, "endDate": "2020-03-31", "totalRevenue": 10670547000, "costOfRevenue": 4625527000, "grossProfit": 6045020000, "researchDevelopment": {}, "sellingGeneralAdministrative": 2333572000, "nonRecurring": {}, "otherOperatingExpenses": 3547822000, "totalOperatingExpenses": 11176379000, "operatingIncome": -505832000, "totalOtherIncomeExpenseNet": -588915000, "ebit": -505832000, "interestExpense": -588915000, "incomeBeforeTax": -1094747000, "incomeTaxExpense": -3595000, "minorityInterest": {}, "netIncomeFromContinuingOps": -1091152000, "discontinuedOperations": {}, "extraordinaryItems": {}, "effectOfAccountingCharges": {}, "otherItems": {}, "netIncome": -1091152000, "netIncomeApplicableToCommonShares": -1091152000}, {"maxAge": 1, "endDate": "2019-03-31", "totalRevenue": 13381310000, "costOfRevenue": 5451840000, "grossProfit": 7929470000, "researchDevelopment": {}, "sellingGeneralAdministrative": 2486060000, "nonRecurring": {}, "otherOperatingExpenses": 3552550000, "totalOperatingExpenses": 12158350000, "operatingIncome": 1222960000, "totalOtherIncomeExpenseNet": -562510000, "ebit": 1222960000, "interestExpense": -570260000, "incomeBeforeTax": 660450000, "incomeTaxExpense": 86800000, "minorityInterest": {}, "netIncomeFromContinuingOps": 573650000, "discontinuedOperations": {}, "extraordinaryItems": {}, "effectOfAccountingCharges": {}, "otherItems": {}, "netIncome": 573650000, "netIncomeApplicableToCommonShares": 573650000}, {"maxAge": 1, "endDate": "2018-03-31", "totalRevenue": 11952700000, "costOfRevenue": 4982810000, "grossProfit": 6969890000, "researchDevelopment": {}, "sellingGeneralAdministrative": 2025920000, "nonRecurring": {}, "otherOperatingExpenses": 2869310000, "totalOperatingExpenses": 10442240000, "operatingIncome": 1510460000, "totalOtherIncomeExpenseNet": -653350000, "ebit": 1510460000, "interestExpense": -516130000, "incomeBeforeTax": 857110000, "incomeTaxExpense": 96210000, "minorityInterest": 122810000, "netIncomeFromContinuingOps": 760900000, "discontinuedOperations": {}, "extraordinaryItems": {}, "effectOfAccountingCharges": {}, "otherItems": {}, "netIncome": 779430000, "netIncomeApplicableToCommonShares": 779430000}, {"maxAge": 1, "endDate": "2017-03-31", "totalRevenue": 14699990000, "costOfRevenue": 5582890000, "grossProfit": 9117100000, "researchDevelopment": {}, "sellingGeneralAdministrative": 1942220000, "nonRecurring": {}, "otherOperatingExpenses": 2962570000, "totalOperatingExpenses": 11070470000, "operatingIncome": 3629520000, "totalOtherIncomeExpenseNet": -764750000, "ebit": 3629520000, "interestExpense": -609950000, "incomeBeforeTax": 2864770000, "incomeTaxExpense": 725020000, "minorityInterest": 122810000, "netIncomeFromContinuingOps": 2139750000, "discontinuedOperations": {}, "extraordinaryItems": {}, "effectOfAccountingCharges": {}, "otherItems": {}, "netIncome": 2139750000, "netIncomeApplicableToCommonShares": 2139750000}], "maxAge": 86400}, "fundOwnership": {"ownershipList": [], "maxAge": 1}, "summaryDetail": {"maxAge": 1, "priceHint": 2, "previousClose": 35.75, "open": 34.0, "dayLow": 34.0, "dayHigh": 34.0, "regularMarketPreviousClose": 35.75, "regularMarketOpen": 34.0, "regularMarketDayLow": 34.0, "regularMarketDayHigh": 34.0, "forwardPE": 2.182285, "volume": 11915, "regularMarketVolume": 11915, "averageVolume": 49021, "averageVolume10days": 33643, "averageDailyVolume10Day": 33643, "bid": 0.0, "ask": 37.6, "bidSize": 0, "askSize": 0, "marketCap": 2805812736, "fiftyTwoWeekLow": 6.5, "fiftyTwoWeekHigh": 34.0, "fiftyDayAverage": 17.613636, "twoHundredDayAverage": 17.283161, "trailingAnnualDividendRate": 0.4, "trailingAnnualDividendYield": 0.011188812, "currency": "INR", "fromCurrency": null, "lastMarket": null, "algorithm": null, "tradeable": false}, "sectorTrend": {"maxAge": 1, "symbol": null, "estimates": []}, "incomeStatementHistoryQuarterly": {"incomeStatementHistory": [{"maxAge": 1, "endDate": "2020-06-30", "totalRevenue": 3245924000, "costOfRevenue": 1349156000, "grossProfit": 1896768000, "researchDevelopment": {}, "sellingGeneralAdministrative": 616722000, "nonRecurring": {}, "otherOperatingExpenses": 796178000, "totalOperatingExpenses": 2934953000, "operatingIncome": 310971000, "totalOtherIncomeExpenseNet": -148814000, "ebit": 310971000, "interestExpense": -148812000, "incomeBeforeTax": 162157000, "incomeTaxExpense": 33788000, "minorityInterest": {}, "netIncomeFromContinuingOps": 128369000, "discontinuedOperations": {}, "extraordinaryItems": {}, "effectOfAccountingCharges": {}, "otherItems": {}, "netIncome": 128369000, "netIncomeApplicableToCommonShares": 128369000}, {"maxAge": 1, "endDate": "2020-03-31", "totalRevenue": 2382420000, "costOfRevenue": 832836000, "grossProfit": 1549584000, "researchDevelopment": {}, "sellingGeneralAdministrative": 733362000, "nonRecurring": {}, "otherOperatingExpenses": 998645000, "totalOperatingExpenses": 2739651000, "operatingIncome": -357231000, "totalOtherIncomeExpenseNet": -147147000, "ebit": -357231000, "interestExpense": -147147000, "incomeBeforeTax": -504378000, "incomeTaxExpense": 104012000, "minorityInterest": {}, "netIncomeFromContinuingOps": -608390000, "discontinuedOperations": {}, "extraordinaryItems": {}, "effectOfAccountingCharges": {}, "otherItems": {}, "netIncome": -608390000, "netIncomeApplicableToCommonShares": -608390000}, {"maxAge": 1, "endDate": "2019-12-31", "totalRevenue": 1997907000, "costOfRevenue": 835192000, "grossProfit": 1162715000, "researchDevelopment": {}, "sellingGeneralAdministrative": 487005000, "nonRecurring": {}, "otherOperatingExpenses": 743448000, "totalOperatingExpenses": 2221814000, "operatingIncome": -223907000, "totalOtherIncomeExpenseNet": -164832000, "ebit": -223907000, "interestExpense": -164833000, "incomeBeforeTax": -388739000, "incomeTaxExpense": -68024000, "minorityInterest": {}, "netIncomeFromContinuingOps": -320715000, "discontinuedOperations": {}, "extraordinaryItems": {}, "effectOfAccountingCharges": {}, "otherItems": {}, "netIncome": -320715000, "netIncomeApplicableToCommonShares": -320715000}, {"maxAge": 1, "endDate": "2019-09-30", "totalRevenue": 2835491000, "costOfRevenue": 1373650000, "grossProfit": 1461841000, "researchDevelopment": {}, "sellingGeneralAdministrative": 499968000, "nonRecurring": {}, "otherOperatingExpenses": 971727000, "totalOperatingExpenses": 3014314000, "operatingIncome": -178823000, "totalOtherIncomeExpenseNet": -131069000, "ebit": -178823000, "interestExpense": -155858000, "incomeBeforeTax": -334681000, "incomeTaxExpense": -71153000, "minorityInterest": {}, "netIncomeFromContinuingOps": -263528000, "discontinuedOperations": {}, "extraordinaryItems": {}, "effectOfAccountingCharges": {}, "otherItems": {}, "netIncome": -263528000, "netIncomeApplicableToCommonShares": -263528000}], "maxAge": 86400}, "cashflowStatementHistoryQuarterly": {"cashflowStatements": [{"maxAge": 1, "endDate": "2020-06-30", "netIncome": 128369000, "changeToLiabilities": 0}, {"maxAge": 1, "endDate": "2020-03-31", "netIncome": -608390000, "changeToLiabilities": 0}, {"maxAge": 1, "endDate": "2019-12-31", "netIncome": -320715000, "changeToLiabilities": 0}, {"maxAge": 1, "endDate": "2019-09-30", "netIncome": -263528000, "changeToLiabilities": 0}], "maxAge": 86400}, "insiderHolders": {"holders": [{"maxAge": 1, "name": "BBR Projects Pvt Ltd", "relation": "Promoter", "url": "", "transactionDescription": "Other", "latestTransDate": "2018-06-01", "positionDirect": 13662000, "positionDirectDate": "2018-06-01"}, {"maxAge": 1, "name": "Gurnukar (Mamatha)", "relation": "Promoter", "url": "", "transactionDescription": "Acquisition", "latestTransDate": "2013-08-23", "positionDirect": 30000, "positionDirectDate": "2013-08-23"}, {"maxAge": 1, "name": "Raghunandan (Shyam)", "relation": "Non Independent Director", "url": "", "transactionDescription": "Acquisition", "latestTransDate": "2013-08-19", "positionDirect": 1500, "positionDirectDate": "2013-08-19"}, {"maxAge": 1, "name": "Varalwar (Manohar Rao)", "relation": "Non Independent Chairman Of The Board", "url": "", "transactionDescription": "Other", "latestTransDate": "2018-06-01", "positionDirect": 1294225, "positionDirectDate": "2018-06-01"}, {"maxAge": 1, "name": "Varalwar (Padma)", "relation": "Promoter", "url": "", "transactionDescription": "Other", "latestTransDate": "2016-03-23", "positionDirect": 6650, "positionDirectDate": "2016-03-23"}, {"maxAge": 1, "name": "Varalwar (Sandeep)", "relation": "Promoter", "url": "", "transactionDescription": "Acquisition", "latestTransDate": "2020-03-16", "positionDirect": 1875647, "positionDirectDate": "2020-03-16"}, {"maxAge": 1, "name": "Varalwar (Sheetal)", "relation": "Promoter", "url": "", "transactionDescription": "Sale", "latestTransDate": "2016-10-04", "positionDirect": 568985, "positionDirectDate": "2016-10-04"}, {"maxAge": 1, "name": "Varalwar (Subhash)", "relation": "Non Independent Vice Chairman Of The Boa", "url": "", "transactionDescription": "Other", "latestTransDate": "2017-04-21", "positionDirect": 1625000, "positionDirectDate": "2017-04-21"}, {"maxAge": 1, "name": "Varalwar (Sujatha)", "relation": "Promoter", "url": "", "transactionDescription": "Other", "latestTransDate": "2017-03-29", "positionDirect": 1893995, "positionDirectDate": "2017-03-29"}, {"maxAge": 1, "name": "Varalwar (Vijaykumar)", "relation": "Promoter", "url": "", "transactionDescription": "Sale", "latestTransDate": "2016-08-18", "positionDirect": 150000, "positionDirectDate": "2016-08-18"}], "maxAge": 1}, "earnings": {"maxAge": 86400, "earningsChart": {"quarterly": [], "earningsDate": []}, "financialsChart": {"yearly": [{"date": 2017, "revenue": 14699990000, "earnings": 2139750000}, {"date": 2018, "revenue": 11952700000, "earnings": 779430000}, {"date": 2019, "revenue": 13381310000, "earnings": 573650000}, {"date": 2020, "revenue": 10670547000, "earnings": -1091152000}], "quarterly": [{"date": "3Q2019", "revenue": 2835491000, "earnings": -263528000}, {"date": "4Q2019", "revenue": 1997907000, "earnings": -320715000}, {"date": "1Q2020", "revenue": 2382420000, "earnings": -608390000}, {"date": "2Q2020", "revenue": 3245924000, "earnings": 128369000}]}, "financialCurrency": "INR"}, "calendarEvents": {"maxAge": 1, "earnings": {"earningsDate": []}}, "upgradeDowngradeHistory": {"history": [], "maxAge": 86400}, "price": {"maxAge": 1, "regularMarketChangePercent": -0.04895105, "regularMarketChange": -1.75, "regularMarketTime": "2021-04-30 15:56:47", "priceHint": 2, "regularMarketPrice": 34.0, "regularMarketDayHigh": 34.0, "regularMarketDayLow": 34.0, "regularMarketVolume": 11915, "averageDailyVolume10Day": 33643, "averageDailyVolume3Month": 49021, "regularMarketPreviousClose": 35.75, "regularMarketSource": "FREE_REALTIME", "regularMarketOpen": 34.0, "exchange": "BSE", "exchangeName": "BSE", "exchangeDataDelayedBy": 0, "marketState": "CLOSED", "quoteType": "EQUITY", "symbol": "VIVIMEDLAB.BO", "underlyingSymbol": null, "shortName": "VIVIMED LABS LTD.", "longName": "Vivimed Labs Limited", "currency": "INR", "quoteSourceName": "Delayed Quote", "currencySymbol": "\u20b9", "fromCurrency": null, "lastMarket": null, "marketCap": 2805812736}, "balanceSheetHistory": {"balanceSheetStatements": [{"maxAge": 1, "endDate": "2020-03-31", "cash": 504885000, "netReceivables": 3285300000, "inventory": 5019075000, "otherCurrentAssets": 943513000, "totalCurrentAssets": 9752773000, "longTermInvestments": 857125000, "propertyPlantEquipment": 7874728000, "intangibleAssets": 3469255000, "otherAssets": 142300000, "deferredLongTermAssetCharges": 137270000, "totalAssets": 22096181000, "accountsPayable": 2265012000, "shortLongTermDebt": 795678000, "otherCurrentLiab": 235649000, "longTermDebt": 4703940000, "otherLiab": 1342761000, "totalCurrentLiabilities": 7703561000, "totalLiab": 13750262000, "commonStock": 165828000, "treasuryStock": 4927886000, "otherStockholderEquity": 4927886000, "totalStockholderEquity": 5093714000, "netTangibleAssets": 1624459000}, {"maxAge": 1, "endDate": "2019-03-31", "cash": 945040000, "netReceivables": 4347790000, "inventory": 5636860000, "otherCurrentAssets": 1098700000, "totalCurrentAssets": 12306100000, "longTermInvestments": 25100000, "propertyPlantEquipment": 7843400000, "goodWill": 2176250000, "intangibleAssets": 852640000, "otherAssets": 88180000, "deferredLongTermAssetCharges": 67920000, "totalAssets": 23291670000, "accountsPayable": 2944240000, "shortLongTermDebt": 1976090000, "otherCurrentLiab": 351010000, "longTermDebt": 4248010000, "otherLiab": 716370000, "totalCurrentLiabilities": 8889350000, "totalLiab": 13853730000, "commonStock": 165050000, "retainedEarnings": 3496080000, "treasuryStock": 219380000, "capitalSurplus": 2305220000, "otherStockholderEquity": 219380000, "totalStockholderEquity": 6185730000, "netTangibleAssets": 3156840000}, {"maxAge": 1, "endDate": "2018-03-31", "cash": 990330000, "netReceivables": 3607690000, "inventory": 5401660000, "otherCurrentAssets": 2530110000, "totalCurrentAssets": 12819410000, "longTermInvestments": 26990000, "propertyPlantEquipment": 8099870000, "goodWill": 2176260000, "intangibleAssets": 730150000, "otherAssets": 83600000, "deferredLongTermAssetCharges": 78570000, "totalAssets": 23936280000, "accountsPayable": 2019940000, "shortLongTermDebt": 1136370000, "otherCurrentLiab": 548800000, "longTermDebt": 3251970000, "otherLiab": 395220000, "minorityInterest": 122810000, "totalCurrentLiabilities": 7902310000, "totalLiab": 11549500000, "commonStock": 165050000, "retainedEarnings": 6218000000, "treasuryStock": 323490000, "capitalSurplus": 2305220000, "otherStockholderEquity": 323490000, "totalStockholderEquity": 9011760000, "netTangibleAssets": 6105350000}, {"maxAge": 1, "endDate": "2017-03-31", "cash": 554730000, "netReceivables": 2624770000, "inventory": 4839680000, "otherCurrentAssets": 2700630000, "totalCurrentAssets": 10944170000, "longTermInvestments": 27090000, "propertyPlantEquipment": 7284970000, "goodWill": 1591710000, "intangibleAssets": 673580000, "otherAssets": 97720000, "deferredLongTermAssetCharges": 64620000, "totalAssets": 20619240000, "accountsPayable": 1785930000, "shortLongTermDebt": 1758870000, "otherCurrentLiab": 769920000, "longTermDebt": 4533110000, "otherLiab": 570130000, "totalCurrentLiabilities": 8173900000, "totalLiab": 13277140000, "commonStock": 162040000, "retainedEarnings": 5474800000, "treasuryStock": -61340000, "capitalSurplus": 1766600000, "otherStockholderEquity": -61340000, "totalStockholderEquity": 7342100000, "netTangibleAssets": 5076810000}], "maxAge": 86400}, "earningsTrend": {"trend": [{"maxAge": 1, "period": "0q", "endDate": null, "growth": {}, "earningsEstimate": {"avg": 0.0, "low": 0.0, "high": 0.0, "yearAgoEps": {}, "numberOfAnalysts": 0, "growth": {}}, "revenueEstimate": {"avg": 0, "low": 0, "high": 0, "numberOfAnalysts": 0, "yearAgoRevenue": {}, "growth": {}}, "epsTrend": {"current": 0.0, "7daysAgo": 0.0, "30daysAgo": 0.0, "60daysAgo": 0.0, "90daysAgo": 0.0}, "epsRevisions": {"upLast7days": 0, "upLast30days": 0, "downLast30days": 0, "downLast90days": {}}}, {"maxAge": 1, "period": "+1q", "endDate": null, "growth": {}, "earningsEstimate": {"avg": 0.0, "low": 0.0, "high": 0.0, "yearAgoEps": {}, "numberOfAnalysts": 0, "growth": {}}, "revenueEstimate": {"avg": 0, "low": 0, "high": 0, "numberOfAnalysts": 0, "yearAgoRevenue": {}, "growth": {}}, "epsTrend": {"current": 0.0, "7daysAgo": 0.0, "30daysAgo": 0.0, "60daysAgo": 0.0, "90daysAgo": 0.0}, "epsRevisions": {"upLast7days": 0, "upLast30days": 0, "downLast30days": 0, "downLast90days": {}}}, {"maxAge": 1, "period": "0y", "endDate": null, "growth": {}, "earningsEstimate": {"avg": 0.0, "low": 0.0, "high": 0.0, "yearAgoEps": {}, "numberOfAnalysts": 0, "growth": {}}, "revenueEstimate": {"avg": 0, "low": 0, "high": 0, "numberOfAnalysts": 0, "yearAgoRevenue": {}, "growth": {}}, "epsTrend": {"current": 0.0, "7daysAgo": 0.0, "30daysAgo": 0.0, "60daysAgo": 0.0, "90daysAgo": 0.0}, "epsRevisions": {"upLast7days": 0, "upLast30days": 0, "downLast30days": 0, "downLast90days": {}}}, {"maxAge": 1, "period": "+1y", "endDate": null, "growth": {}, "earningsEstimate": {"avg": 0.0, "low": 0.0, "high": 0.0, "yearAgoEps": {}, "numberOfAnalysts": 0, "growth": {}}, "revenueEstimate": {"avg": 0, "low": 0, "high": 0, "numberOfAnalysts": 0, "yearAgoRevenue": {}, "growth": {}}, "epsTrend": {"current": 0.0, "7daysAgo": 0.0, "30daysAgo": 0.0, "60daysAgo": 0.0, "90daysAgo": 0.0}, "epsRevisions": {"upLast7days": 0, "upLast30days": 0, "downLast30days": 0, "downLast90days": {}}}, {"maxAge": 1, "period": "+5y", "endDate": null, "growth": {}, "earningsEstimate": {"avg": {}, "low": {}, "high": {}, "yearAgoEps": {}, "numberOfAnalysts": {}, "growth": {}}, "revenueEstimate": {"avg": {}, "low": {}, "high": {}, "numberOfAnalysts": {}, "yearAgoRevenue": {}, "growth": {}}, "epsTrend": {"current": {}, "7daysAgo": {}, "30daysAgo": {}, "60daysAgo": {}, "90daysAgo": {}}, "epsRevisions": {"upLast7days": {}, "upLast30days": {}, "downLast30days": {}, "downLast90days": {}}}, {"maxAge": 1, "period": "-5y", "endDate": null, "growth": {}, "earningsEstimate": {"avg": {}, "low": {}, "high": {}, "yearAgoEps": {}, "numberOfAnalysts": {}, "growth": {}}, "revenueEstimate": {"avg": {}, "low": {}, "high": {}, "numberOfAnalysts": {}, "yearAgoRevenue": {}, "growth": {}}, "epsTrend": {"current": {}, "7daysAgo": {}, "30daysAgo": {}, "60daysAgo": {}, "90daysAgo": {}}, "epsRevisions": {"upLast7days": {}, "upLast30days": {}, "downLast30days": {}, "downLast90days": {}}}], "maxAge": 1}, "financialData": {"maxAge": 86400, "currentPrice": 34.0, "targetHighPrice": 134.0, "targetLowPrice": 134.0, "targetMeanPrice": 134.0, "targetMedianPrice": 134.0, "recommendationKey": "none", "numberOfAnalystOpinions": 1, "grossProfits": 6045020000, "financialCurrency": "INR"}}}