{"VIVIDIND.BO": {"recommendationTrend": {"trend": [{"period": "0m", "strongBuy": 0, "buy": 0, "hold": 0, "sell": 0, "strongSell": 0}, {"period": "-1m", "strongBuy": 0, "buy": 0, "hold": 0, "sell": 0, "strongSell": 0}, {"period": "-2m", "strongBuy": 0, "buy": 0, "hold": 0, "sell": 0, "strongSell": 0}, {"period": "-3m", "strongBuy": 0, "buy": 0, "hold": 0, "sell": 0, "strongSell": 0}], "maxAge": 86400}, "cashflowStatementHistory": {"cashflowStatements": [{"maxAge": 1, "endDate": "2020-03-31", "netIncome": 8656553, "depreciation": 7117742, "changeToNetincome": 9741319, "changeToAccountReceivables": 2397840, "changeToLiabilities": 22180259, "changeToInventory": -19715400, "totalCashFromOperatingActivities": 30378313, "capitalExpenditures": -4440566, "totalCashflowsFromInvestingActivities": -4440566, "dividendsPaid": -2751742, "netBorrowings": -2221737, "otherCashflowsFromFinancingActivities": -5626836, "totalCashFromFinancingActivities": -10600315, "changeInCash": 15337432}, {"maxAge": 1, "endDate": "2019-03-31", "netIncome": 33944731, "depreciation": 5647245, "changeToNetincome": 6044416, "changeToAccountReceivables": -8789852, "changeToLiabilities": -9256539, "changeToInventory": -1328445, "totalCashFromOperatingActivities": 26261556, "capitalExpenditures": -12371696, "totalCashflowsFromInvestingActivities": -12306696, "dividendsPaid": -5520042, "netBorrowings": -1828066, "otherCashflowsFromFinancingActivities": -6065986, "totalCashFromFinancingActivities": -13414094, "changeInCash": 540767}, {"maxAge": 1, "endDate": "2018-03-31", "netIncome": 27021855, "depreciation": 4846716, "changeToNetincome": 6953253, "changeToAccountReceivables": -39797812, "changeToLiabilities": 48540527, "changeToInventory": -31959666, "changeToOperatingActivities": 5328550, "totalCashFromOperatingActivities": 20933423, "capitalExpenditures": -7239422, "otherCashflowsFromInvestingActivities": -1375008, "totalCashflowsFromInvestingActivities": -8614430, "dividendsPaid": -4564563, "netBorrowings": 3080342, "otherCashflowsFromFinancingActivities": -6285640, "totalCashFromFinancingActivities": -7769861, "changeInCash": 4549132}, {"maxAge": 1, "endDate": "2017-03-31", "netIncome": 18077900, "depreciation": 3608466, "changeToNetincome": 926255, "changeToAccountReceivables": -2228462, "changeToLiabilities": 17047979, "changeToInventory": -2187487, "changeToOperatingActivities": 1842040, "totalCashFromOperatingActivities": 37086691, "capitalExpenditures": -24091252, "otherCashflowsFromInvestingActivities": -1375008, "totalCashflowsFromInvestingActivities": -24183752, "dividendsPaid": -4619405, "netBorrowings": 4614982, "otherCashflowsFromFinancingActivities": -3143978, "totalCashFromFinancingActivities": -3148401, "changeInCash": 9754538}], "maxAge": 86400}, "institutionOwnership": {"ownershipList": [], "maxAge": 1}, "balanceSheetHistoryQuarterly": {"balanceSheetStatements": [{"maxAge": 1, "endDate": "2020-06-30", "totalStockholderEquity": 121884000, "netTangibleAssets": 114165000}, {"maxAge": 1, "endDate": "2020-03-31", "cash": 17862609, "netReceivables": 68581528, "inventory": 89553752, "otherCurrentAssets": 34024927, "totalCurrentAssets": 210022816, "longTermInvestments": 407800, "propertyPlantEquipment": 67386717, "otherAssets": 8767563, "totalAssets": 286584896, "accountsPayable": 140800136, "shortLongTermDebt": 15238913, "otherCurrentLiab": 336741, "longTermDebt": 1110814, "otherLiab": 6530982, "totalCurrentLiabilities": 157058974, "totalLiab": 164700770, "commonStock": 45644350, "retainedEarnings": 63076558, "treasuryStock": 12448563, "capitalSurplus": 714655, "otherStockholderEquity": 12448563, "totalStockholderEquity": 121884126, "netTangibleAssets": 121884126}, {"maxAge": 1, "endDate": "2019-12-31"}, {"maxAge": 1, "endDate": "2019-06-30", "totalStockholderEquity": 113211000, "netTangibleAssets": 113211000}], "maxAge": 86400}, "earningsHistory": {"history": [{"maxAge": 1, "epsActual": {}, "epsEstimate": {}, "epsDifference": {}, "surprisePercent": {}, "quarter": {}, "period": "-4q"}, {"maxAge": 1, "epsActual": {}, "epsEstimate": {}, "epsDifference": {}, "surprisePercent": {}, "quarter": {}, "period": "-3q"}, {"maxAge": 1, "epsActual": {}, "epsEstimate": {}, "epsDifference": {}, "surprisePercent": {}, "quarter": {}, "period": "-2q"}, {"maxAge": 1, "epsActual": 1.11, "epsEstimate": 0.73, "epsDifference": 0.38, "surprisePercent": 0.52099997, "quarter": "2018-03-31", "period": "-1q"}], "maxAge": 86400}, "indexTrend": {"maxAge": 1, "symbol": "SP5", "peRatio": 19.7411, "pegRatio": 1.34172, "estimates": [{"period": "0q", "growth": 0.549}, {"period": "+1q", "growth": 0.431}, {"period": "0y", "growth": 0.305}, {"period": "+1y", "growth": 0.109}, {"period": "+5y", "growth": 0.120859005}, {"period": "-5y"}]}, "industryTrend": {"maxAge": 1, "symbol": null, "estimates": []}, "insiderTransactions": {"transactions": [{"maxAge": 1, "shares": 44000, "filerUrl": "", "transactionText": "", "filerName": "Mody (Ansuya P)", "filerRelation": "Promoter", "moneyText": "", "startDate": "2018-01-10", "ownership": "D"}], "maxAge": 1}, "quoteType": {"exchange": "BSE", "quoteType": "EQUITY", "symbol": "VIVIDIND.BO", "underlyingSymbol": "VIVIDIND.BO", "shortName": "VIVID GLOBAL INDUSTRIES LTD.", "longName": "Vivid Global Industries Limited", "firstTradeDateEpochUtc": "2002-01-18 09:15:00", "timeZoneFullName": "Asia/Kolkata", "timeZoneShortName": "IST", "uuid": "5e5e4eac-70e3-3378-8ed4-31884d9eb514", "gmtOffSetMilliseconds": 19800000, "maxAge": 1}, "incomeStatementHistory": {"incomeStatementHistory": [{"maxAge": 1, "endDate": "2020-03-31", "totalRevenue": 585706857, "costOfRevenue": 460592876, "grossProfit": 125113981, "researchDevelopment": {}, "sellingGeneralAdministrative": 25547278, "nonRecurring": {}, "otherOperatingExpenses": 62137998, "totalOperatingExpenses": 555395894, "operatingIncome": 30310963, "totalOtherIncomeExpenseNet": -14441812, "ebit": 30310963, "interestExpense": -1102798, "incomeBeforeTax": 15869151, "incomeTaxExpense": 7212598, "minorityInterest": {}, "netIncomeFromContinuingOps": 8656553, "discontinuedOperations": {}, "extraordinaryItems": {}, "effectOfAccountingCharges": {}, "otherItems": {}, "netIncome": 8656553, "netIncomeApplicableToCommonShares": 8656553}, {"maxAge": 1, "endDate": "2019-03-31", "totalRevenue": 612406986, "costOfRevenue": 479854127, "grossProfit": 132552859, "researchDevelopment": {}, "sellingGeneralAdministrative": 24336213, "nonRecurring": {}, "otherOperatingExpenses": 49723561, "totalOperatingExpenses": 559561146, "operatingIncome": 52845840, "totalOtherIncomeExpenseNet": -5878033, "ebit": 52845840, "interestExpense": -1492306, "incomeBeforeTax": 46967807, "incomeTaxExpense": 13023076, "minorityInterest": {}, "netIncomeFromContinuingOps": 33944731, "discontinuedOperations": {}, "extraordinaryItems": {}, "effectOfAccountingCharges": {}, "otherItems": {}, "netIncome": 33944731, "netIncomeApplicableToCommonShares": 33944731}, {"maxAge": 1, "endDate": "2018-03-31", "totalRevenue": 480919256, "costOfRevenue": 369245369, "grossProfit": 111673887, "researchDevelopment": {}, "sellingGeneralAdministrative": 19338253, "nonRecurring": {}, "otherOperatingExpenses": 43137697, "totalOperatingExpenses": 436568035, "operatingIncome": 44351221, "totalOtherIncomeExpenseNet": -5456207, "ebit": 44351221, "interestExpense": -1762990, "incomeBeforeTax": 38895014, "incomeTaxExpense": 11873159, "minorityInterest": {}, "netIncomeFromContinuingOps": 27021855, "discontinuedOperations": {}, "extraordinaryItems": {}, "effectOfAccountingCharges": {}, "otherItems": {}, "netIncome": 27021855, "netIncomeApplicableToCommonShares": 27021855}, {"maxAge": 1, "endDate": "2017-03-31", "totalRevenue": 360111316, "costOfRevenue": 279461965, "grossProfit": 80649351, "researchDevelopment": {}, "sellingGeneralAdministrative": 12681998, "nonRecurring": {}, "otherOperatingExpenses": 38013618, "totalOperatingExpenses": 333766047, "operatingIncome": 26345269, "totalOtherIncomeExpenseNet": -2237715, "ebit": 26345269, "interestExpense": -1201301, "incomeBeforeTax": 24107554, "incomeTaxExpense": 6029654, "minorityInterest": {}, "netIncomeFromContinuingOps": 18077900, "discontinuedOperations": {}, "extraordinaryItems": {}, "effectOfAccountingCharges": {}, "otherItems": {}, "netIncome": 18077900, "netIncomeApplicableToCommonShares": 18077900}], "maxAge": 86400}, "fundOwnership": {"ownershipList": [], "maxAge": 1}, "summaryDetail": {"maxAge": 1, "priceHint": 2, "previousClose": 21.5, "open": 21.65, "dayLow": 21.05, "dayHigh": 21.65, "regularMarketPreviousClose": 21.5, "regularMarketOpen": 21.65, "regularMarketDayLow": 21.05, "regularMarketDayHigh": 21.65, "trailingPE": 18.513632, "forwardPE": 4.56616, "volume": 5677, "regularMarketVolume": 5677, "averageVolume": 12671, "averageVolume10days": 7073, "averageDailyVolume10Day": 7073, "bid": 21.05, "ask": 21.35, "bidSize": 0, "askSize": 0, "marketCap": 192162704, "fiftyTwoWeekLow": 9.5, "fiftyTwoWeekHigh": 27.9, "fiftyDayAverage": 21.669697, "twoHundredDayAverage": 18.4025, "trailingAnnualDividendRate": 0.25, "trailingAnnualDividendYield": 0.011627907, "currency": "INR", "fromCurrency": null, "lastMarket": null, "algorithm": null, "tradeable": false}, "sectorTrend": {"maxAge": 1, "symbol": null, "estimates": []}, "incomeStatementHistoryQuarterly": {"incomeStatementHistory": [{"maxAge": 1, "endDate": "2020-06-30", "totalRevenue": 86411000, "costOfRevenue": 68865000, "grossProfit": 17546000, "researchDevelopment": {}, "sellingGeneralAdministrative": 4692000, "nonRecurring": {}, "otherOperatingExpenses": 5344000, "totalOperatingExpenses": 80725000, "operatingIncome": 5686000, "totalOtherIncomeExpenseNet": -1265000, "ebit": 5686000, "interestExpense": -1265000, "incomeBeforeTax": 4421000, "incomeTaxExpense": 1230000, "minorityInterest": {}, "netIncomeFromContinuingOps": 3191000, "discontinuedOperations": {}, "extraordinaryItems": {}, "effectOfAccountingCharges": {}, "otherItems": {}, "netIncome": 3191000, "netIncomeApplicableToCommonShares": 3191000}, {"maxAge": 1, "endDate": "2020-03-31", "totalRevenue": 145718857, "costOfRevenue": 122548876, "grossProfit": 23169981, "researchDevelopment": {}, "sellingGeneralAdministrative": 11443278, "nonRecurring": {}, "otherOperatingExpenses": 57998, "totalOperatingExpenses": 135835894, "operatingIncome": 9882963, "totalOtherIncomeExpenseNet": -4403812, "ebit": 9882963, "interestExpense": -1265000, "incomeBeforeTax": 5479151, "incomeTaxExpense": 2669598, "minorityInterest": {}, "netIncomeFromContinuingOps": 2809553, "discontinuedOperations": {}, "extraordinaryItems": {}, "effectOfAccountingCharges": {}, "otherItems": {}, "netIncome": 2809553, "netIncomeApplicableToCommonShares": 2809553}, {"maxAge": 1, "endDate": "2019-12-31", "totalRevenue": 152463000, "costOfRevenue": 123569000, "grossProfit": 28894000, "researchDevelopment": {}, "sellingGeneralAdministrative": 4592000, "nonRecurring": {}, "otherOperatingExpenses": 17270000, "totalOperatingExpenses": 147224000, "operatingIncome": 5239000, "totalOtherIncomeExpenseNet": -1249000, "ebit": 5239000, "interestExpense": -1248000, "incomeBeforeTax": 3990000, "incomeTaxExpense": 1099000, "minorityInterest": {}, "netIncomeFromContinuingOps": 2891000, "discontinuedOperations": {}, "extraordinaryItems": {}, "effectOfAccountingCharges": {}, "otherItems": {}, "netIncome": 2891000, "netIncomeApplicableToCommonShares": 2891000}, {"maxAge": 1, "endDate": "2019-06-30", "totalRevenue": 173852000, "costOfRevenue": 132964000, "grossProfit": 40888000, "researchDevelopment": {}, "sellingGeneralAdministrative": 5012000, "nonRecurring": {}, "otherOperatingExpenses": 27423000, "totalOperatingExpenses": 167165000, "operatingIncome": 6687000, "totalOtherIncomeExpenseNet": 268000, "ebit": 6687000, "interestExpense": -1552000, "incomeBeforeTax": 6955000, "incomeTaxExpense": 1935000, "minorityInterest": {}, "netIncomeFromContinuingOps": 5020000, "discontinuedOperations": {}, "extraordinaryItems": {}, "effectOfAccountingCharges": {}, "otherItems": {}, "netIncome": 1420000, "netIncomeApplicableToCommonShares": 1420000}], "maxAge": 86400}, "cashflowStatementHistoryQuarterly": {"cashflowStatements": [{"maxAge": 1, "endDate": "2020-06-30", "netIncome": 3191000, "changeToLiabilities": 0}, {"maxAge": 1, "endDate": "2020-03-31", "netIncome": 2809553, "changeToLiabilities": 0}, {"maxAge": 1, "endDate": "2019-12-31", "netIncome": 2891000, "changeToLiabilities": 0}, {"maxAge": 1, "endDate": "2019-06-30", "netIncome": 1420000, "changeToLiabilities": 0}], "maxAge": 86400}, "insiderHolders": {"holders": [{"maxAge": 1, "name": "Mody (Ansuya P)", "relation": "Promoter", "url": "", "transactionDescription": "Sale", "latestTransDate": "2018-01-10", "positionDirect": 13800, "positionDirectDate": "2018-01-10"}], "maxAge": 1}, "earnings": {"maxAge": 86400, "earningsChart": {"quarterly": [{"date": "1Q2018", "actual": 1.11, "estimate": 0.73}], "currentQuarterEstimateDate": "2Q", "currentQuarterEstimateYear": 2018, "earningsDate": []}, "financialsChart": {"yearly": [{"date": 2017, "revenue": 360111316, "earnings": 18077900}, {"date": 2018, "revenue": 480919256, "earnings": 27021855}, {"date": 2019, "revenue": 612406986, "earnings": 33944731}, {"date": 2020, "revenue": 585706857, "earnings": 8656553}], "quarterly": [{"date": "2Q2019", "revenue": 173852000, "earnings": 1420000}, {"date": "4Q2019", "revenue": 152463000, "earnings": 2891000}, {"date": "1Q2020", "revenue": 145718857, "earnings": 2809553}, {"date": "2Q2020", "revenue": 86411000, "earnings": 3191000}]}, "financialCurrency": "INR"}, "calendarEvents": {"maxAge": 1, "earnings": {"earningsDate": []}}, "upgradeDowngradeHistory": {"history": [], "maxAge": 86400}, "price": {"maxAge": 1, "regularMarketChangePercent": -0.020930268, "regularMarketChange": -0.45000076, "regularMarketTime": "2021-04-30 15:19:45", "priceHint": 2, "regularMarketPrice": 21.05, "regularMarketDayHigh": 21.65, "regularMarketDayLow": 21.05, "regularMarketVolume": 5677, "averageDailyVolume10Day": 7073, "averageDailyVolume3Month": 12671, "regularMarketPreviousClose": 21.5, "regularMarketSource": "FREE_REALTIME", "regularMarketOpen": 21.65, "exchange": "BSE", "exchangeName": "BSE", "exchangeDataDelayedBy": 0, "marketState": "CLOSED", "quoteType": "EQUITY", "symbol": "VIVIDIND.BO", "underlyingSymbol": null, "shortName": "VIVID GLOBAL INDUSTRIES LTD.", "longName": "Vivid Global Industries Limited", "currency": "INR", "quoteSourceName": "Delayed Quote", "currencySymbol": "\u20b9", "fromCurrency": null, "lastMarket": null, "marketCap": 192162704}, "balanceSheetHistory": {"balanceSheetStatements": [{"maxAge": 1, "endDate": "2020-03-31", "cash": 17862609, "netReceivables": 68581528, "inventory": 89553752, "otherCurrentAssets": 34024927, "totalCurrentAssets": 210022816, "longTermInvestments": 407800, "propertyPlantEquipment": 67386717, "otherAssets": 8767563, "totalAssets": 286584896, "accountsPayable": 140800136, "shortLongTermDebt": 15238913, "otherCurrentLiab": 336741, "longTermDebt": 1110814, "otherLiab": 6530982, "totalCurrentLiabilities": 157058974, "totalLiab": 164700770, "commonStock": 45644350, "retainedEarnings": 63076558, "treasuryStock": 12448563, "capitalSurplus": 714655, "otherStockholderEquity": 12448563, "totalStockholderEquity": 121884126, "netTangibleAssets": 121884126}, {"maxAge": 1, "endDate": "2019-03-31", "cash": 11413842, "netReceivables": 86371141, "inventory": 69838352, "otherCurrentAssets": 23088362, "totalCurrentAssets": 191234875, "longTermInvestments": 407800, "propertyPlantEquipment": 70063893, "otherAssets": 4680401, "totalAssets": 266386969, "accountsPayable": 118046327, "shortLongTermDebt": 16611851, "otherCurrentLiab": 9380592, "longTermDebt": 1984613, "otherLiab": 5375657, "totalCurrentLiabilities": 145815503, "totalLiab": 153175773, "commonStock": 45644350, "retainedEarnings": 54403628, "treasuryStock": 12448563, "capitalSurplus": 714655, "otherStockholderEquity": 12448563, "totalStockholderEquity": 113211196, "netTangibleAssets": 113211196}, {"maxAge": 1, "endDate": "2018-03-31", "cash": 30678524, "netReceivables": 88795920, "inventory": 68509907, "otherCurrentAssets": 25194803, "totalCurrentAssets": 213179154, "longTermInvestments": 407800, "propertyPlantEquipment": 63339441, "otherAssets": 3375688, "totalAssets": 280302083, "accountsPayable": 138941609, "shortLongTermDebt": 16405285, "otherCurrentLiab": 27736691, "longTermDebt": 3704415, "otherLiab": 4327742, "totalCurrentLiabilities": 187483419, "totalLiab": 195515576, "commonStock": 45644350, "retainedEarnings": 25978939, "treasuryStock": 12448563, "capitalSurplus": 714655, "otherStockholderEquity": 12448563, "totalStockholderEquity": 84786507, "netTangibleAssets": 84786507}, {"maxAge": 1, "endDate": "2017-03-31", "cash": 26129392, "netReceivables": 48998107, "inventory": 36550241, "otherCurrentAssets": 17860524, "totalCurrentAssets": 129538264, "longTermInvestments": 407800, "propertyPlantEquipment": 60946736, "otherAssets": 2000680, "totalAssets": 192893480, "accountsPayable": 90401082, "shortLongTermDebt": 12702594, "otherCurrentLiab": 17370912, "longTermDebt": 4326764, "otherLiab": 2704884, "totalCurrentLiabilities": 122577372, "totalLiab": 129609020, "commonStock": 45644350, "retainedEarnings": 4476892, "treasuryStock": 12448563, "capitalSurplus": 714655, "otherStockholderEquity": 12448563, "totalStockholderEquity": 63284460, "netTangibleAssets": 63284460}], "maxAge": 86400}, "earningsTrend": {"trend": [{"maxAge": 1, "period": "0q", "endDate": "2018-06-30", "growth": {}, "earningsEstimate": {"avg": 0.0, "low": 0.0, "high": 0.0, "yearAgoEps": {}, "numberOfAnalysts": 0, "growth": {}}, "revenueEstimate": {"avg": 0, "low": 0, "high": 0, "numberOfAnalysts": 0, "yearAgoRevenue": {}, "growth": {}}, "epsTrend": {"current": 0.0, "7daysAgo": 0.0, "30daysAgo": 0.0, "60daysAgo": 0.0, "90daysAgo": 0.0}, "epsRevisions": {"upLast7days": 0, "upLast30days": 0, "downLast30days": 0, "downLast90days": {}}}, {"maxAge": 1, "period": "+1q", "endDate": "2018-09-30", "growth": {}, "earningsEstimate": {"avg": 0.0, "low": 0.0, "high": 0.0, "yearAgoEps": {}, "numberOfAnalysts": 0, "growth": {}}, "revenueEstimate": {"avg": 0, "low": 0, "high": 0, "numberOfAnalysts": 0, "yearAgoRevenue": {}, "growth": {}}, "epsTrend": {"current": 0.0, "7daysAgo": 0.0, "30daysAgo": 0.0, "60daysAgo": 0.0, "90daysAgo": 0.0}, "epsRevisions": {"upLast7days": 0, "upLast30days": 0, "downLast30days": 0, "downLast90days": {}}}, {"maxAge": 1, "period": "0y", "endDate": "2019-03-31", "growth": {}, "earningsEstimate": {"avg": 0.0, "low": 0.0, "high": 0.0, "yearAgoEps": {}, "numberOfAnalysts": 0, "growth": {}}, "revenueEstimate": {"avg": 558830000, "low": 558830000, "high": 558830000, "numberOfAnalysts": 1, "yearAgoRevenue": 475380000, "growth": 0.176}, "epsTrend": {"current": 0.0, "7daysAgo": 3.87, "30daysAgo": 3.87, "60daysAgo": 3.87, "90daysAgo": 3.87}, "epsRevisions": {"upLast7days": 0, "upLast30days": 0, "downLast30days": 0, "downLast90days": {}}}, {"maxAge": 1, "period": "+1y", "endDate": "2020-03-31", "growth": {}, "earningsEstimate": {"avg": 0.0, "low": 0.0, "high": 0.0, "yearAgoEps": {}, "numberOfAnalysts": 0, "growth": {}}, "revenueEstimate": {"avg": 648240000, "low": 648240000, "high": 648240000, "numberOfAnalysts": 1, "yearAgoRevenue": 558830000, "growth": 0.16}, "epsTrend": {"current": 0.0, "7daysAgo": 4.61, "30daysAgo": 4.61, "60daysAgo": 4.61, "90daysAgo": 4.61}, "epsRevisions": {"upLast7days": 0, "upLast30days": 0, "downLast30days": 0, "downLast90days": {}}}, {"maxAge": 1, "period": "+5y", "endDate": null, "growth": {}, "earningsEstimate": {"avg": {}, "low": {}, "high": {}, "yearAgoEps": {}, "numberOfAnalysts": {}, "growth": {}}, "revenueEstimate": {"avg": {}, "low": {}, "high": {}, "numberOfAnalysts": {}, "yearAgoRevenue": {}, "growth": {}}, "epsTrend": {"current": {}, "7daysAgo": {}, "30daysAgo": {}, "60daysAgo": {}, "90daysAgo": {}}, "epsRevisions": {"upLast7days": {}, "upLast30days": {}, "downLast30days": {}, "downLast90days": {}}}, {"maxAge": 1, "period": "-5y", "endDate": null, "growth": {}, "earningsEstimate": {"avg": {}, "low": {}, "high": {}, "yearAgoEps": {}, "numberOfAnalysts": {}, "growth": {}}, "revenueEstimate": {"avg": {}, "low": {}, "high": {}, "numberOfAnalysts": {}, "yearAgoRevenue": {}, "growth": {}}, "epsTrend": {"current": {}, "7daysAgo": {}, "30daysAgo": {}, "60daysAgo": {}, "90daysAgo": {}}, "epsRevisions": {"upLast7days": {}, "upLast30days": {}, "downLast30days": {}, "downLast90days": {}}}], "maxAge": 1}, "financialData": {"maxAge": 86400, "currentPrice": 21.05, "recommendationKey": "none", "grossProfits": 125113981, "financialCurrency": "INR"}}}