{"VIVOBIOT.BO": {"cashflowStatementHistory": {"cashflowStatements": [{"maxAge": 1, "endDate": "2020-03-31", "netIncome": 44415381, "depreciation": 47998007, "changeToAccountReceivables": -28484600, "changeToLiabilities": 18428060, "totalCashFromOperatingActivities": 86074520, "capitalExpenditures": -102344324, "totalCashflowsFromInvestingActivities": -102344324, "netBorrowings": 7828304, "totalCashFromFinancingActivities": 20929330, "changeInCash": 4659526, "issuanceOfStock": 13101026}, {"maxAge": 1, "endDate": "2019-03-31", "netIncome": 22479214, "depreciation": 50577457, "changeToAccountReceivables": -6803188, "changeToLiabilities": -74013136, "totalCashFromOperatingActivities": -7759653, "capitalExpenditures": -35306260, "totalCashflowsFromInvestingActivities": -35306260, "netBorrowings": -49987382, "totalCashFromFinancingActivities": 7182428, "changeInCash": -35883485, "issuanceOfStock": 57169810}, {"maxAge": 1, "endDate": "2018-03-31", "netIncome": 31212461, "depreciation": 46393684, "changeToNetincome": 112689, "changeToAccountReceivables": -53547288, "changeToLiabilities": 86930725, "totalCashFromOperatingActivities": 111102271, "capitalExpenditures": -47167760, "totalCashflowsFromInvestingActivities": -47167760, "netBorrowings": -49344990, "totalCashFromFinancingActivities": -34344990, "changeInCash": 29589521, "issuanceOfStock": 15000000}, {"maxAge": 1, "endDate": "2017-03-31", "netIncome": 25024829, "depreciation": 39013076, "changeToNetincome": 112690, "changeToAccountReceivables": -82000170, "changeToLiabilities": -38714255, "totalCashFromOperatingActivities": -56563830, "capitalExpenditures": -118430297, "totalCashflowsFromInvestingActivities": -118430297, "netBorrowings": 68311250, "totalCashFromFinancingActivities": 68311250, "changeInCash": -106682877, "issuanceOfStock": 15000000}], "maxAge": 86400}, "institutionOwnership": {"maxAge": 1, "ownershipList": []}, "balanceSheetHistoryQuarterly": {"balanceSheetStatements": [{"maxAge": 1, "endDate": "2020-06-30"}, {"maxAge": 1, "endDate": "2020-03-31", "cash": 10286159, "netReceivables": 115931620, "inventory": 105786558, "otherCurrentAssets": 37210548, "totalCurrentAssets": 269214885, "propertyPlantEquipment": 287663776, "intangibleAssets": 63748030, "otherAssets": 16265796, "deferredLongTermAssetCharges": 15483148, "totalAssets": 636892487, "accountsPayable": 39136501, "longTermDebt": 96874303, "otherLiab": 4161658, "deferredLongTermLiab": 782648, "totalCurrentLiabilities": 205615223, "totalLiab": 306651184, "commonStock": 128875200, "retainedEarnings": 85537070, "treasuryStock": 29249033, "capitalSurplus": 86580000, "otherStockholderEquity": 29249033, "totalStockholderEquity": 330241303, "netTangibleAssets": 266493273}, {"maxAge": 1, "endDate": "2019-12-31", "totalStockholderEquity": 317078000, "netTangibleAssets": 242723000}, {"maxAge": 1, "endDate": "2019-09-30", "cash": 5809000, "netReceivables": 134386000, "inventory": 95323000, "otherCurrentAssets": 3526000, "totalCurrentAssets": 239044000, "propertyPlantEquipment": 295826000, "intangibleAssets": 74355000, "otherAssets": 950000, "totalAssets": 610175000, "accountsPayable": 49152000, "longTermDebt": 68438000, "otherLiab": -8866000, "totalCurrentLiabilities": 233525000, "totalLiab": 293097000, "commonStock": 127505000, "treasuryStock": 189573000, "otherStockholderEquity": 189573000, "totalStockholderEquity": 317078000, "netTangibleAssets": 242723000}], "maxAge": 86400}, "indexTrend": {"maxAge": 1, "symbol": "SP5", "peRatio": 19.7411, "pegRatio": 1.34172, "estimates": [{"period": "0q", "growth": 0.549}, {"period": "+1q", "growth": 0.431}, {"period": "0y", "growth": 0.305}, {"period": "+1y", "growth": 0.109}, {"period": "+5y", "growth": 0.120859005}, {"period": "-5y"}]}, "quoteType": {"exchange": "BSE", "quoteType": "EQUITY", "symbol": "VIVOBIOT.BO", "underlyingSymbol": "VIVOBIOT.BO", "shortName": "VIVO BIO TECH LTD.", "longName": "Vivo Bio Tech Limited", "firstTradeDateEpochUtc": "2017-03-06 09:15:00", "timeZoneFullName": "Asia/Kolkata", "timeZoneShortName": "IST", "uuid": "55b02df1-c3ab-3ed0-9b05-019f426ef43c", "messageBoardId": null, "gmtOffSetMilliseconds": 19800000, "maxAge": 1}, "incomeStatementHistory": {"incomeStatementHistory": [{"maxAge": 1, "endDate": "2020-03-31", "totalRevenue": 553521966, "costOfRevenue": 107616238, "grossProfit": 445905728, "researchDevelopment": {}, "sellingGeneralAdministrative": 321204493, "nonRecurring": {}, "otherOperatingExpenses": {}, "totalOperatingExpenses": 480536410, "operatingIncome": 72985556, "totalOtherIncomeExpenseNet": -30451737, "ebit": 72985556, "interestExpense": -30983733, "incomeBeforeTax": 42533819, "incomeTaxExpense": -1881562, "minorityInterest": {}, "netIncomeFromContinuingOps": 44415381, "discontinuedOperations": {}, "extraordinaryItems": {}, "effectOfAccountingCharges": {}, "otherItems": {}, "netIncome": 44415381, "netIncomeApplicableToCommonShares": 44415381}, {"maxAge": 1, "endDate": "2019-03-31", "totalRevenue": 558334546, "costOfRevenue": 138957789, "grossProfit": 419376757, "researchDevelopment": {}, "sellingGeneralAdministrative": 324263607, "nonRecurring": {}, "otherOperatingExpenses": {}, "totalOperatingExpenses": 513798853, "operatingIncome": 44535693, "totalOtherIncomeExpenseNet": -26289477, "ebit": 44535693, "interestExpense": -26410528, "incomeBeforeTax": 18246216, "incomeTaxExpense": -4232998, "minorityInterest": {}, "netIncomeFromContinuingOps": 22479214, "discontinuedOperations": {}, "extraordinaryItems": {}, "effectOfAccountingCharges": {}, "otherItems": {}, "netIncome": 22479214, "netIncomeApplicableToCommonShares": 22479214}, {"maxAge": 1, "endDate": "2018-03-31", "totalRevenue": 470011673, "costOfRevenue": 97934369, "grossProfit": 372077304, "researchDevelopment": {}, "sellingGeneralAdministrative": 172025744, "nonRecurring": {}, "otherOperatingExpenses": 90951212, "totalOperatingExpenses": 407305009, "operatingIncome": 62706664, "totalOtherIncomeExpenseNet": -22646123, "ebit": 62706664, "interestExpense": -23674875, "incomeBeforeTax": 40060541, "incomeTaxExpense": 8848080, "minorityInterest": {}, "netIncomeFromContinuingOps": 31212461, "discontinuedOperations": {}, "extraordinaryItems": {}, "effectOfAccountingCharges": {}, "otherItems": {}, "netIncome": 31212461, "netIncomeApplicableToCommonShares": 31212461}, {"maxAge": 1, "endDate": "2017-03-31", "totalRevenue": 341279531, "costOfRevenue": 83574784, "grossProfit": 257704747, "researchDevelopment": {}, "sellingGeneralAdministrative": 181423560, "nonRecurring": {}, "otherOperatingExpenses": 90951212, "totalOperatingExpenses": 304011420, "operatingIncome": 37268111, "totalOtherIncomeExpenseNet": -8931728, "ebit": 37268111, "interestExpense": -12888015, "incomeBeforeTax": 28336383, "incomeTaxExpense": 3311554, "minorityInterest": {}, "netIncomeFromContinuingOps": 25024829, "discontinuedOperations": {}, "extraordinaryItems": {}, "effectOfAccountingCharges": {}, "otherItems": {}, "netIncome": 25024829, "netIncomeApplicableToCommonShares": 25024829}], "maxAge": 86400}, "fundOwnership": {"maxAge": 1, "ownershipList": []}, "summaryDetail": {"maxAge": 1, "priceHint": 2, "previousClose": 60.75, "open": 64.8, "dayLow": 58.5, "dayHigh": 64.8, "regularMarketPreviousClose": 60.75, "regularMarketOpen": 64.8, "regularMarketDayLow": 58.5, "regularMarketDayHigh": 64.8, "trailingPE": 18.86475, "volume": 8646, "regularMarketVolume": 8646, "averageVolume": 25016, "averageVolume10days": 6263, "averageDailyVolume10Day": 6263, "bid": 60.4, "ask": 61.25, "bidSize": 0, "askSize": 0, "marketCap": 794514368, "fiftyTwoWeekLow": 17.5, "fiftyTwoWeekHigh": 71.4, "fiftyDayAverage": 55.124287, "twoHundredDayAverage": 46.672993, "currency": "INR", "fromCurrency": null, "toCurrency": null, "lastMarket": null, "algorithm": null, "tradeable": false}, "incomeStatementHistoryQuarterly": {"incomeStatementHistory": [{"maxAge": 1, "endDate": "2020-06-30", "totalRevenue": 91540000, "costOfRevenue": 21385000, "grossProfit": 70155000, "researchDevelopment": {}, "sellingGeneralAdministrative": 41293000, "nonRecurring": {}, "otherOperatingExpenses": {}, "totalOperatingExpenses": 75320000, "operatingIncome": 16220000, "totalOtherIncomeExpenseNet": -7036000, "ebit": 16220000, "interestExpense": -7036000, "incomeBeforeTax": 9184000, "incomeTaxExpense": -592000, "minorityInterest": {}, "netIncomeFromContinuingOps": 9776000, "discontinuedOperations": {}, "extraordinaryItems": {}, "effectOfAccountingCharges": {}, "otherItems": {}, "netIncome": 9776000, "netIncomeApplicableToCommonShares": 9776000}, {"maxAge": 1, "endDate": "2020-03-31", "totalRevenue": 143552966, "costOfRevenue": 49370238, "grossProfit": 94182728, "researchDevelopment": {}, "sellingGeneralAdministrative": 81879493, "nonRecurring": {}, "otherOperatingExpenses": {}, "totalOperatingExpenses": 143134410, "operatingIncome": 418556, "totalOtherIncomeExpenseNet": -7694737, "ebit": 418556, "interestExpense": -7933733, "incomeBeforeTax": -7276181, "incomeTaxExpense": -3216562, "minorityInterest": {}, "netIncomeFromContinuingOps": -4059619, "discontinuedOperations": {}, "extraordinaryItems": {}, "effectOfAccountingCharges": {}, "otherItems": {}, "netIncome": -4059619, "netIncomeApplicableToCommonShares": -4059619}, {"maxAge": 1, "endDate": "2019-12-31", "totalRevenue": 141070000, "costOfRevenue": 18830000, "grossProfit": 122240000, "researchDevelopment": {}, "sellingGeneralAdministrative": 84307000, "nonRecurring": {}, "otherOperatingExpenses": {}, "totalOperatingExpenses": 117679000, "operatingIncome": 23391000, "totalOtherIncomeExpenseNet": -6787000, "ebit": 23391000, "interestExpense": -6787000, "incomeBeforeTax": 16604000, "incomeTaxExpense": 3485000, "minorityInterest": {}, "netIncomeFromContinuingOps": 13119000, "discontinuedOperations": {}, "extraordinaryItems": {}, "effectOfAccountingCharges": {}, "otherItems": {}, "netIncome": 13119000, "netIncomeApplicableToCommonShares": 13119000}, {"maxAge": 1, "endDate": "2019-09-30", "totalRevenue": 135444000, "costOfRevenue": 28580000, "grossProfit": 106864000, "researchDevelopment": {}, "sellingGeneralAdministrative": 70173000, "nonRecurring": {}, "otherOperatingExpenses": {}, "totalOperatingExpenses": 111398000, "operatingIncome": 24046000, "totalOtherIncomeExpenseNet": -7221000, "ebit": 24046000, "interestExpense": -7515000, "incomeBeforeTax": 16825000, "incomeTaxExpense": -6516000, "minorityInterest": {}, "netIncomeFromContinuingOps": 23341000, "discontinuedOperations": {}, "extraordinaryItems": {}, "effectOfAccountingCharges": {}, "otherItems": {}, "netIncome": 23341000, "netIncomeApplicableToCommonShares": 23341000}], "maxAge": 86400}, "cashflowStatementHistoryQuarterly": {"cashflowStatements": [{"maxAge": 1, "endDate": "2020-06-30", "netIncome": 9776000, "changeToLiabilities": 0}, {"maxAge": 1, "endDate": "2020-03-31", "netIncome": -4059619, "changeToLiabilities": 0}, {"maxAge": 1, "endDate": "2019-12-31", "netIncome": 13119000, "changeToLiabilities": 0}, {"maxAge": 1, "endDate": "2019-09-30", "netIncome": 23341000, "changeToLiabilities": 0}], "maxAge": 86400}, "insiderHolders": {"holders": [], "maxAge": 1}, "calendarEvents": {"maxAge": 1, "earnings": {"earningsDate": []}}, "price": {"maxAge": 1, "regularMarketChangePercent": 0.01481484, "regularMarketChange": 0.9000015, "regularMarketTime": "2021-04-30 15:29:57", "priceHint": 2, "regularMarketPrice": 61.65, "regularMarketDayHigh": 64.8, "regularMarketDayLow": 58.5, "regularMarketVolume": 8646, "averageDailyVolume10Day": 6263, "averageDailyVolume3Month": 25016, "regularMarketPreviousClose": 60.75, "regularMarketSource": "FREE_REALTIME", "regularMarketOpen": 64.8, "exchange": "BSE", "exchangeName": "BSE", "exchangeDataDelayedBy": 0, "marketState": "CLOSED", "quoteType": "EQUITY", "symbol": "VIVOBIOT.BO", "underlyingSymbol": null, "shortName": "VIVO BIO TECH LTD.", "longName": "Vivo Bio Tech Limited", "currency": "INR", "quoteSourceName": "Delayed Quote", "currencySymbol": "\u20b9", "fromCurrency": null, "toCurrency": null, "lastMarket": null, "marketCap": 794514368}, "balanceSheetHistory": {"balanceSheetStatements": [{"maxAge": 1, "endDate": "2020-03-31", "cash": 10286159, "netReceivables": 115931620, "inventory": 105786558, "otherCurrentAssets": 37210548, "totalCurrentAssets": 269214885, "propertyPlantEquipment": 287663776, "intangibleAssets": 63748030, "otherAssets": 16265796, "deferredLongTermAssetCharges": 15483148, "totalAssets": 636892487, "accountsPayable": 39136501, "longTermDebt": 96874303, "otherLiab": 4161658, "deferredLongTermLiab": 782648, "totalCurrentLiabilities": 205615223, "totalLiab": 306651184, "commonStock": 128875200, "retainedEarnings": 85537070, "treasuryStock": 29249033, "capitalSurplus": 86580000, "otherStockholderEquity": 29249033, "totalStockholderEquity": 330241303, "netTangibleAssets": 266493273}, {"maxAge": 1, "endDate": "2019-03-31", "cash": 5626633, "netReceivables": 123624955, "inventory": 82363353, "otherCurrentAssets": 37214485, "totalCurrentAssets": 248829426, "propertyPlantEquipment": 248701907, "intangibleAssets": 52081254, "otherAssets": 3507129, "deferredLongTermAssetCharges": 2368915, "totalAssets": 553119716, "accountsPayable": 38676522, "otherCurrentLiab": 10325363, "longTermDebt": 89045999, "otherLiab": 3585651, "deferredLongTermLiab": 1138214, "totalCurrentLiabilities": 187763170, "totalLiab": 280394820, "commonStock": 123505200, "retainedEarnings": 41121689, "treasuryStock": 32258007, "capitalSurplus": 75840000, "otherStockholderEquity": 32258007, "totalStockholderEquity": 272724896, "netTangibleAssets": 220643642}, {"maxAge": 1, "endDate": "2018-03-31", "cash": 41510117, "netReceivables": 132948751, "inventory": 75862445, "otherCurrentAssets": 28336070, "totalCurrentAssets": 278657383, "propertyPlantEquipment": 252548336, "intangibleAssets": 63506020, "otherAssets": 390553, "totalAssets": 595102292, "accountsPayable": 79800329, "longTermDebt": 139033381, "otherLiab": 8682609, "deferredLongTermLiab": 390553, "totalCurrentLiabilities": 254310435, "totalLiab": 402026425, "commonStock": 98505200, "retainedEarnings": 18642474, "treasuryStock": 50088193, "capitalSurplus": 25840000, "otherStockholderEquity": 50088193, "totalStockholderEquity": 193075867, "netTangibleAssets": 129569847}, {"maxAge": 1, "endDate": "2017-03-31", "cash": 11920594, "netReceivables": 110085514, "inventory": 45585882, "otherCurrentAssets": 28058029, "totalCurrentAssets": 195650019, "propertyPlantEquipment": 259962946, "intangibleAssets": 55317335, "otherAssets": 261106, "totalAssets": 511191406, "accountsPayable": 54007721, "longTermDebt": 209375084, "otherLiab": 10320720, "deferredLongTermLiab": 261106, "totalCurrentLiabilities": 165741597, "totalLiab": 385437401, "commonStock": 93505200, "retainedEarnings": -12682675, "treasuryStock": 29091480, "capitalSurplus": 15840000, "otherStockholderEquity": 29091480, "totalStockholderEquity": 125754005, "netTangibleAssets": 70436670}], "maxAge": 86400}, "financialData": {"maxAge": 86400, "currentPrice": 61.65, "recommendationKey": "none", "grossProfits": 445905728, "financialCurrency": "INR"}}}