{"VJLAXMIE.BO": {"cashflowStatementHistory": {"cashflowStatements": [{"maxAge": 1, "endDate": "2020-03-31", "netIncome": -133993000, "depreciation": 25698000, "changeToNetincome": 44928000, "changeToAccountReceivables": 15208000, "changeToLiabilities": 31629000, "changeToInventory": 123996000, "changeToOperatingActivities": -107963000, "totalCashFromOperatingActivities": -497000, "capitalExpenditures": -46676000, "otherCashflowsFromInvestingActivities": 912000, "totalCashflowsFromInvestingActivities": -38433000, "netBorrowings": 47101000, "otherCashflowsFromFinancingActivities": -10049000, "totalCashFromFinancingActivities": 37052000, "changeInCash": -1878000}, {"maxAge": 1, "endDate": "2019-03-31", "netIncome": -2023000, "depreciation": 31715000, "changeToNetincome": 11405000, "changeToAccountReceivables": -30993000, "changeToLiabilities": 14815000, "changeToInventory": 38005000, "changeToOperatingActivities": -117863000, "totalCashFromOperatingActivities": -54939000, "capitalExpenditures": -4571000, "otherCashflowsFromInvestingActivities": 118000, "totalCashflowsFromInvestingActivities": 2751000, "netBorrowings": 47101000, "otherCashflowsFromFinancingActivities": -9043000, "totalCashFromFinancingActivities": -9043000, "changeInCash": -61231000}, {"maxAge": 1, "endDate": "2018-03-31", "netIncome": -52379000, "depreciation": 40778000, "changeToNetincome": -21463000, "changeToAccountReceivables": 13848000, "changeToLiabilities": -9018000, "changeToInventory": -43377000, "changeToOperatingActivities": 153950000, "totalCashFromOperatingActivities": 82339000, "capitalExpenditures": -25674000, "otherCashflowsFromInvestingActivities": 1010000, "totalCashflowsFromInvestingActivities": -22510000, "netBorrowings": 47101000, "otherCashflowsFromFinancingActivities": -8637000, "totalCashFromFinancingActivities": -8637000, "changeInCash": 51192000}, {"maxAge": 1, "endDate": "2017-03-31", "netIncome": -15607000, "depreciation": 46857000, "changeToNetincome": 11756000, "changeToAccountReceivables": -11124000, "changeToLiabilities": 9327000, "changeToInventory": -132842000, "changeToOperatingActivities": 58935000, "totalCashFromOperatingActivities": -32697000, "capitalExpenditures": -30308000, "investments": 93612000, "otherCashflowsFromInvestingActivities": 3430000, "totalCashflowsFromInvestingActivities": 67766000, "netBorrowings": -28423000, "otherCashflowsFromFinancingActivities": -5304000, "totalCashFromFinancingActivities": -33727000, "changeInCash": 1342000}], "maxAge": 86400}, "institutionOwnership": {"maxAge": 1, "ownershipList": []}, "balanceSheetHistoryQuarterly": {"balanceSheetStatements": [{"maxAge": 1, "endDate": "2020-06-30", "totalStockholderEquity": 443246000, "netTangibleAssets": 443246000}, {"maxAge": 1, "endDate": "2020-03-31", "cash": 318000, "netReceivables": 56484000, "inventory": 186297000, "otherCurrentAssets": 3730000, "totalCurrentAssets": 250087000, "longTermInvestments": 18578000, "propertyPlantEquipment": 414342000, "otherAssets": 30357000, "totalAssets": 713364000, "accountsPayable": 97544000, "shortLongTermDebt": 1600000, "otherCurrentLiab": 25488000, "longTermDebt": 72860000, "otherLiab": 6136000, "totalCurrentLiabilities": 191122000, "totalLiab": 270118000, "commonStock": 50719000, "retainedEarnings": 97265000, "treasuryStock": 83619000, "capitalSurplus": 211643000, "otherStockholderEquity": 83619000, "totalStockholderEquity": 443246000, "netTangibleAssets": 443246000}, {"maxAge": 1, "endDate": "2019-12-31", "totalStockholderEquity": 578748000, "netTangibleAssets": 578748000}, {"maxAge": 1, "endDate": "2019-09-30", "cash": 2280000, "netReceivables": 62717000, "inventory": 153852000, "otherCurrentAssets": 44488000, "totalCurrentAssets": 263337000, "longTermInvestments": 20589000, "propertyPlantEquipment": 386562000, "otherAssets": 71072000, "deferredLongTermAssetCharges": 40887000, "totalAssets": 741560000, "accountsPayable": 31570000, "otherCurrentLiab": 46698000, "longTermDebt": 27311000, "otherLiab": 5796000, "totalCurrentLiabilities": 129705000, "totalLiab": 162812000, "commonStock": 50719000, "treasuryStock": 528029000, "otherStockholderEquity": 528029000, "totalStockholderEquity": 578748000, "netTangibleAssets": 578748000}], "maxAge": 86400}, "indexTrend": {"maxAge": 1, "symbol": "SP5", "peRatio": 19.7411, "pegRatio": 1.34172, "estimates": [{"period": "0q", "growth": 0.549}, {"period": "+1q", "growth": 0.431}, {"period": "0y", "growth": 0.305}, {"period": "+1y", "growth": 0.109}, {"period": "+5y", "growth": 0.120859005}, {"period": "-5y"}]}, "quoteType": {"exchange": "BSE", "quoteType": "EQUITY", "symbol": "VJLAXMIE.BO", "underlyingSymbol": "VJLAXMIE.BO", "shortName": "VEEJAY LAKSHMI ENGINEERING WOR", "longName": "Veejay Lakshmi Engineering Works Limited", "firstTradeDateEpochUtc": "2001-07-26 09:15:00", "timeZoneFullName": "Asia/Kolkata", "timeZoneShortName": "IST", "uuid": "2e1f7c0b-e9f9-3ef0-bd3c-9747799720d0", "messageBoardId": null, "gmtOffSetMilliseconds": 19800000, "maxAge": 1}, "incomeStatementHistory": {"incomeStatementHistory": [{"maxAge": 1, "endDate": "2020-03-31", "totalRevenue": 687742000, "costOfRevenue": 535772000, "grossProfit": 151970000, "researchDevelopment": {}, "sellingGeneralAdministrative": 111552000, "nonRecurring": {}, "otherOperatingExpenses": 105084000, "totalOperatingExpenses": 778106000, "operatingIncome": -90364000, "totalOtherIncomeExpenseNet": -1663000, "ebit": -90364000, "interestExpense": -7916000, "incomeBeforeTax": -92027000, "incomeTaxExpense": 41966000, "minorityInterest": {}, "netIncomeFromContinuingOps": -133993000, "discontinuedOperations": {}, "extraordinaryItems": {}, "effectOfAccountingCharges": {}, "otherItems": {}, "netIncome": -133993000, "netIncomeApplicableToCommonShares": -133993000}, {"maxAge": 1, "endDate": "2019-03-31", "totalRevenue": 795320000, "costOfRevenue": 499697000, "grossProfit": 295623000, "researchDevelopment": {}, "sellingGeneralAdministrative": 119824000, "nonRecurring": {}, "otherOperatingExpenses": 137529000, "totalOperatingExpenses": 788765000, "operatingIncome": 6555000, "totalOtherIncomeExpenseNet": -1811000, "ebit": 6555000, "interestExpense": -9865000, "incomeBeforeTax": 4744000, "incomeTaxExpense": 6767000, "minorityInterest": {}, "netIncomeFromContinuingOps": -2023000, "discontinuedOperations": {}, "extraordinaryItems": {}, "effectOfAccountingCharges": {}, "otherItems": {}, "netIncome": -2023000, "netIncomeApplicableToCommonShares": -2023000}, {"maxAge": 1, "endDate": "2018-03-31", "totalRevenue": 813574000, "costOfRevenue": 529544000, "grossProfit": 284030000, "researchDevelopment": {}, "sellingGeneralAdministrative": 145124000, "nonRecurring": {}, "otherOperatingExpenses": 170899000, "totalOperatingExpenses": 886345000, "operatingIncome": -72771000, "totalOtherIncomeExpenseNet": -2479000, "ebit": -72771000, "interestExpense": -8847000, "incomeBeforeTax": -75250000, "incomeTaxExpense": -22871000, "minorityInterest": {}, "netIncomeFromContinuingOps": -52379000, "discontinuedOperations": {}, "extraordinaryItems": {}, "effectOfAccountingCharges": {}, "otherItems": {}, "netIncome": -52379000, "netIncomeApplicableToCommonShares": -52379000}, {"maxAge": 1, "endDate": "2017-03-31", "totalRevenue": 882630000, "costOfRevenue": 536195000, "grossProfit": 346435000, "researchDevelopment": {}, "sellingGeneralAdministrative": 153041000, "nonRecurring": {}, "otherOperatingExpenses": 159093000, "totalOperatingExpenses": 895187000, "operatingIncome": -12557000, "totalOtherIncomeExpenseNet": 3023000, "ebit": -12557000, "interestExpense": -3807000, "incomeBeforeTax": -9534000, "incomeTaxExpense": 6073000, "minorityInterest": {}, "netIncomeFromContinuingOps": -15607000, "discontinuedOperations": {}, "extraordinaryItems": {}, "effectOfAccountingCharges": {}, "otherItems": {}, "netIncome": -15607000, "netIncomeApplicableToCommonShares": -15607000}], "maxAge": 86400}, "fundOwnership": {"maxAge": 1, "ownershipList": []}, "summaryDetail": {"maxAge": 1, "priceHint": 2, "previousClose": 27.0, "open": 27.1, "dayLow": 27.1, "dayHigh": 28.35, "regularMarketPreviousClose": 27.0, "regularMarketOpen": 27.1, "regularMarketDayLow": 27.1, "regularMarketDayHigh": 28.35, "volume": 1327, "regularMarketVolume": 1327, "averageVolume": 645, "averageVolume10days": 838, "averageDailyVolume10Day": 838, "bid": 28.35, "ask": 0.0, "bidSize": 0, "askSize": 0, "marketCap": 143788368, "fiftyTwoWeekLow": 19.0, "fiftyTwoWeekHigh": 29.0, "fiftyDayAverage": 26.685293, "twoHundredDayAverage": 24.606617, "currency": "INR", "fromCurrency": null, "toCurrency": null, "lastMarket": null, "algorithm": null, "tradeable": false}, "incomeStatementHistoryQuarterly": {"incomeStatementHistory": [{"maxAge": 1, "endDate": "2020-06-30", "totalRevenue": 40376000, "costOfRevenue": 27194000, "grossProfit": 13182000, "researchDevelopment": {}, "sellingGeneralAdministrative": 11216000, "nonRecurring": {}, "otherOperatingExpenses": 12990000, "totalOperatingExpenses": 57348000, "operatingIncome": -16972000, "totalOtherIncomeExpenseNet": -3140000, "ebit": -16972000, "interestExpense": -3044000, "incomeBeforeTax": -20112000, "incomeTaxExpense": -213000, "minorityInterest": {}, "netIncomeFromContinuingOps": -19899000, "discontinuedOperations": {}, "extraordinaryItems": {}, "effectOfAccountingCharges": {}, "otherItems": {}, "netIncome": -19899000, "netIncomeApplicableToCommonShares": -19899000}, {"maxAge": 1, "endDate": "2020-03-31", "totalRevenue": 152935000, "costOfRevenue": 161415000, "grossProfit": -8480000, "researchDevelopment": {}, "sellingGeneralAdministrative": 27988000, "nonRecurring": {}, "otherOperatingExpenses": 38039000, "totalOperatingExpenses": 234726000, "operatingIncome": -81791000, "totalOtherIncomeExpenseNet": 6278000, "ebit": -81791000, "interestExpense": -3044000, "incomeBeforeTax": -75513000, "incomeTaxExpense": 46445000, "minorityInterest": {}, "netIncomeFromContinuingOps": -121958000, "discontinuedOperations": {}, "extraordinaryItems": {}, "effectOfAccountingCharges": {}, "otherItems": {}, "netIncome": -121958000, "netIncomeApplicableToCommonShares": -121958000}, {"maxAge": 1, "endDate": "2019-12-31", "totalRevenue": 122572000, "costOfRevenue": 91950000, "grossProfit": 30622000, "researchDevelopment": {}, "sellingGeneralAdministrative": 24311000, "nonRecurring": {}, "otherOperatingExpenses": 14712000, "totalOperatingExpenses": 137354000, "operatingIncome": -14782000, "totalOtherIncomeExpenseNet": -2036000, "ebit": -14782000, "interestExpense": -2036000, "incomeBeforeTax": -16818000, "incomeTaxExpense": -4668000, "minorityInterest": {}, "netIncomeFromContinuingOps": -12150000, "discontinuedOperations": {}, "extraordinaryItems": {}, "effectOfAccountingCharges": {}, "otherItems": {}, "netIncome": -12150000, "netIncomeApplicableToCommonShares": -12150000}, {"maxAge": 1, "endDate": "2019-09-30", "totalRevenue": 210705000, "costOfRevenue": 145248000, "grossProfit": 65457000, "researchDevelopment": {}, "sellingGeneralAdministrative": 31575000, "nonRecurring": {}, "otherOperatingExpenses": 26481000, "totalOperatingExpenses": 209425000, "operatingIncome": 1280000, "totalOtherIncomeExpenseNet": -3086000, "ebit": 1280000, "interestExpense": -2488000, "incomeBeforeTax": -1806000, "incomeTaxExpense": 151000, "minorityInterest": {}, "netIncomeFromContinuingOps": -1957000, "discontinuedOperations": {}, "extraordinaryItems": {}, "effectOfAccountingCharges": {}, "otherItems": {}, "netIncome": -1957000, "netIncomeApplicableToCommonShares": -1957000}], "maxAge": 86400}, "cashflowStatementHistoryQuarterly": {"cashflowStatements": [{"maxAge": 1, "endDate": "2020-06-30", "netIncome": -19899000, "changeToLiabilities": 0}, {"maxAge": 1, "endDate": "2020-03-31", "netIncome": -121958000, "changeToLiabilities": 0}, {"maxAge": 1, "endDate": "2019-12-31", "netIncome": -12150000, "changeToLiabilities": 0}, {"maxAge": 1, "endDate": "2019-09-30", "netIncome": -1957000, "changeToLiabilities": 0}], "maxAge": 86400}, "insiderHolders": {"holders": [], "maxAge": 1}, "calendarEvents": {"maxAge": 1, "earnings": {"earningsDate": []}}, "price": {"maxAge": 1, "regularMarketChangePercent": 0.050000016, "regularMarketChange": 1.3500004, "regularMarketTime": "2021-04-30 12:38:31", "priceHint": 2, "regularMarketPrice": 28.35, "regularMarketDayHigh": 28.35, "regularMarketDayLow": 27.1, "regularMarketVolume": 1327, "averageDailyVolume10Day": 838, "averageDailyVolume3Month": 645, "regularMarketPreviousClose": 27.0, "regularMarketSource": "FREE_REALTIME", "regularMarketOpen": 27.1, "exchange": "BSE", "exchangeName": "BSE", "exchangeDataDelayedBy": 0, "marketState": "CLOSED", "quoteType": "EQUITY", "symbol": "VJLAXMIE.BO", "underlyingSymbol": null, "shortName": "VEEJAY LAKSHMI ENGINEERING WOR", "longName": "Veejay Lakshmi Engineering Works Limited", "currency": "INR", "quoteSourceName": "Delayed Quote", "currencySymbol": "\u20b9", "fromCurrency": null, "toCurrency": null, "lastMarket": null, "marketCap": 143788368}, "balanceSheetHistory": {"balanceSheetStatements": [{"maxAge": 1, "endDate": "2020-03-31", "cash": 318000, "netReceivables": 56484000, "inventory": 186297000, "otherCurrentAssets": 3730000, "totalCurrentAssets": 250087000, "longTermInvestments": 18578000, "propertyPlantEquipment": 414342000, "otherAssets": 30357000, "totalAssets": 713364000, "accountsPayable": 97544000, "shortLongTermDebt": 1600000, "otherCurrentLiab": 25488000, "longTermDebt": 72860000, "otherLiab": 6136000, "totalCurrentLiabilities": 191122000, "totalLiab": 270118000, "commonStock": 50719000, "retainedEarnings": 97265000, "treasuryStock": 83619000, "capitalSurplus": 211643000, "otherStockholderEquity": 83619000, "totalStockholderEquity": 443246000, "netTangibleAssets": 443246000}, {"maxAge": 1, "endDate": "2019-03-31", "cash": 2196000, "netReceivables": 70712000, "inventory": 310293000, "otherCurrentAssets": 3018000, "totalCurrentAssets": 388642000, "longTermInvestments": 25789000, "propertyPlantEquipment": 394832000, "otherAssets": 71786000, "deferredLongTermAssetCharges": 40192000, "totalAssets": 881049000, "accountsPayable": 65915000, "otherCurrentLiab": 55420000, "longTermDebt": 25759000, "otherLiab": 5973000, "totalCurrentLiabilities": 266368000, "totalLiab": 298100000, "commonStock": 50719000, "retainedEarnings": 231986000, "treasuryStock": 88601000, "capitalSurplus": 211643000, "otherStockholderEquity": 88601000, "totalStockholderEquity": 582949000, "netTangibleAssets": 582949000}, {"maxAge": 1, "endDate": "2018-03-31", "cash": 63427000, "netReceivables": 51433000, "inventory": 348298000, "otherCurrentAssets": 11418000, "totalCurrentAssets": 477381000, "longTermInvestments": 25500000, "propertyPlantEquipment": 415557000, "otherAssets": 77771000, "deferredLongTermAssetCharges": 45820000, "totalAssets": 996209000, "accountsPayable": 51100000, "otherCurrentLiab": 36869000, "longTermDebt": 22990000, "otherLiab": 5517000, "totalCurrentLiabilities": 384239000, "totalLiab": 412746000, "commonStock": 50719000, "retainedEarnings": 232838000, "treasuryStock": 88263000, "capitalSurplus": 211643000, "otherStockholderEquity": 88263000, "totalStockholderEquity": 583463000, "netTangibleAssets": 583463000}, {"maxAge": 1, "endDate": "2017-03-31", "cash": 12235000, "netReceivables": 60104000, "inventory": 304921000, "otherCurrentAssets": 22198000, "totalCurrentAssets": 403237000, "longTermInvestments": 19604000, "propertyPlantEquipment": 430062000, "otherAssets": 44804000, "deferredLongTermAssetCharges": 15290000, "totalAssets": 897707000, "accountsPayable": 60118000, "otherCurrentLiab": 73419000, "longTermDebt": 20519000, "otherLiab": 4781000, "totalCurrentLiabilities": 236273000, "totalLiab": 261573000, "commonStock": 50719000, "retainedEarnings": 285217000, "treasuryStock": 88555000, "capitalSurplus": 211643000, "otherStockholderEquity": 88555000, "totalStockholderEquity": 636134000, "netTangibleAssets": 636134000}], "maxAge": 86400}, "financialData": {"maxAge": 86400, "currentPrice": 28.35, "recommendationKey": "none", "grossProfits": 151970000, "financialCurrency": "INR"}}}