{"VMS.BO": {"cashflowStatementHistory": {"cashflowStatements": [{"maxAge": 1, "endDate": "2020-03-31", "netIncome": 12080000, "depreciation": 4607000, "changeToNetincome": -76999000, "changeToAccountReceivables": -382104000, "changeToLiabilities": -51487000, "changeToInventory": 164635000, "changeToOperatingActivities": -77863000, "totalCashFromOperatingActivities": -407131000, "capitalExpenditures": -387000, "investments": 61850000, "otherCashflowsFromInvestingActivities": 49054000, "totalCashflowsFromInvestingActivities": 110517000, "netBorrowings": 319913000, "otherCashflowsFromFinancingActivities": -19002000, "totalCashFromFinancingActivities": 300911000, "changeInCash": 4297000}, {"maxAge": 1, "endDate": "2019-03-31", "netIncome": 22632000, "depreciation": 6001000, "changeToNetincome": -248000, "changeToAccountReceivables": -9016000, "changeToLiabilities": 297206000, "changeToInventory": -691084000, "changeToOperatingActivities": 184322000, "totalCashFromOperatingActivities": -190187000, "capitalExpenditures": -698000, "investments": 71864000, "otherCashflowsFromInvestingActivities": 22341000, "totalCashflowsFromInvestingActivities": 93707000, "netBorrowings": 83431000, "otherCashflowsFromFinancingActivities": -16298000, "totalCashFromFinancingActivities": 67133000, "changeInCash": -29347000}, {"maxAge": 1, "endDate": "2018-03-31", "netIncome": 16705000, "depreciation": 6001000, "changeToNetincome": -12404000, "changeToAccountReceivables": -59660000, "changeToLiabilities": -290909000, "changeToInventory": 3980000, "changeToOperatingActivities": 140181000, "totalCashFromOperatingActivities": -194770000, "capitalExpenditures": -3492000, "investments": -49359000, "otherCashflowsFromInvestingActivities": 41058000, "totalCashflowsFromInvestingActivities": -11793000, "netBorrowings": 133490000, "otherCashflowsFromFinancingActivities": -26262000, "totalCashFromFinancingActivities": 107228000, "changeInCash": -99335000}, {"maxAge": 1, "endDate": "2017-03-31", "netIncome": 10109000, "depreciation": 4327000, "changeToNetincome": -27976000, "changeToAccountReceivables": -30499000, "changeToLiabilities": 486034000, "changeToInventory": -100599000, "changeToOperatingActivities": -64821000, "totalCashFromOperatingActivities": 276575000, "capitalExpenditures": -5348000, "investments": -12166000, "otherCashflowsFromInvestingActivities": 40117000, "totalCashflowsFromInvestingActivities": 25516000, "netBorrowings": -56805000, "otherCashflowsFromFinancingActivities": -8237000, "totalCashFromFinancingActivities": -65042000, "changeInCash": 237049000}], "maxAge": 86400}, "institutionOwnership": {"maxAge": 1, "ownershipList": []}, "balanceSheetHistoryQuarterly": {"balanceSheetStatements": [{"maxAge": 1, "endDate": "2020-06-30", "totalStockholderEquity": 531567000, "netTangibleAssets": 531567000}, {"maxAge": 1, "endDate": "2020-03-31", "cash": 190501000, "netReceivables": 689744000, "inventory": 795829000, "otherCurrentAssets": 4922000, "totalCurrentAssets": 1683177000, "longTermInvestments": 25436000, "propertyPlantEquipment": 55527000, "otherAssets": 2373000, "totalAssets": 1766513000, "accountsPayable": 704945000, "shortLongTermDebt": 977000, "otherCurrentLiab": 38621000, "longTermDebt": 1141000, "otherLiab": 5486000, "deferredLongTermLiab": 1663000, "totalCurrentLiabilities": 1228319000, "totalLiab": 1234946000, "commonStock": 164734000, "retainedEarnings": 116185000, "treasuryStock": 1604000, "capitalSurplus": 249044000, "otherStockholderEquity": 1604000, "totalStockholderEquity": 531567000, "netTangibleAssets": 531567000}, {"maxAge": 1, "endDate": "2019-12-31", "cash": 190501000, "netReceivables": 689744000, "inventory": 795829000, "otherCurrentAssets": 4922000, "totalCurrentAssets": 1683177000, "longTermInvestments": 25436000, "propertyPlantEquipment": 55527000, "otherAssets": 2373000, "totalAssets": 1766513000, "accountsPayable": 704945000, "shortLongTermDebt": 977000, "otherCurrentLiab": 38621000, "longTermDebt": 1141000, "otherLiab": 5486000, "deferredLongTermLiab": 1663000, "totalCurrentLiabilities": 1228319000, "totalLiab": 1234946000, "commonStock": 164734000, "retainedEarnings": 116185000, "treasuryStock": 1604000, "capitalSurplus": 249044000, "otherStockholderEquity": 1604000, "totalStockholderEquity": 531567000, "netTangibleAssets": 531567000}, {"maxAge": 1, "endDate": "2019-09-30", "cash": 303870000, "netReceivables": 711723000, "inventory": 249868000, "otherCurrentAssets": 10582000, "totalCurrentAssets": 1276043000, "longTermInvestments": 86683000, "propertyPlantEquipment": 57661000, "otherAssets": 3350000, "totalAssets": 1423737000, "accountsPayable": 705959000, "shortLongTermDebt": 1203000, "otherCurrentLiab": 5143000, "longTermDebt": 1501000, "otherLiab": 7007000, "deferredLongTermLiab": 2439000, "totalCurrentLiabilities": 852688000, "totalLiab": 861196000, "commonStock": 164734000, "treasuryStock": 397807000, "otherStockholderEquity": 397807000, "totalStockholderEquity": 562541000, "netTangibleAssets": 562541000}], "maxAge": 86400}, "indexTrend": {"maxAge": 1, "symbol": "SP5", "peRatio": 19.7411, "pegRatio": 1.34172, "estimates": [{"period": "0q", "growth": 0.549}, {"period": "+1q", "growth": 0.431}, {"period": "0y", "growth": 0.305}, {"period": "+1y", "growth": 0.109}, {"period": "+5y", "growth": 0.120859005}, {"period": "-5y"}]}, "insiderTransactions": {"transactions": [{"maxAge": 1, "shares": 99575, "filerUrl": "", "transactionText": "", "filerName": "Jain (Manoj Kumar)", "filerRelation": "Managing Director", "moneyText": "", "startDate": "2019-03-27", "ownership": "D"}, {"maxAge": 1, "shares": 190425, "filerUrl": "", "transactionText": "", "filerName": "Jain (Manoj Kumar)", "filerRelation": "Managing Director", "moneyText": "", "startDate": "2019-03-26", "ownership": "D"}], "maxAge": 1}, "quoteType": {"exchange": "BSE", "quoteType": "EQUITY", "symbol": "VMS.BO", "underlyingSymbol": "VMS.BO", "shortName": "VMS INDUSTRIES LTD.", "longName": "VMS Industries Limited", "firstTradeDateEpochUtc": "2011-06-14 09:15:00", "timeZoneFullName": "Asia/Kolkata", "timeZoneShortName": "IST", "uuid": "9b843cf3-e2ca-386d-b564-9f82f0e0387d", "messageBoardId": null, "gmtOffSetMilliseconds": 19800000, "maxAge": 1}, "incomeStatementHistory": {"incomeStatementHistory": [{"maxAge": 1, "endDate": "2020-03-31", "totalRevenue": 1764133000, "costOfRevenue": 1672733000, "grossProfit": 91400000, "researchDevelopment": {}, "sellingGeneralAdministrative": 46000, "nonRecurring": {}, "otherOperatingExpenses": 42109000, "totalOperatingExpenses": 1719495000, "operatingIncome": 44638000, "totalOtherIncomeExpenseNet": -31359000, "ebit": 44638000, "interestExpense": -13803000, "incomeBeforeTax": 13279000, "incomeTaxExpense": 1199000, "minorityInterest": {}, "netIncomeFromContinuingOps": 12080000, "discontinuedOperations": {}, "extraordinaryItems": {}, "effectOfAccountingCharges": {}, "otherItems": {}, "netIncome": 12080000, "netIncomeApplicableToCommonShares": 12080000}, {"maxAge": 1, "endDate": "2019-03-31", "totalRevenue": 3088134000, "costOfRevenue": 2956265000, "grossProfit": 131869000, "researchDevelopment": {}, "sellingGeneralAdministrative": 43000, "nonRecurring": {}, "otherOperatingExpenses": 65189000, "totalOperatingExpenses": 3027499000, "operatingIncome": 60635000, "totalOtherIncomeExpenseNet": -29091000, "ebit": 60635000, "interestExpense": -14544000, "incomeBeforeTax": 31544000, "incomeTaxExpense": 8912000, "minorityInterest": 13688000, "netIncomeFromContinuingOps": 22632000, "discontinuedOperations": {}, "extraordinaryItems": {}, "effectOfAccountingCharges": {}, "otherItems": {}, "netIncome": 22632000, "netIncomeApplicableToCommonShares": 22632000}, {"maxAge": 1, "endDate": "2018-03-31", "totalRevenue": 1347568000, "costOfRevenue": 1257563000, "grossProfit": 90005000, "researchDevelopment": {}, "sellingGeneralAdministrative": 41000, "nonRecurring": {}, "otherOperatingExpenses": 68852000, "totalOperatingExpenses": 1332457000, "operatingIncome": 15111000, "totalOtherIncomeExpenseNet": 9691000, "ebit": 15111000, "interestExpense": -15257000, "incomeBeforeTax": 24802000, "incomeTaxExpense": 8097000, "minorityInterest": 13119000, "netIncomeFromContinuingOps": 16705000, "discontinuedOperations": {}, "extraordinaryItems": {}, "effectOfAccountingCharges": {}, "otherItems": {}, "netIncome": 16705000, "netIncomeApplicableToCommonShares": 16705000}, {"maxAge": 1, "endDate": "2017-03-31", "totalRevenue": 1147384000, "costOfRevenue": 1075659000, "grossProfit": 71725000, "researchDevelopment": {}, "sellingGeneralAdministrative": 42000, "nonRecurring": {}, "otherOperatingExpenses": 74683000, "totalOperatingExpenses": 1154711000, "operatingIncome": -7327000, "totalOtherIncomeExpenseNet": 24848000, "ebit": -7327000, "interestExpense": -6387000, "incomeBeforeTax": 17521000, "incomeTaxExpense": 7412000, "minorityInterest": 12620000, "netIncomeFromContinuingOps": 10109000, "discontinuedOperations": {}, "extraordinaryItems": {}, "effectOfAccountingCharges": {}, "otherItems": {}, "netIncome": 10109000, "netIncomeApplicableToCommonShares": 10109000}], "maxAge": 86400}, "fundOwnership": {"maxAge": 1, "ownershipList": []}, "summaryDetail": {"maxAge": 1, "priceHint": 2, "previousClose": 7.88, "open": 7.88, "dayLow": 7.7, "dayHigh": 8.4, "regularMarketPreviousClose": 7.88, "regularMarketOpen": 7.88, "regularMarketDayLow": 7.7, "regularMarketDayHigh": 8.4, "trailingPE": 18.181816, "volume": 3334, "regularMarketVolume": 3334, "averageVolume": 17008, "averageVolume10days": 7657, "averageDailyVolume10Day": 7657, "bid": 7.88, "ask": 8.38, "bidSize": 0, "askSize": 0, "marketCap": 138376560, "fiftyTwoWeekLow": 5.13, "fiftyTwoWeekHigh": 15.35, "fiftyDayAverage": 7.928571, "twoHundredDayAverage": 7.570219, "currency": "INR", "fromCurrency": null, "toCurrency": null, "lastMarket": null, "algorithm": null, "tradeable": false}, "incomeStatementHistoryQuarterly": {"incomeStatementHistory": [{"maxAge": 1, "endDate": "2020-06-30", "totalRevenue": 227615000, "costOfRevenue": 219752000, "grossProfit": 7863000, "researchDevelopment": {}, "sellingGeneralAdministrative": {}, "nonRecurring": {}, "otherOperatingExpenses": 7488000, "totalOperatingExpenses": 228382000, "operatingIncome": -767000, "totalOtherIncomeExpenseNet": 1658000, "ebit": -767000, "interestExpense": -6723000, "incomeBeforeTax": 891000, "incomeTaxExpense": 388000, "minorityInterest": {}, "netIncomeFromContinuingOps": 503000, "discontinuedOperations": {}, "extraordinaryItems": {}, "effectOfAccountingCharges": {}, "otherItems": {}, "netIncome": 503000, "netIncomeApplicableToCommonShares": 503000}, {"maxAge": 1, "endDate": "2020-03-31", "totalRevenue": 403161000, "costOfRevenue": 378403500, "grossProfit": 24757500, "researchDevelopment": {}, "sellingGeneralAdministrative": 23000, "nonRecurring": {}, "otherOperatingExpenses": 9180500, "totalOperatingExpenses": 388691500, "operatingIncome": 14469500, "totalOtherIncomeExpenseNet": -14194500, "ebit": 14469500, "interestExpense": -6723000, "incomeBeforeTax": 275000, "incomeTaxExpense": -674500, "minorityInterest": {}, "netIncomeFromContinuingOps": 949500, "discontinuedOperations": {}, "extraordinaryItems": {}, "effectOfAccountingCharges": {}, "otherItems": {}, "netIncome": 949500, "netIncomeApplicableToCommonShares": 949500}, {"maxAge": 1, "endDate": "2019-12-31", "totalRevenue": 403161000, "costOfRevenue": 378403500, "grossProfit": 24757500, "researchDevelopment": {}, "sellingGeneralAdministrative": 23000, "nonRecurring": {}, "otherOperatingExpenses": 9180500, "totalOperatingExpenses": 388691500, "operatingIncome": 14469500, "totalOtherIncomeExpenseNet": -14194500, "ebit": 14469500, "interestExpense": -6723000, "incomeBeforeTax": 275000, "incomeTaxExpense": -674500, "minorityInterest": {}, "netIncomeFromContinuingOps": 949500, "discontinuedOperations": {}, "extraordinaryItems": {}, "effectOfAccountingCharges": {}, "otherItems": {}, "netIncome": 949500, "netIncomeApplicableToCommonShares": 949500}, {"maxAge": 1, "endDate": "2019-09-30", "totalRevenue": 596420000, "costOfRevenue": 572490000, "grossProfit": 23930000, "researchDevelopment": {}, "sellingGeneralAdministrative": 23000, "nonRecurring": {}, "otherOperatingExpenses": 15541000, "totalOperatingExpenses": 589273000, "operatingIncome": 7147000, "totalOtherIncomeExpenseNet": 31000, "ebit": 7147000, "interestExpense": -6283000, "incomeBeforeTax": 7178000, "incomeTaxExpense": 1005000, "minorityInterest": {}, "netIncomeFromContinuingOps": 6173000, "discontinuedOperations": {}, "extraordinaryItems": {}, "effectOfAccountingCharges": {}, "otherItems": {}, "netIncome": 6173000, "netIncomeApplicableToCommonShares": 6173000}], "maxAge": 86400}, "cashflowStatementHistoryQuarterly": {"cashflowStatements": [{"maxAge": 1, "endDate": "2020-06-30", "netIncome": 503000, "changeToLiabilities": 0}, {"maxAge": 1, "endDate": "2020-03-31", "netIncome": 949500, "depreciation": 1084500, "changeToNetincome": -38015000, "changeToAccountReceivables": -65032500, "changeToLiabilities": 489000, "changeToInventory": -272980500, "changeToOperatingActivities": 96644000, "totalCashFromOperatingActivities": -276861000, "capitalExpenditures": -18000, "investments": 31523500, "otherCashflowsFromInvestingActivities": 19376000, "totalCashflowsFromInvestingActivities": 50881500, "netBorrowings": 170212500, "otherCashflowsFromFinancingActivities": -993000, "totalCashFromFinancingActivities": 169219500, "changeInCash": -56760000}, {"maxAge": 1, "endDate": "2019-12-31", "netIncome": 949500, "depreciation": 1084500, "changeToNetincome": -38015000, "changeToAccountReceivables": -65032500, "changeToLiabilities": 489000, "changeToInventory": -272980500, "changeToOperatingActivities": 96644000, "totalCashFromOperatingActivities": -276861000, "capitalExpenditures": -18000, "investments": 31523500, "otherCashflowsFromInvestingActivities": 19376000, "totalCashflowsFromInvestingActivities": 50881500, "netBorrowings": 170212500, "otherCashflowsFromFinancingActivities": -993000, "totalCashFromFinancingActivities": 169219500, "changeInCash": -56760000}, {"maxAge": 1, "endDate": "2019-09-30", "netIncome": 6173000, "depreciation": 1084500, "changeToNetincome": -38015000, "changeToAccountReceivables": -65032500, "changeToLiabilities": 0, "changeToInventory": -272980500, "changeToOperatingActivities": 96644000, "totalCashFromOperatingActivities": -276861000, "capitalExpenditures": -18000, "investments": 31523500, "otherCashflowsFromInvestingActivities": 19376000, "totalCashflowsFromInvestingActivities": 50881500, "netBorrowings": 170212500, "otherCashflowsFromFinancingActivities": -993000, "totalCashFromFinancingActivities": 169219500, "changeInCash": -56760000}], "maxAge": 86400}, "insiderHolders": {"holders": [{"maxAge": 1, "name": "Jain (Manoj Kumar)", "relation": "Managing Director", "url": "", "transactionDescription": "Sale", "latestTransDate": "2019-03-27", "positionDirect": 6168100, "positionDirectDate": "2019-03-27"}], "maxAge": 1}, "calendarEvents": {"maxAge": 1, "earnings": {"earningsDate": ["2020-11-13 05:30:S", "2020-11-14 05:30:S"]}}, "price": {"maxAge": 1, "regularMarketChangePercent": 0.065989785, "regularMarketChange": 0.5199995, "regularMarketTime": "2021-04-30 14:55:55", "priceHint": 2, "regularMarketPrice": 8.4, "regularMarketDayHigh": 8.4, "regularMarketDayLow": 7.7, "regularMarketVolume": 3334, "averageDailyVolume10Day": 7657, "averageDailyVolume3Month": 17008, "regularMarketPreviousClose": 7.88, "regularMarketSource": "FREE_REALTIME", "regularMarketOpen": 7.88, "exchange": "BSE", "exchangeName": "BSE", "exchangeDataDelayedBy": 0, "marketState": "CLOSED", "quoteType": "EQUITY", "symbol": "VMS.BO", "underlyingSymbol": null, "shortName": "VMS INDUSTRIES LTD.", "longName": "VMS Industries Limited", "currency": "INR", "quoteSourceName": "Delayed Quote", "currencySymbol": "\u20b9", "fromCurrency": null, "toCurrency": null, "lastMarket": null, "marketCap": 138376560}, "balanceSheetHistory": {"balanceSheetStatements": [{"maxAge": 1, "endDate": "2020-03-31", "cash": 190501000, "netReceivables": 689744000, "inventory": 795829000, "otherCurrentAssets": 4922000, "totalCurrentAssets": 1683177000, "longTermInvestments": 25436000, "propertyPlantEquipment": 55527000, "otherAssets": 2373000, "totalAssets": 1766513000, "accountsPayable": 704945000, "shortLongTermDebt": 977000, "otherCurrentLiab": 38621000, "longTermDebt": 1141000, "otherLiab": 5486000, "deferredLongTermLiab": 1663000, "totalCurrentLiabilities": 1228319000, "totalLiab": 1234946000, "commonStock": 164734000, "retainedEarnings": 116185000, "treasuryStock": 1604000, "capitalSurplus": 249044000, "otherStockholderEquity": 1604000, "totalStockholderEquity": 531567000, "netTangibleAssets": 531567000}, {"maxAge": 1, "endDate": "2019-03-31", "cash": 186982000, "netReceivables": 295635000, "inventory": 964748000, "otherCurrentAssets": 9857000, "totalCurrentAssets": 1462163000, "longTermInvestments": 31012000, "propertyPlantEquipment": 112039000, "otherAssets": 28654000, "totalAssets": 1633868000, "accountsPayable": 757163000, "shortLongTermDebt": 1200000, "otherCurrentLiab": 26809000, "longTermDebt": 2113000, "otherLiab": 7619000, "deferredLongTermLiab": 3216000, "minorityInterest": 13688000, "totalCurrentLiabilities": 1052466000, "totalLiab": 1062198000, "commonStock": 164734000, "retainedEarnings": 142651000, "capitalSurplus": 250597000, "totalStockholderEquity": 557982000, "netTangibleAssets": 557982000}, {"maxAge": 1, "endDate": "2018-03-31", "cash": 216330000, "netReceivables": 438344000, "inventory": 273650000, "otherCurrentAssets": 10079000, "totalCurrentAssets": 938761000, "longTermInvestments": 102735000, "propertyPlantEquipment": 118036000, "otherAssets": 55708000, "totalAssets": 1215240000, "accountsPayable": 459501000, "shortLongTermDebt": 5494000, "otherCurrentLiab": 3974000, "longTermDebt": 42632000, "otherLiab": 7620000, "deferredLongTermLiab": 4770000, "minorityInterest": 13119000, "totalCurrentLiabilities": 614395000, "totalLiab": 664647000, "commonStock": 164734000, "retainedEarnings": 120589000, "treasuryStock": 372616000, "capitalSurplus": 252151000, "otherStockholderEquity": 372616000, "totalStockholderEquity": 537474000, "netTangibleAssets": 537474000}, {"maxAge": 1, "endDate": "2017-03-31", "cash": 315666000, "netReceivables": 520487000, "inventory": 277630000, "otherCurrentAssets": 14079000, "totalCurrentAssets": 1129652000, "longTermInvestments": 53253000, "propertyPlantEquipment": 120545000, "otherAssets": 57288000, "totalAssets": 1360738000, "accountsPayable": 750348000, "shortLongTermDebt": 6119000, "otherCurrentLiab": 5412000, "longTermDebt": 47181000, "otherLiab": 7141000, "deferredLongTermLiab": 6324000, "minorityInterest": 12620000, "totalCurrentLiabilities": 770972000, "totalLiab": 825294000, "commonStock": 164734000, "retainedEarnings": 104385000, "capitalSurplus": 253705000, "totalStockholderEquity": 522824000, "netTangibleAssets": 522824000}], "maxAge": 86400}, "financialData": {"maxAge": 86400, "currentPrice": 8.4, "recommendationKey": "none", "grossProfits": 91400000, "financialCurrency": "INR"}}}