{"VOITHPAPR.BO": {"recommendationTrend": {"trend": [{"period": "0m", "strongBuy": 0, "buy": 0, "hold": 0, "sell": 0, "strongSell": 0}, {"period": "-1m", "strongBuy": 0, "buy": 0, "hold": 0, "sell": 0, "strongSell": 0}, {"period": "-2m", "strongBuy": 0, "buy": 0, "hold": 0, "sell": 0, "strongSell": 0}, {"period": "-3m", "strongBuy": 0, "buy": 0, "hold": 0, "sell": 0, "strongSell": 0}], "maxAge": 86400}, "cashflowStatementHistory": {"cashflowStatements": [{"maxAge": 1, "endDate": "2020-03-31", "netIncome": 245420000, "depreciation": 65960000, "changeToNetincome": -80390000, "changeToAccountReceivables": -3040000, "changeToLiabilities": 7750000, "changeToInventory": -38350000, "changeToOperatingActivities": 4960000, "totalCashFromOperatingActivities": 202310000, "capitalExpenditures": -147340000, "investments": -167940000, "otherCashflowsFromInvestingActivities": 78800000, "totalCashflowsFromInvestingActivities": -235970000, "dividendsPaid": -21880000, "otherCashflowsFromFinancingActivities": -4510000, "totalCashFromFinancingActivities": -26390000, "changeInCash": -60050000}, {"maxAge": 1, "endDate": "2019-03-31", "netIncome": 230950000, "depreciation": 55630000, "changeToNetincome": -79950000, "changeToAccountReceivables": 3880000, "changeToLiabilities": 13110000, "changeToInventory": -46230000, "changeToOperatingActivities": -10000000, "totalCashFromOperatingActivities": 167390000, "capitalExpenditures": -299610000, "investments": 162930000, "otherCashflowsFromInvestingActivities": 83680000, "totalCashflowsFromInvestingActivities": -51280000, "dividendsPaid": -39090000, "otherCashflowsFromFinancingActivities": -8130000, "totalCashFromFinancingActivities": -47220000, "changeInCash": 68890000}, {"maxAge": 1, "endDate": "2018-03-31", "netIncome": 181152431, "depreciation": 58453037, "changeToNetincome": -93108739, "changeToAccountReceivables": 28675519, "changeToLiabilities": 27470338, "changeToInventory": 16101483, "changeToOperatingActivities": 9438713, "totalCashFromOperatingActivities": 228182782, "capitalExpenditures": -96186569, "investments": -170638950, "otherCashflowsFromInvestingActivities": 74673741, "totalCashflowsFromInvestingActivities": -192063380, "dividendsPaid": -20998879, "otherCashflowsFromFinancingActivities": -8130000, "totalCashFromFinancingActivities": -20998879, "changeInCash": 15120523}, {"maxAge": 1, "endDate": "2017-03-31", "netIncome": 176782027, "depreciation": 59570342, "changeToNetincome": -70565297, "changeToAccountReceivables": -13859876, "changeToLiabilities": -4980315, "changeToInventory": -7652622, "changeToOperatingActivities": 7861157, "totalCashFromOperatingActivities": 147155416, "capitalExpenditures": -16680451, "investments": -168693757, "otherCashflowsFromInvestingActivities": 71694388, "totalCashflowsFromInvestingActivities": -113537739, "dividendsPaid": -21133163, "otherCashflowsFromFinancingActivities": -8130000, "totalCashFromFinancingActivities": -21133163, "changeInCash": 12484514}], "maxAge": 86400}, "institutionOwnership": {"maxAge": 1, "ownershipList": []}, "balanceSheetHistoryQuarterly": {"balanceSheetStatements": [{"maxAge": 1, "endDate": "2020-06-30", "totalStockholderEquity": 2340510000, "netTangibleAssets": 2340510000}, {"maxAge": 1, "endDate": "2020-03-31", "cash": 68070000, "shortTermInvestments": 1298620000, "netReceivables": 174920000, "inventory": 170670000, "otherCurrentAssets": 20180000, "totalCurrentAssets": 1735590000, "propertyPlantEquipment": 794660000, "otherAssets": 42470000, "totalAssets": 2572720000, "accountsPayable": 117580000, "otherCurrentLiab": 48990000, "otherLiab": 42300000, "totalCurrentLiabilities": 189910000, "totalLiab": 232210000, "commonStock": 43930000, "retainedEarnings": 2297960000, "treasuryStock": -1380000, "otherStockholderEquity": -1380000, "totalStockholderEquity": 2340510000, "netTangibleAssets": 2340510000}, {"maxAge": 1, "endDate": "2019-12-31", "totalStockholderEquity": 2213432000, "netTangibleAssets": 2213432000}, {"maxAge": 1, "endDate": "2019-09-30", "cash": 1274730000, "shortTermInvestments": 515000, "netReceivables": 156507000, "inventory": 143855000, "otherCurrentAssets": 39899000, "totalCurrentAssets": 1614991000, "longTermInvestments": 5091000, "propertyPlantEquipment": 807003000, "otherAssets": 37668000, "totalAssets": 2459662000, "accountsPayable": 103251000, "otherCurrentLiab": 112033000, "otherLiab": 30946000, "totalCurrentLiabilities": 215284000, "totalLiab": 246230000, "commonStock": 43926000, "treasuryStock": 2169506000, "otherStockholderEquity": 2169506000, "totalStockholderEquity": 2213432000, "netTangibleAssets": 2213432000}], "maxAge": 86400}, "earningsHistory": {"history": [{"maxAge": 1, "epsActual": {}, "epsEstimate": {}, "epsDifference": {}, "surprisePercent": {}, "quarter": {}, "period": "-4q"}, {"maxAge": 1, "epsActual": 9.28, "epsEstimate": 12.02, "epsDifference": -2.74, "surprisePercent": -0.22799999, "quarter": "2017-06-30", "period": "-3q"}, {"maxAge": 1, "epsActual": 10.63, "epsEstimate": 10.68, "epsDifference": -0.05, "surprisePercent": -0.005, "quarter": "2017-09-30", "period": "-2q"}, {"maxAge": 1, "epsActual": 10.17, "epsEstimate": 10.94, "epsDifference": -0.77, "surprisePercent": -0.07, "quarter": "2018-03-31", "period": "-1q"}], "maxAge": 86400}, "indexTrend": {"maxAge": 1, "symbol": "SP5", "peRatio": 19.7411, "pegRatio": 1.34172, "estimates": [{"period": "0q", "growth": 0.549}, {"period": "+1q", "growth": 0.431}, {"period": "0y", "growth": 0.305}, {"period": "+1y", "growth": 0.109}, {"period": "+5y", "growth": 0.120859005}, {"period": "-5y"}]}, "industryTrend": {"maxAge": 1, "symbol": null, "estimates": []}, "quoteType": {"exchange": "BSE", "quoteType": "EQUITY", "symbol": "VOITHPAPR.BO", "underlyingSymbol": "VOITHPAPR.BO", "shortName": "VOITH PAPER FABRICS INDIA LTD.", "longName": "Voith Paper Fabrics India Limited", "firstTradeDateEpochUtc": "2001-09-05 09:15:00", "timeZoneFullName": "Asia/Kolkata", "timeZoneShortName": "IST", "uuid": "29e484d4-643b-3e50-831d-dabe7cee5967", "messageBoardId": null, "gmtOffSetMilliseconds": 19800000, "maxAge": 1}, "incomeStatementHistory": {"incomeStatementHistory": [{"maxAge": 1, "endDate": "2020-03-31", "totalRevenue": 1176080000, "costOfRevenue": 434530000, "grossProfit": 741550000, "researchDevelopment": {}, "sellingGeneralAdministrative": 151640000, "nonRecurring": {}, "otherOperatingExpenses": 266430000, "totalOperatingExpenses": 918570000, "operatingIncome": 257510000, "totalOtherIncomeExpenseNet": 76160000, "ebit": 257510000, "interestExpense": {}, "incomeBeforeTax": 333670000, "incomeTaxExpense": 88250000, "minorityInterest": {}, "netIncomeFromContinuingOps": 245420000, "discontinuedOperations": {}, "extraordinaryItems": {}, "effectOfAccountingCharges": {}, "otherItems": {}, "netIncome": 245420000, "netIncomeApplicableToCommonShares": 245420000}, {"maxAge": 1, "endDate": "2019-03-31", "totalRevenue": 1120290000, "costOfRevenue": 440740000, "grossProfit": 679550000, "researchDevelopment": {}, "sellingGeneralAdministrative": 135530000, "nonRecurring": {}, "otherOperatingExpenses": 241970000, "totalOperatingExpenses": 874600000, "operatingIncome": 245690000, "totalOtherIncomeExpenseNet": 79070000, "ebit": 245690000, "interestExpense": {}, "incomeBeforeTax": 324760000, "incomeTaxExpense": 93810000, "minorityInterest": {}, "netIncomeFromContinuingOps": 230950000, "discontinuedOperations": {}, "extraordinaryItems": {}, "effectOfAccountingCharges": {}, "otherItems": {}, "netIncome": 230950000, "netIncomeApplicableToCommonShares": 230950000}, {"maxAge": 1, "endDate": "2018-03-31", "totalRevenue": 941127018, "costOfRevenue": 345779933, "grossProfit": 595347085, "researchDevelopment": {}, "sellingGeneralAdministrative": 123535861, "nonRecurring": {}, "otherOperatingExpenses": 216948228, "totalOperatingExpenses": 744746436, "operatingIncome": 196380582, "totalOtherIncomeExpenseNet": 79988359, "ebit": 196380582, "interestExpense": {}, "incomeBeforeTax": 276368941, "incomeTaxExpense": 95216510, "minorityInterest": {}, "netIncomeFromContinuingOps": 181152431, "discontinuedOperations": {}, "extraordinaryItems": {}, "effectOfAccountingCharges": {}, "otherItems": {}, "netIncome": 181152431, "netIncomeApplicableToCommonShares": 181152431}, {"maxAge": 1, "endDate": "2017-03-31", "totalRevenue": 815196257, "costOfRevenue": 245738180, "grossProfit": 569458077, "researchDevelopment": {}, "sellingGeneralAdministrative": 108769449, "nonRecurring": {}, "otherOperatingExpenses": 201220137, "totalOperatingExpenses": 615550531, "operatingIncome": 199645726, "totalOtherIncomeExpenseNet": 72010599, "ebit": 199645726, "interestExpense": {}, "incomeBeforeTax": 271656325, "incomeTaxExpense": 94874298, "minorityInterest": {}, "netIncomeFromContinuingOps": 176782027, "discontinuedOperations": {}, "extraordinaryItems": {}, "effectOfAccountingCharges": {}, "otherItems": {}, "netIncome": 176782027, "netIncomeApplicableToCommonShares": 176782027}], "maxAge": 86400}, "fundOwnership": {"maxAge": 1, "ownershipList": []}, "summaryDetail": {"maxAge": 1, "priceHint": 2, "previousClose": 1094.0, "open": 1066.0, "dayLow": 1064.35, "dayHigh": 1092.0, "regularMarketPreviousClose": 1094.0, "regularMarketOpen": 1066.0, "regularMarketDayLow": 1064.35, "regularMarketDayHigh": 1092.0, "trailingPE": 20.613098, "forwardPE": 20.218884, "volume": 49, "regularMarketVolume": 49, "averageVolume": 1021, "averageVolume10days": 1484, "averageDailyVolume10Day": 1484, "bid": 1070.1, "ask": 1089.95, "bidSize": 0, "askSize": 0, "marketCap": 4787890176, "fiftyTwoWeekLow": 640.25, "fiftyTwoWeekHigh": 1223.0, "fiftyDayAverage": 1109.5853, "twoHundredDayAverage": 1036.7732, "trailingAnnualDividendRate": 5.0, "trailingAnnualDividendYield": 0.004570384, "currency": "INR", "fromCurrency": null, "toCurrency": null, "lastMarket": null, "algorithm": null, "tradeable": false}, "sectorTrend": {"maxAge": 1, "symbol": null, "estimates": []}, "incomeStatementHistoryQuarterly": {"incomeStatementHistory": [{"maxAge": 1, "endDate": "2020-06-30", "totalRevenue": 230940000, "costOfRevenue": 81290000, "grossProfit": 149650000, "researchDevelopment": {}, "sellingGeneralAdministrative": 38120000, "nonRecurring": {}, "otherOperatingExpenses": 52230000, "totalOperatingExpenses": 190890000, "operatingIncome": 40050000, "totalOtherIncomeExpenseNet": 21210000, "ebit": 40050000, "interestExpense": {}, "incomeBeforeTax": 61260000, "incomeTaxExpense": 15760000, "minorityInterest": {}, "netIncomeFromContinuingOps": 45500000, "discontinuedOperations": {}, "extraordinaryItems": {}, "effectOfAccountingCharges": {}, "otherItems": {}, "netIncome": 45500000, "netIncomeApplicableToCommonShares": 45500000}, {"maxAge": 1, "endDate": "2020-03-31", "totalRevenue": 265563000, "costOfRevenue": 115696000, "grossProfit": 149867000, "researchDevelopment": {}, "sellingGeneralAdministrative": 40059000, "nonRecurring": {}, "otherOperatingExpenses": 34741000, "totalOperatingExpenses": 209607000, "operatingIncome": 55956000, "totalOtherIncomeExpenseNet": 15822000, "ebit": 55956000, "interestExpense": {}, "incomeBeforeTax": 71778000, "incomeTaxExpense": 19227000, "minorityInterest": {}, "netIncomeFromContinuingOps": 52551000, "discontinuedOperations": {}, "extraordinaryItems": {}, "effectOfAccountingCharges": {}, "otherItems": {}, "netIncome": 52551000, "netIncomeApplicableToCommonShares": 52551000}, {"maxAge": 1, "endDate": "2019-12-31", "totalRevenue": 351009000, "costOfRevenue": 130400000, "grossProfit": 220609000, "researchDevelopment": {}, "sellingGeneralAdministrative": 38831000, "nonRecurring": {}, "otherOperatingExpenses": 82958000, "totalOperatingExpenses": 269011000, "operatingIncome": 81998000, "totalOtherIncomeExpenseNet": 21122000, "ebit": 81998000, "interestExpense": {}, "incomeBeforeTax": 103120000, "incomeTaxExpense": 27065000, "minorityInterest": {}, "netIncomeFromContinuingOps": 76055000, "discontinuedOperations": {}, "extraordinaryItems": {}, "effectOfAccountingCharges": {}, "otherItems": {}, "netIncome": 76055000, "netIncomeApplicableToCommonShares": 76055000}, {"maxAge": 1, "endDate": "2019-09-30", "totalRevenue": 305293000, "costOfRevenue": 114645000, "grossProfit": 190648000, "researchDevelopment": {}, "sellingGeneralAdministrative": 35421000, "nonRecurring": {}, "otherOperatingExpenses": 78620000, "totalOperatingExpenses": 244146000, "operatingIncome": 61147000, "totalOtherIncomeExpenseNet": 14681000, "ebit": 61147000, "interestExpense": {}, "incomeBeforeTax": 75828000, "incomeTaxExpense": 17807000, "minorityInterest": {}, "netIncomeFromContinuingOps": 58021000, "discontinuedOperations": {}, "extraordinaryItems": {}, "effectOfAccountingCharges": {}, "otherItems": {}, "netIncome": 58021000, "netIncomeApplicableToCommonShares": 58021000}], "maxAge": 86400}, "cashflowStatementHistoryQuarterly": {"cashflowStatements": [{"maxAge": 1, "endDate": "2020-06-30", "netIncome": 45500000, "changeToLiabilities": 0}, {"maxAge": 1, "endDate": "2020-03-31", "netIncome": 52551000, "changeToLiabilities": 0}, {"maxAge": 1, "endDate": "2019-12-31", "netIncome": 76055000, "changeToLiabilities": 0}, {"maxAge": 1, "endDate": "2019-09-30", "netIncome": 58021000, "changeToLiabilities": 0}], "maxAge": 86400}, "insiderHolders": {"holders": [], "maxAge": 1}, "earnings": {"maxAge": 86400, "earningsChart": {"quarterly": [{"date": "2Q2017", "actual": 9.28, "estimate": 12.02}, {"date": "3Q2017", "actual": 10.63, "estimate": 10.68}, {"date": "1Q2018", "actual": 10.17, "estimate": 10.94}], "currentQuarterEstimateDate": "2Q", "currentQuarterEstimateYear": 2018, "earningsDate": []}, "financialsChart": {"yearly": [{"date": 2017, "revenue": 815196257, "earnings": 176782027}, {"date": 2018, "revenue": 941127018, "earnings": 181152431}, {"date": 2019, "revenue": 1120290000, "earnings": 230950000}, {"date": 2020, "revenue": 1176080000, "earnings": 245420000}], "quarterly": [{"date": "3Q2019", "revenue": 305293000, "earnings": 58021000}, {"date": "4Q2019", "revenue": 351009000, "earnings": 76055000}, {"date": "1Q2020", "revenue": 265563000, "earnings": 52551000}, {"date": "2Q2020", "revenue": 230940000, "earnings": 45500000}]}, "financialCurrency": "INR"}, "calendarEvents": {"maxAge": 1, "earnings": {"earningsDate": [], "revenueAverage": 809642000}}, "price": {"maxAge": 1, "regularMarketChangePercent": -0.0036563072, "regularMarketChange": -4.0, "regularMarketTime": "2021-04-30 15:07:31", "priceHint": 2, "regularMarketPrice": 1090.0, "regularMarketDayHigh": 1092.0, "regularMarketDayLow": 1064.35, "regularMarketVolume": 49, "averageDailyVolume10Day": 1484, "averageDailyVolume3Month": 1021, "regularMarketPreviousClose": 1094.0, "regularMarketSource": "FREE_REALTIME", "regularMarketOpen": 1066.0, "exchange": "BSE", "exchangeName": "BSE", "exchangeDataDelayedBy": 0, "marketState": "CLOSED", "quoteType": "EQUITY", "symbol": "VOITHPAPR.BO", "underlyingSymbol": null, "shortName": "VOITH PAPER FABRICS INDIA LTD.", "longName": "Voith Paper Fabrics India Limited", "currency": "INR", "quoteSourceName": "Delayed Quote", "currencySymbol": "\u20b9", "fromCurrency": null, "toCurrency": null, "lastMarket": null, "marketCap": 4787890176}, "balanceSheetHistory": {"balanceSheetStatements": [{"maxAge": 1, "endDate": "2020-03-31", "cash": 68070000, "shortTermInvestments": 1298620000, "netReceivables": 174920000, "inventory": 170670000, "otherCurrentAssets": 20180000, "totalCurrentAssets": 1735590000, "propertyPlantEquipment": 794660000, "otherAssets": 42470000, "totalAssets": 2572720000, "accountsPayable": 117580000, "otherCurrentLiab": 48990000, "otherLiab": 42300000, "totalCurrentLiabilities": 189910000, "totalLiab": 232210000, "commonStock": 43930000, "retainedEarnings": 2297960000, "treasuryStock": -1380000, "otherStockholderEquity": -1380000, "totalStockholderEquity": 2340510000, "netTangibleAssets": 2340510000}, {"maxAge": 1, "endDate": "2019-03-31", "cash": 128120000, "shortTermInvestments": 1128430000, "netReceivables": 171870000, "inventory": 136100000, "otherCurrentAssets": 26730000, "totalCurrentAssets": 1594340000, "propertyPlantEquipment": 734630000, "otherAssets": 34000000, "totalAssets": 2362970000, "accountsPayable": 111970000, "otherCurrentLiab": 63620000, "otherLiab": 31480000, "totalCurrentLiabilities": 207380000, "totalLiab": 238860000, "commonStock": 43930000, "retainedEarnings": 2079010000, "treasuryStock": 1170000, "otherStockholderEquity": 1170000, "totalStockholderEquity": 2124110000, "netTangibleAssets": 2124110000}, {"maxAge": 1, "endDate": "2018-03-31", "cash": 59230075, "shortTermInvestments": 1294902766, "netReceivables": 178498416, "inventory": 89179679, "otherCurrentAssets": 4512459, "totalCurrentAssets": 1628916117, "propertyPlantEquipment": 470625561, "otherAssets": 42922552, "totalAssets": 2142464230, "accountsPayable": 98537708, "otherCurrentLiab": 50360787, "otherLiab": 27848113, "totalCurrentLiabilities": 173850940, "totalLiab": 201699053, "commonStock": 43925590, "retainedEarnings": 1895722943, "treasuryStock": 1116644, "otherStockholderEquity": 1116644, "totalStockholderEquity": 1940765177, "netTangibleAssets": 1940765177}, {"maxAge": 1, "endDate": "2017-03-31", "cash": 44109552, "shortTermInvestments": 1117623156, "netReceivables": 204150308, "inventory": 104330056, "otherCurrentAssets": 7025743, "totalCurrentAssets": 1485949402, "propertyPlantEquipment": 428003683, "otherAssets": 27706237, "totalAssets": 1941659322, "accountsPayable": 71467501, "otherCurrentLiab": 40072501, "otherLiab": 29288780, "totalCurrentLiabilities": 133782028, "totalLiab": 163070808, "commonStock": 43925590, "retainedEarnings": 1735717635, "treasuryStock": -1054711, "otherStockholderEquity": -1054711, "totalStockholderEquity": 1778588514, "netTangibleAssets": 1778588514}], "maxAge": 86400}, "earningsTrend": {"trend": [{"maxAge": 1, "period": "0q", "endDate": "2018-06-30", "growth": {}, "earningsEstimate": {"avg": 0.0, "low": 0.0, "high": 0.0, "yearAgoEps": {}, "numberOfAnalysts": 0, "growth": {}}, "revenueEstimate": {"avg": 809642000, "low": 0, "high": 0, "numberOfAnalysts": 0, "yearAgoRevenue": 220437000, "growth": 2.6729999}, "epsTrend": {"current": 0.0, "7daysAgo": 0.0, "30daysAgo": 0.0, "60daysAgo": 0.0, "90daysAgo": 0.0}, "epsRevisions": {"upLast7days": 0, "upLast30days": 0, "downLast30days": 0, "downLast90days": {}}}, {"maxAge": 1, "period": "+1q", "endDate": "2018-09-30", "growth": {}, "earningsEstimate": {"avg": 0.0, "low": 0.0, "high": 0.0, "yearAgoEps": 9.28, "numberOfAnalysts": 0, "growth": {}}, "revenueEstimate": {"avg": 293710000, "low": 0, "high": 0, "numberOfAnalysts": 0, "yearAgoRevenue": 244306000, "growth": 0.202}, "epsTrend": {"current": 0.0, "7daysAgo": 0.0, "30daysAgo": 0.0, "60daysAgo": 0.0, "90daysAgo": 0.0}, "epsRevisions": {"upLast7days": 0, "upLast30days": 0, "downLast30days": 0, "downLast90days": {}}}, {"maxAge": 1, "period": "0y", "endDate": "2019-03-31", "growth": {}, "earningsEstimate": {"avg": 0.0, "low": 0.0, "high": 0.0, "yearAgoEps": {}, "numberOfAnalysts": 0, "growth": {}}, "revenueEstimate": {"avg": 1100530000, "low": 1100530000, "high": 1100530000, "numberOfAnalysts": 1, "yearAgoRevenue": 941127000, "growth": 0.169}, "epsTrend": {"current": 0.0, "7daysAgo": 47.85, "30daysAgo": 47.85, "60daysAgo": 47.85, "90daysAgo": 47.85}, "epsRevisions": {"upLast7days": 0, "upLast30days": 0, "downLast30days": 0, "downLast90days": {}}}, {"maxAge": 1, "period": "+1y", "endDate": "2020-03-31", "growth": {}, "earningsEstimate": {"avg": 0.0, "low": 0.0, "high": 0.0, "yearAgoEps": {}, "numberOfAnalysts": 0, "growth": {}}, "revenueEstimate": {"avg": 1237440000, "low": 1237440000, "high": 1237440000, "numberOfAnalysts": 1, "yearAgoRevenue": 1100530000, "growth": 0.124}, "epsTrend": {"current": 0.0, "7daysAgo": 53.91, "30daysAgo": 53.91, "60daysAgo": 53.91, "90daysAgo": 53.91}, "epsRevisions": {"upLast7days": 0, "upLast30days": 0, "downLast30days": 0, "downLast90days": {}}}, {"maxAge": 1, "period": "+5y", "endDate": null, "growth": {}, "earningsEstimate": {"avg": {}, "low": {}, "high": {}, "yearAgoEps": {}, "numberOfAnalysts": {}, "growth": {}}, "revenueEstimate": {"avg": {}, "low": {}, "high": {}, "numberOfAnalysts": {}, "yearAgoRevenue": {}, "growth": {}}, "epsTrend": {"current": {}, "7daysAgo": {}, "30daysAgo": {}, "60daysAgo": {}, "90daysAgo": {}}, "epsRevisions": {"upLast7days": {}, "upLast30days": {}, "downLast30days": {}, "downLast90days": {}}}, {"maxAge": 1, "period": "-5y", "endDate": null, "growth": {}, "earningsEstimate": {"avg": {}, "low": {}, "high": {}, "yearAgoEps": {}, "numberOfAnalysts": {}, "growth": {}}, "revenueEstimate": {"avg": {}, "low": {}, "high": {}, "numberOfAnalysts": {}, "yearAgoRevenue": {}, "growth": {}}, "epsTrend": {"current": {}, "7daysAgo": {}, "30daysAgo": {}, "60daysAgo": {}, "90daysAgo": {}}, "epsRevisions": {"upLast7days": {}, "upLast30days": {}, "downLast30days": {}, "downLast90days": {}}}], "maxAge": 1}, "financialData": {"maxAge": 86400, "currentPrice": 1090.0, "targetHighPrice": 585.0, "targetLowPrice": 585.0, "targetMeanPrice": 585.0, "targetMedianPrice": 585.0, "recommendationKey": "none", "numberOfAnalystOpinions": 1, "grossProfits": 741550000, "financialCurrency": "INR"}}}