{"VOLLF.BO": {"cashflowStatementHistory": {"cashflowStatements": [{"maxAge": 1, "endDate": "2019-03-31", "netIncome": 2073978, "depreciation": 745477, "changeToNetincome": -125676, "changeToLiabilities": 0, "changeToOperatingActivities": -11590417, "totalCashFromOperatingActivities": -8896638, "capitalExpenditures": -177439, "investments": 10100000, "totalCashflowsFromInvestingActivities": 10634708, "changeInCash": 1738069}, {"maxAge": 1, "endDate": "2018-03-31", "netIncome": 745251, "depreciation": 1129213, "changeToNetincome": -79009, "changeToLiabilities": 0, "changeToOperatingActivities": -17334626, "totalCashFromOperatingActivities": -15539171, "capitalExpenditures": -173700, "investments": 12400000, "totalCashflowsFromInvestingActivities": 12226300, "netBorrowings": -58485, "otherCashflowsFromFinancingActivities": -109264, "totalCashFromFinancingActivities": -167749, "changeInCash": -3480621}, {"maxAge": 1, "endDate": "2017-03-31", "netIncome": -6656468, "depreciation": 1130896, "changeToNetincome": -352386, "changeToAccountReceivables": -497948, "changeToLiabilities": 4952500, "changeToInventory": 14619150, "changeToOperatingActivities": 15943660, "totalCashFromOperatingActivities": 29139404, "capitalExpenditures": -5019978, "investments": -22500000, "otherCashflowsFromInvestingActivities": 576194, "totalCashflowsFromInvestingActivities": -26943784, "netBorrowings": 58483, "otherCashflowsFromFinancingActivities": -109264, "totalCashFromFinancingActivities": 58483, "changeInCash": 2254106}, {"maxAge": 1, "endDate": "2016-03-31", "netIncome": 418522, "depreciation": 34241, "changeToNetincome": -29544, "changeToAccountReceivables": -497948, "changeToLiabilities": -14602900, "changeToInventory": -14619150, "changeToOperatingActivities": 28662927, "totalCashFromOperatingActivities": -110732, "capitalExpenditures": -535100, "investments": -22500000, "otherCashflowsFromInvestingActivities": 53471, "totalCashflowsFromInvestingActivities": -481629, "netBorrowings": 58483, "otherCashflowsFromFinancingActivities": -109264, "totalCashFromFinancingActivities": 58483, "changeInCash": -592361}], "maxAge": 86400}, "institutionOwnership": {"maxAge": 1, "ownershipList": []}, "balanceSheetHistoryQuarterly": {"balanceSheetStatements": [{"maxAge": 1, "endDate": "2020-06-30"}, {"maxAge": 1, "endDate": "2019-06-30", "totalStockholderEquity": 194359103, "netTangibleAssets": 194359103}, {"maxAge": 1, "endDate": "2017-12-31", "totalStockholderEquity": 190560000, "netTangibleAssets": 190560000}, {"maxAge": 1, "endDate": "2017-09-30", "cash": 4674000, "shortTermInvestments": 47085000, "netReceivables": 677000, "totalCurrentAssets": 52436000, "longTermInvestments": 155588000, "propertyPlantEquipment": 3907000, "otherAssets": -1000, "totalAssets": 211930000, "accountsPayable": 20370000, "otherCurrentLiab": 788000, "otherLiab": 212000, "totalCurrentLiabilities": 21158000, "totalLiab": 21370000, "commonStock": 41180000, "treasuryStock": 149380000, "otherStockholderEquity": 149380000, "totalStockholderEquity": 190560000, "netTangibleAssets": 190560000}], "maxAge": 86400}, "indexTrend": {"maxAge": 1, "symbol": "SP5", "peRatio": 19.7411, "pegRatio": 1.34172, "estimates": [{"period": "0q", "growth": 0.549}, {"period": "+1q", "growth": 0.431}, {"period": "0y", "growth": 0.305}, {"period": "+1y", "growth": 0.109}, {"period": "+5y", "growth": 0.120859005}, {"period": "-5y"}]}, "insiderTransactions": {"transactions": [{"maxAge": 1, "shares": 16150, "filerUrl": "", "transactionText": "", "filerName": "Damani (Madhuri Omprakash)", "filerRelation": "Promoter", "moneyText": "", "startDate": "2015-04-13", "ownership": "D"}, {"maxAge": 1, "shares": 16150, "filerUrl": "", "transactionText": "", "filerName": "Patodia (Dilip Rajkumar)", "filerRelation": "UNREPORTED", "moneyText": "", "startDate": "2015-04-13", "ownership": "D"}, {"maxAge": 1, "shares": 55000, "filerUrl": "", "transactionText": "", "filerName": "Damani (Madhuri Omprakash)", "filerRelation": "Promoter", "moneyText": "", "startDate": "2013-03-28", "ownership": "D"}, {"maxAge": 1, "shares": 120000, "filerUrl": "", "transactionText": "", "filerName": "Damani (Madhuri Omprakash)", "filerRelation": "Promoter", "moneyText": "", "startDate": "2013-03-26", "ownership": "D"}, {"maxAge": 1, "shares": 105000, "filerUrl": "", "transactionText": "", "filerName": "Damani (Madhuri Omprakash)", "filerRelation": "Promoter", "moneyText": "", "startDate": "2013-03-25", "ownership": "D"}, {"maxAge": 1, "shares": 200000, "filerUrl": "", "transactionText": "", "filerName": "Delineate Traders Pvt. Ltd.", "filerRelation": "Institution- Corporation", "moneyText": "", "startDate": "2013-03-13", "ownership": "D"}, {"maxAge": 1, "shares": 200000, "filerUrl": "", "transactionText": "", "filerName": "Timelink Sales Pvt. Ltd.", "filerRelation": "Institution- Corporation", "moneyText": "", "startDate": "2013-03-13", "ownership": "D"}], "maxAge": 1}, "quoteType": {"exchange": "BSE", "quoteType": "EQUITY", "symbol": "VOLLF.BO", "underlyingSymbol": "VOLLF.BO", "shortName": "VOLTAIRE LEASING & FINANCE LTD", "longName": "Voltaire Leasing & Finance Limited", "firstTradeDateEpochUtc": "2010-04-07 09:15:00", "timeZoneFullName": "Asia/Kolkata", "timeZoneShortName": "IST", "uuid": "2106154a-7932-36d1-b531-5f62ff1821fd", "messageBoardId": null, "gmtOffSetMilliseconds": 19800000, "maxAge": 1}, "incomeStatementHistory": {"incomeStatementHistory": [{"maxAge": 1, "endDate": "2019-03-31", "totalRevenue": 12042039, "costOfRevenue": 0, "grossProfit": 12042039, "researchDevelopment": {}, "sellingGeneralAdministrative": 4857238, "nonRecurring": {}, "otherOperatingExpenses": 4252982, "totalOperatingExpenses": 9855697, "operatingIncome": 2186342, "totalOtherIncomeExpenseNet": -350405, "ebit": 2186342, "interestExpense": {}, "incomeBeforeTax": 1835937, "incomeTaxExpense": -238041, "minorityInterest": {}, "netIncomeFromContinuingOps": 2073978, "discontinuedOperations": {}, "extraordinaryItems": {}, "effectOfAccountingCharges": {}, "otherItems": {}, "netIncome": 2073978, "netIncomeApplicableToCommonShares": 2073978}, {"maxAge": 1, "endDate": "2018-03-31", "totalRevenue": 11356818, "costOfRevenue": 290639, "grossProfit": 11066179, "researchDevelopment": {}, "sellingGeneralAdministrative": 6478176, "nonRecurring": {}, "otherOperatingExpenses": 2640337, "totalOperatingExpenses": 10538365, "operatingIncome": 818453, "totalOtherIncomeExpenseNet": -109264, "ebit": 818453, "interestExpense": -109264, "incomeBeforeTax": 709189, "incomeTaxExpense": -36062, "minorityInterest": {}, "netIncomeFromContinuingOps": 745251, "discontinuedOperations": {}, "extraordinaryItems": {}, "effectOfAccountingCharges": {}, "otherItems": {}, "netIncome": 745251, "netIncomeApplicableToCommonShares": 745251}, {"maxAge": 1, "endDate": "2017-03-31", "totalRevenue": 25363067, "costOfRevenue": 15619192, "grossProfit": 9743875, "researchDevelopment": {}, "sellingGeneralAdministrative": 11129510, "nonRecurring": {}, "otherOperatingExpenses": 3913596, "totalOperatingExpenses": 31793194, "operatingIncome": -6430127, "totalOtherIncomeExpenseNet": -2532, "ebit": -6430127, "interestExpense": -2532, "incomeBeforeTax": -6432659, "incomeTaxExpense": 223809, "minorityInterest": {}, "netIncomeFromContinuingOps": -6656468, "discontinuedOperations": {}, "extraordinaryItems": {}, "effectOfAccountingCharges": {}, "otherItems": {}, "netIncome": -6656468, "netIncomeApplicableToCommonShares": -6656468}, {"maxAge": 1, "endDate": "2016-03-31", "totalRevenue": 47629664, "costOfRevenue": 43194898, "grossProfit": 4434766, "researchDevelopment": {}, "sellingGeneralAdministrative": 2519196, "nonRecurring": {}, "otherOperatingExpenses": 1276067, "totalOperatingExpenses": 47043632, "operatingIncome": 586032, "totalOtherIncomeExpenseNet": 0, "ebit": 586032, "interestExpense": -2532, "incomeBeforeTax": 586032, "incomeTaxExpense": 167510, "minorityInterest": {}, "netIncomeFromContinuingOps": 418522, "discontinuedOperations": {}, "extraordinaryItems": {}, "effectOfAccountingCharges": {}, "otherItems": {}, "netIncome": 418522, "netIncomeApplicableToCommonShares": 418522}], "maxAge": 86400}, "fundOwnership": {"maxAge": 1, "ownershipList": []}, "summaryDetail": {"maxAge": 1, "priceHint": 2, "previousClose": 18.7, "open": 18.7, "dayLow": 18.7, "dayHigh": 18.7, "regularMarketPreviousClose": 18.7, "regularMarketOpen": 18.7, "regularMarketDayLow": 18.7, "regularMarketDayHigh": 18.7, "trailingPE": 37.4, "volume": 7, "regularMarketVolume": 7, "averageVolume": 32, "averageVolume10days": 0, "averageDailyVolume10Day": 0, "bid": 18.0, "ask": 0.0, "bidSize": 0, "askSize": 0, "marketCap": 77006600, "fiftyTwoWeekLow": 17.9, "fiftyTwoWeekHigh": 19.1, "fiftyDayAverage": 18.575714, "twoHundredDayAverage": 18.906569, "currency": "INR", "fromCurrency": null, "toCurrency": null, "lastMarket": null, "algorithm": null, "tradeable": false}, "incomeStatementHistoryQuarterly": {"incomeStatementHistory": [{"maxAge": 1, "endDate": "2020-06-30", "totalRevenue": 2827000, "costOfRevenue": -200900, "grossProfit": 3027900, "researchDevelopment": {}, "sellingGeneralAdministrative": 1069400, "nonRecurring": {}, "otherOperatingExpenses": 426900, "totalOperatingExpenses": 1443500, "operatingIncome": 1383500, "totalOtherIncomeExpenseNet": -93800, "ebit": 1383500, "interestExpense": {}, "incomeBeforeTax": 1289700, "incomeTaxExpense": 335300, "minorityInterest": {}, "netIncomeFromContinuingOps": 954400, "discontinuedOperations": {}, "extraordinaryItems": {}, "effectOfAccountingCharges": {}, "otherItems": {}, "netIncome": 954400, "netIncomeApplicableToCommonShares": 954400}, {"maxAge": 1, "endDate": "2019-06-30", "totalRevenue": 2922300, "costOfRevenue": 0, "grossProfit": 2922300, "researchDevelopment": {}, "sellingGeneralAdministrative": 1042400, "nonRecurring": {}, "otherOperatingExpenses": 273200, "totalOperatingExpenses": 1434800, "operatingIncome": 1487500, "totalOtherIncomeExpenseNet": -91200, "ebit": 1487500, "interestExpense": {}, "incomeBeforeTax": 1396300, "incomeTaxExpense": 363100, "minorityInterest": {}, "netIncomeFromContinuingOps": 1033200, "discontinuedOperations": {}, "extraordinaryItems": {}, "effectOfAccountingCharges": {}, "otherItems": {}, "netIncome": 1033200, "netIncomeApplicableToCommonShares": 1033200}, {"maxAge": 1, "endDate": "2017-12-31", "totalRevenue": 2450000, "costOfRevenue": 0, "grossProfit": 2450000, "researchDevelopment": {}, "sellingGeneralAdministrative": 1313000, "nonRecurring": {}, "otherOperatingExpenses": 1365000, "totalOperatingExpenses": 2768000, "operatingIncome": -318000, "totalOtherIncomeExpenseNet": 0, "ebit": -318000, "interestExpense": {}, "incomeBeforeTax": -318000, "incomeTaxExpense": 0, "minorityInterest": {}, "netIncomeFromContinuingOps": -318000, "discontinuedOperations": {}, "extraordinaryItems": {}, "effectOfAccountingCharges": {}, "otherItems": {}, "netIncome": -318000, "netIncomeApplicableToCommonShares": -318000}, {"maxAge": 1, "endDate": "2017-09-30", "totalRevenue": 3455000, "costOfRevenue": 0, "grossProfit": 3455000, "researchDevelopment": {}, "sellingGeneralAdministrative": 1416000, "nonRecurring": {}, "otherOperatingExpenses": 1292000, "totalOperatingExpenses": 2995000, "operatingIncome": 460000, "totalOtherIncomeExpenseNet": 0, "ebit": 460000, "interestExpense": {}, "incomeBeforeTax": 460000, "incomeTaxExpense": 0, "minorityInterest": {}, "netIncomeFromContinuingOps": 460000, "discontinuedOperations": {}, "extraordinaryItems": {}, "effectOfAccountingCharges": {}, "otherItems": {}, "netIncome": 460000, "netIncomeApplicableToCommonShares": 460000}], "maxAge": 86400}, "cashflowStatementHistoryQuarterly": {"cashflowStatements": [{"maxAge": 1, "endDate": "2020-06-30", "netIncome": 954400, "changeToLiabilities": 0}, {"maxAge": 1, "endDate": "2019-06-30", "netIncome": 1033200, "changeToLiabilities": 0}, {"maxAge": 1, "endDate": "2017-12-31", "netIncome": -318000, "changeToLiabilities": 0}, {"maxAge": 1, "endDate": "2017-09-30", "netIncome": 460000, "changeToLiabilities": 0}], "maxAge": 86400}, "insiderHolders": {"holders": [{"maxAge": 1, "name": "Damani (Madhuri Omprakash)", "relation": "Promoter", "url": "", "transactionDescription": "Sale", "latestTransDate": "2015-04-13", "positionDirect": 0, "positionDirectDate": "2015-04-13"}, {"maxAge": 1, "name": "Delineate Traders Pvt. Ltd.", "relation": "Institution- Corporation", "url": "", "transactionDescription": "Acquisition", "latestTransDate": "2013-03-13", "positionDirect": 200000, "positionDirectDate": "2013-03-13"}, {"maxAge": 1, "name": "Patodia (Dilip Rajkumar)", "relation": "UNREPORTED", "url": "", "transactionDescription": "Purchase", "latestTransDate": "2015-04-13", "positionDirect": 16150, "positionDirectDate": "2015-04-13"}, {"maxAge": 1, "name": "Timelink Sales Pvt. Ltd.", "relation": "Institution- Corporation", "url": "", "transactionDescription": "Acquisition", "latestTransDate": "2013-03-13", "positionDirect": 200000, "positionDirectDate": "2013-03-13"}], "maxAge": 1}, "calendarEvents": {"maxAge": 1, "earnings": {"earningsDate": []}}, "price": {"maxAge": 1, "regularMarketChangePercent": 0.0, "regularMarketChange": 0.0, "regularMarketTime": "2021-04-23 13:44:45", "priceHint": 2, "regularMarketPrice": 18.7, "regularMarketDayHigh": 18.7, "regularMarketDayLow": 18.7, "regularMarketVolume": 7, "averageDailyVolume10Day": 0, "averageDailyVolume3Month": 32, "regularMarketPreviousClose": 18.7, "regularMarketSource": "FREE_REALTIME", "regularMarketOpen": 18.7, "exchange": "BSE", "exchangeName": "BSE", "exchangeDataDelayedBy": 0, "marketState": "CLOSED", "quoteType": "EQUITY", "symbol": "VOLLF.BO", "underlyingSymbol": null, "shortName": "VOLTAIRE LEASING & FINANCE LTD", "longName": "Voltaire Leasing & Finance Limited", "currency": "INR", "quoteSourceName": "Delayed Quote", "currencySymbol": "\u20b9", "fromCurrency": null, "toCurrency": null, "lastMarket": null, "marketCap": 77006600}, "balanceSheetHistory": {"balanceSheetStatements": [{"maxAge": 1, "endDate": "2019-03-31", "cash": 2270382, "totalCurrentAssets": 2270382, "longTermInvestments": 4000000, "propertyPlantEquipment": 1773794, "otherAssets": 219163752, "deferredLongTermAssetCharges": 555152, "totalAssets": 227207928, "otherCurrentLiab": 32755000, "totalCurrentLiabilities": 32848825, "totalLiab": 32848825, "commonStock": 41180000, "retainedEarnings": 4459103, "capitalSurplus": 148720000, "totalStockholderEquity": 194359103, "netTangibleAssets": 194359103}, {"maxAge": 1, "endDate": "2018-03-31", "cash": 532313, "shortTermInvestments": 10100000, "totalCurrentAssets": 10632313, "longTermInvestments": 4000000, "propertyPlantEquipment": 2928303, "otherAssets": 175637169, "deferredLongTermAssetCharges": 94014, "totalAssets": 193197785, "otherCurrentLiab": 798008, "totalCurrentLiabilities": 912660, "totalLiab": 912660, "commonStock": 41180000, "retainedEarnings": 2385125, "capitalSurplus": 148720000, "totalStockholderEquity": 192285125, "netTangibleAssets": 192285125}, {"maxAge": 1, "endDate": "2017-03-31", "cash": 5372837, "shortTermInvestments": 22500000, "netReceivables": 762676, "totalCurrentAssets": 28635513, "propertyPlantEquipment": 4438878, "otherAssets": 165309568, "totalAssets": 198383959, "accountsPayable": 7652500, "otherCurrentLiab": 402456, "otherLiab": 211656, "totalCurrentLiabilities": 8610565, "totalLiab": 8822221, "commonStock": 41180000, "retainedEarnings": -338262, "capitalSurplus": 148720000, "totalStockholderEquity": 189561738, "netTangibleAssets": 189561738}, {"maxAge": 1, "endDate": "2016-03-31", "cash": 3118733, "netReceivables": 485843, "inventory": 14619150, "totalCurrentAssets": 18223726, "propertyPlantEquipment": 549795, "otherAssets": 180508554, "deferredLongTermAssetCharges": 12153, "totalAssets": 199282075, "accountsPayable": 2700000, "otherCurrentLiab": 323250, "totalCurrentLiabilities": 3063868, "totalLiab": 3063868, "commonStock": 41180000, "retainedEarnings": 6318207, "capitalSurplus": 148720000, "totalStockholderEquity": 196218207, "netTangibleAssets": 196218207}], "maxAge": 86400}, "financialData": {"maxAge": 86400, "currentPrice": 18.7, "recommendationKey": "none", "grossProfits": 12042039, "financialCurrency": "INR"}}}