{"VRL.BO": {"cashflowStatementHistory": {"cashflowStatements": [{"maxAge": 1, "endDate": "2020-03-31", "netIncome": 29612000, "changeToLiabilities": 0}, {"maxAge": 1, "endDate": "2019-03-31", "netIncome": 14525596, "depreciation": 459255, "changeToNetincome": -14824726, "changeToAccountReceivables": 8651628, "changeToLiabilities": -670429, "changeToInventory": -2860188, "changeToOperatingActivities": -989284, "totalCashFromOperatingActivities": 4291852, "capitalExpenditures": -1412175, "investments": -1304400, "otherCashflowsFromInvestingActivities": 7973360, "totalCashflowsFromInvestingActivities": 5256785, "dividendsPaid": -3178200, "netBorrowings": -9486776, "otherCashflowsFromFinancingActivities": -969643, "totalCashFromFinancingActivities": -13634619, "changeInCash": -4085983}, {"maxAge": 1, "endDate": "2018-03-31", "netIncome": 65193658, "depreciation": 3160414, "changeToNetincome": -77484903, "changeToAccountReceivables": -21941536, "changeToLiabilities": 2451411, "changeToInventory": 182401, "changeToOperatingActivities": -78599262, "totalCashFromOperatingActivities": -107037817, "capitalExpenditures": -1412175, "investments": -10300000, "otherCashflowsFromInvestingActivities": 2855332, "totalCashflowsFromInvestingActivities": 132955332, "dividendsPaid": -3843232, "netBorrowings": -17275677, "otherCashflowsFromFinancingActivities": -1471210, "totalCashFromFinancingActivities": -22590119, "changeInCash": 3327396}, {"maxAge": 1, "endDate": "2017-03-31", "netIncome": 4617206, "depreciation": 5581656, "changeToNetincome": 7455405, "changeToAccountReceivables": 1248523, "changeToLiabilities": 3022758, "changeToInventory": -1422547, "changeToOperatingActivities": 3648598, "totalCashFromOperatingActivities": 24151599, "capitalExpenditures": -682131, "investments": -10300000, "otherCashflowsFromInvestingActivities": 1135620, "totalCashflowsFromInvestingActivities": 703489, "dividendsPaid": -3843232, "netBorrowings": -18790608, "otherCashflowsFromFinancingActivities": -3621565, "totalCashFromFinancingActivities": -22412173, "changeInCash": 2442915}], "maxAge": 86400}, "institutionOwnership": {"ownershipList": [], "maxAge": 1}, "balanceSheetHistoryQuarterly": {"balanceSheetStatements": [{"maxAge": 1, "endDate": "2020-06-30"}, {"maxAge": 1, "endDate": "2020-03-31"}, {"maxAge": 1, "endDate": "2019-12-31", "totalStockholderEquity": 158952857, "netTangibleAssets": 158952857}, {"maxAge": 1, "endDate": "2019-09-30", "cash": 2088200, "shortTermInvestments": 50806385, "netReceivables": 123585771, "inventory": 11184320, "otherCurrentAssets": 44329446, "totalCurrentAssets": 231994122, "propertyPlantEquipment": 1959124, "otherAssets": 602314, "totalAssets": 234555560, "accountsPayable": 20767437, "otherCurrentLiab": 49889609, "otherLiab": 2485317, "totalCurrentLiabilities": 73117386, "totalLiab": 75602703, "commonStock": 31782000, "treasuryStock": 127170857, "otherStockholderEquity": 127170857, "totalStockholderEquity": 158952857, "netTangibleAssets": 158952857}], "maxAge": 86400}, "indexTrend": {"maxAge": 1, "symbol": "SP5", "peRatio": 19.7411, "pegRatio": 1.34172, "estimates": [{"period": "0q", "growth": 0.549}, {"period": "+1q", "growth": 0.431}, {"period": "0y", "growth": 0.305}, {"period": "+1y", "growth": 0.109}, {"period": "+5y", "growth": 0.120859005}, {"period": "-5y"}]}, "quoteType": {"exchange": "BSE", "quoteType": "EQUITY", "symbol": "VRL.BO", "underlyingSymbol": "VRL.BO", "shortName": "VASUNDHARA RASAYANS LTD", "longName": "Vasundhara Rasayans Limited", "firstTradeDateEpochUtc": "2015-01-13 09:15:00", "timeZoneFullName": "Asia/Kolkata", "timeZoneShortName": "IST", "uuid": "a57c6be5-6cc1-33d1-8dc7-1fcb370aa67b", "gmtOffSetMilliseconds": 19800000, "maxAge": 1}, "incomeStatementHistory": {"incomeStatementHistory": [{"maxAge": 1, "endDate": "2020-03-31", "totalRevenue": 212843000, "costOfRevenue": 92730000, "grossProfit": 120113000, "researchDevelopment": {}, "sellingGeneralAdministrative": 34892000, "nonRecurring": {}, "otherOperatingExpenses": 57065000, "totalOperatingExpenses": 184950000, "operatingIncome": 27893000, "totalOtherIncomeExpenseNet": 13012000, "ebit": 27893000, "interestExpense": -311000, "incomeBeforeTax": 40905000, "incomeTaxExpense": 11293000, "minorityInterest": {}, "netIncomeFromContinuingOps": 29612000, "discontinuedOperations": {}, "extraordinaryItems": {}, "effectOfAccountingCharges": {}, "otherItems": {}, "netIncome": 29612000, "netIncomeApplicableToCommonShares": 29612000}, {"maxAge": 1, "endDate": "2019-03-31", "totalRevenue": 197693143, "costOfRevenue": 94081090, "grossProfit": 103612053, "researchDevelopment": {}, "sellingGeneralAdministrative": 40818098, "nonRecurring": {}, "otherOperatingExpenses": 51129505, "totalOperatingExpenses": 186487948, "operatingIncome": 11205195, "totalOtherIncomeExpenseNet": 9537775, "ebit": 11205195, "interestExpense": -322561, "incomeBeforeTax": 20742970, "incomeTaxExpense": 6217374, "minorityInterest": {}, "netIncomeFromContinuingOps": 14525596, "discontinuedOperations": {}, "extraordinaryItems": {}, "effectOfAccountingCharges": {}, "otherItems": {}, "netIncome": 14525596, "netIncomeApplicableToCommonShares": 14525596}, {"maxAge": 1, "endDate": "2018-03-31", "totalRevenue": 165968703, "costOfRevenue": 82572914, "grossProfit": 83395789, "researchDevelopment": {}, "sellingGeneralAdministrative": 28322787, "nonRecurring": {}, "otherOperatingExpenses": 36383617, "totalOperatingExpenses": 150439732, "operatingIncome": 15528971, "totalOtherIncomeExpenseNet": 75018773, "ebit": 15528971, "interestExpense": -1471210, "incomeBeforeTax": 90547744, "incomeTaxExpense": 25354086, "minorityInterest": {}, "netIncomeFromContinuingOps": 65193658, "discontinuedOperations": {}, "extraordinaryItems": {}, "effectOfAccountingCharges": {}, "otherItems": {}, "netIncome": 65193658, "netIncomeApplicableToCommonShares": 65193658}, {"maxAge": 1, "endDate": "2017-03-31", "totalRevenue": 154447620, "costOfRevenue": 71669005, "grossProfit": 82778615, "researchDevelopment": {}, "sellingGeneralAdministrative": 32643192, "nonRecurring": {}, "otherOperatingExpenses": 31353383, "totalOperatingExpenses": 141247236, "operatingIncome": 13200384, "totalOtherIncomeExpenseNet": -1759547, "ebit": 13200384, "interestExpense": -3621565, "incomeBeforeTax": 11440837, "incomeTaxExpense": 6823631, "minorityInterest": {}, "netIncomeFromContinuingOps": 4617206, "discontinuedOperations": {}, "extraordinaryItems": {}, "effectOfAccountingCharges": {}, "otherItems": {}, "netIncome": 4617206, "netIncomeApplicableToCommonShares": 4617206}], "maxAge": 86400}, "fundOwnership": {"ownershipList": [], "maxAge": 1}, "summaryDetail": {"maxAge": 1, "priceHint": 2, "previousClose": 86.5, "open": 88.75, "dayLow": 80.0, "dayHigh": 88.75, "regularMarketPreviousClose": 86.5, "regularMarketOpen": 88.75, "regularMarketDayLow": 80.0, "regularMarketDayHigh": 88.75, "trailingPE": 9.072098, "volume": 4035, "regularMarketVolume": 4035, "averageVolume": 4178, "averageVolume10days": 2843, "averageDailyVolume10Day": 2843, "bid": 82.65, "ask": 83.0, "bidSize": 0, "askSize": 0, "marketCap": 264744064, "fiftyTwoWeekLow": 21.5, "fiftyTwoWeekHigh": 103.9, "fiftyDayAverage": 86.0803, "twoHundredDayAverage": 73.20809, "trailingAnnualDividendRate": 1.5, "trailingAnnualDividendYield": 0.01734104, "currency": "INR", "fromCurrency": null, "lastMarket": null, "algorithm": null, "tradeable": false}, "incomeStatementHistoryQuarterly": {"incomeStatementHistory": [{"maxAge": 1, "endDate": "2020-06-30", "totalRevenue": 41039000, "costOfRevenue": 0, "grossProfit": 41039000, "researchDevelopment": {}, "sellingGeneralAdministrative": {}, "nonRecurring": {}, "otherOperatingExpenses": 32707000, "totalOperatingExpenses": 32707000, "operatingIncome": 8332000, "totalOtherIncomeExpenseNet": 0, "ebit": 8332000, "interestExpense": {}, "incomeBeforeTax": 8332000, "incomeTaxExpense": 2500000, "minorityInterest": {}, "netIncomeFromContinuingOps": 5832000, "discontinuedOperations": {}, "extraordinaryItems": {}, "effectOfAccountingCharges": {}, "otherItems": {}, "netIncome": 5832000, "netIncomeApplicableToCommonShares": 5832000}, {"maxAge": 1, "endDate": "2020-03-31", "totalRevenue": 49728000, "costOfRevenue": 22521000, "grossProfit": 27207000, "researchDevelopment": {}, "sellingGeneralAdministrative": 12667000, "nonRecurring": {}, "otherOperatingExpenses": 7663000, "totalOperatingExpenses": 42933000, "operatingIncome": 6795000, "totalOtherIncomeExpenseNet": 7210000, "ebit": 6795000, "interestExpense": -156000, "incomeBeforeTax": 14005000, "incomeTaxExpense": 5697000, "minorityInterest": {}, "netIncomeFromContinuingOps": 8308000, "discontinuedOperations": {}, "extraordinaryItems": {}, "effectOfAccountingCharges": {}, "otherItems": {}, "netIncome": 8308000, "netIncomeApplicableToCommonShares": 8308000}, {"maxAge": 1, "endDate": "2019-12-31", "totalRevenue": 58792000, "costOfRevenue": 21233000, "grossProfit": 37559000, "researchDevelopment": {}, "sellingGeneralAdministrative": 7269000, "nonRecurring": {}, "otherOperatingExpenses": 19536000, "totalOperatingExpenses": 48067000, "operatingIncome": 10725000, "totalOtherIncomeExpenseNet": 1779000, "ebit": 10725000, "interestExpense": -100000, "incomeBeforeTax": 12504000, "incomeTaxExpense": 2096000, "minorityInterest": {}, "netIncomeFromContinuingOps": 10408000, "discontinuedOperations": {}, "extraordinaryItems": {}, "effectOfAccountingCharges": {}, "otherItems": {}, "netIncome": 10408000, "netIncomeApplicableToCommonShares": 10408000}, {"maxAge": 1, "endDate": "2019-09-30", "totalRevenue": 53373000, "costOfRevenue": 28795000, "grossProfit": 24578000, "researchDevelopment": {}, "sellingGeneralAdministrative": 7725000, "nonRecurring": {}, "otherOperatingExpenses": 12743000, "totalOperatingExpenses": 49289000, "operatingIncome": 4084000, "totalOtherIncomeExpenseNet": 2511000, "ebit": 4084000, "interestExpense": -30000, "incomeBeforeTax": 6595000, "incomeTaxExpense": 2000000, "minorityInterest": {}, "netIncomeFromContinuingOps": 4595000, "discontinuedOperations": {}, "extraordinaryItems": {}, "effectOfAccountingCharges": {}, "otherItems": {}, "netIncome": 4595000, "netIncomeApplicableToCommonShares": 4595000}], "maxAge": 86400}, "cashflowStatementHistoryQuarterly": {"cashflowStatements": [{"maxAge": 1, "endDate": "2020-06-30", "netIncome": 5832000, "changeToLiabilities": 0}, {"maxAge": 1, "endDate": "2020-03-31", "netIncome": 8308000, "changeToLiabilities": 0}, {"maxAge": 1, "endDate": "2019-12-31", "netIncome": 10408000, "changeToLiabilities": 0}, {"maxAge": 1, "endDate": "2019-09-30", "netIncome": 4595000, "changeToLiabilities": 0}], "maxAge": 86400}, "insiderHolders": {"holders": [], "maxAge": 1}, "calendarEvents": {"maxAge": 1, "earnings": {"earningsDate": ["2020-06-29 05:30:S"]}}, "upgradeDowngradeHistory": {"history": [], "maxAge": 86400}, "price": {"maxAge": 1, "regularMarketChangePercent": -0.036994185, "regularMarketChange": -3.199997, "regularMarketTime": "2021-04-30 15:29:37", "priceHint": 2, "regularMarketPrice": 83.3, "regularMarketDayHigh": 88.75, "regularMarketDayLow": 80.0, "regularMarketVolume": 4035, "averageDailyVolume10Day": 2843, "averageDailyVolume3Month": 4178, "regularMarketPreviousClose": 86.5, "regularMarketSource": "FREE_REALTIME", "regularMarketOpen": 88.75, "exchange": "BSE", "exchangeName": "BSE", "exchangeDataDelayedBy": 0, "marketState": "CLOSED", "quoteType": "EQUITY", "symbol": "VRL.BO", "underlyingSymbol": null, "shortName": "VASUNDHARA RASAYANS LTD", "longName": "Vasundhara Rasayans Limited", "currency": "INR", "quoteSourceName": "Delayed Quote", "currencySymbol": "\u20b9", "fromCurrency": null, "lastMarket": null, "marketCap": 264744064}, "balanceSheetHistory": {"balanceSheetStatements": [{"maxAge": 1, "endDate": "2020-03-31"}, {"maxAge": 1, "endDate": "2019-03-31", "cash": 3106949, "shortTermInvestments": 27937394, "netReceivables": 104087760, "inventory": 15483145, "otherCurrentAssets": 42664088, "totalCurrentAssets": 205668375, "propertyPlantEquipment": 1990174, "otherAssets": 602250, "totalAssets": 208260799, "accountsPayable": 5898503, "otherCurrentLiab": 37609706, "otherLiab": 2485318, "totalCurrentLiabilities": 57715979, "totalLiab": 60201297, "commonStock": 31782000, "retainedEarnings": 114152502, "treasuryStock": 2125000, "otherStockholderEquity": 2125000, "totalStockholderEquity": 148059502, "netTangibleAssets": 148059502}, {"maxAge": 1, "endDate": "2018-03-31", "cash": 7192931, "shortTermInvestments": 61726513, "netReceivables": 81785473, "inventory": 12622957, "otherCurrentAssets": 27651537, "totalCurrentAssets": 201366517, "longTermInvestments": 695600, "propertyPlantEquipment": 1037254, "otherAssets": 699428, "deferredLongTermAssetCharges": 97178, "totalAssets": 203798799, "accountsPayable": 8199621, "otherCurrentLiab": 35772565, "otherLiab": 47789, "totalCurrentLiabilities": 66391823, "totalLiab": 66439612, "commonStock": 31782000, "retainedEarnings": 103452187, "treasuryStock": 2125000, "otherStockholderEquity": 2125000, "totalStockholderEquity": 137359187, "netTangibleAssets": 137359187}, {"maxAge": 1, "endDate": "2017-03-31", "cash": 3865535, "shortTermInvestments": 2118144, "netReceivables": 37872356, "inventory": 12805358, "otherCurrentAssets": 8534051, "totalCurrentAssets": 66068280, "propertyPlantEquipment": 67842159, "otherAssets": 602250, "totalAssets": 134512689, "accountsPayable": 5813443, "otherCurrentLiab": 6224339, "otherLiab": 7063706, "totalCurrentLiabilities": 55283454, "totalLiab": 62347160, "commonStock": 31782000, "retainedEarnings": 38258529, "treasuryStock": 2125000, "otherStockholderEquity": 2125000, "totalStockholderEquity": 72165529, "netTangibleAssets": 72165529}], "maxAge": 86400}, "financialData": {"maxAge": 86400, "currentPrice": 83.3, "recommendationKey": "none", "grossProfits": 120113000, "financialCurrency": "INR"}}}