{"VRLLOG.NS": {"assetProfile": {"address1": "Giriraj Annexe", "address2": "Circuit House Road", "city": "Hubli", "zip": "580029", "country": "India", "phone": "91 83 6223 7511", "fax": "91 83 6225 6612", "website": "http://www.vrllogistics.com", "industry": "Trucking", "sector": "Industrials", "longBusinessSummary": "VRL Logistics Limited operates as a logistics and transport company. The company operates through four segments: Goods Transport, Bus Operations, Sale of Power, and Transport of Passengers by Air. The Goods Transport segment offers services for the transportation of goods using a range of road transportation solutions, including less than full truck load and full truck load for customers across 22 states and 5 union territories in India. This segment also provides courier business for the transportation of small parcels and documents through multi model solutions. The Bus Operations segment provides services of transportation solutions through buses in the states of Karnataka, Maharashtra, Andhra Pradesh, Tamil Nadu, Gujarat, Rajasthan, and Goa through its fleet of approximately 362 buses/coaches. The Sale of Power segment operates a wind farm that consists of wind turbine generators with a capacity of 1.25 MW. The Transport of Passengers by Air segment offers services for the transportation of passengers by air to the individuals and corporate representatives. The company was formerly known as Vijayanand Roadlines Ltd. and changed its name to VRL Logistics Limited in August 2006. VRL Logistics Limited was founded in 1976 and is based in Hubli, India.", "fullTimeEmployees": 19698, "companyOfficers": [{"maxAge": 1, "name": "Dr. Vijay Basavanneppa Sankeshwar B.Com., B.Com", "age": 70, "title": "Chairman & MD", "yearBorn": 1950, "fiscalYear": 2020, "totalPay": 40288000, "exercisedValue": 0, "unexercisedValue": 0}, {"maxAge": 1, "name": "Mr. Anand Vijay Sankeshwar B.Com., B.Com", "age": 46, "title": "MD & Whole Time Director", "yearBorn": 1974, "fiscalYear": 2020, "totalPay": 30641000, "exercisedValue": 0, "unexercisedValue": 0}, {"maxAge": 1, "name": "Mr. Sunil  Nalavadi A.C.A., B.Com.", "age": 43, "title": "CFO & Investor Relation Officer", "yearBorn": 1977, "exercisedValue": 0, "unexercisedValue": 0}, {"maxAge": 1, "name": "Mr. Laxminarayan Ramanand Bhat", "age": 61, "title": "CTO & Whole Time Director", "yearBorn": 1959, "fiscalYear": 2020, "totalPay": 13454000, "exercisedValue": 0, "unexercisedValue": 0}, {"maxAge": 1, "name": "Mr. Aniruddha A. Phadnavis A.C.A., A.C.S., B.Com., L.L.B.", "age": 40, "title": "GM of Fin., Compliance Officer & Company Sec.", "yearBorn": 1980, "exercisedValue": 0, "unexercisedValue": 0}, {"maxAge": 1, "name": "Mr. Kalliveerappa N. Umesh B.Com., B.Com", "age": 66, "title": "Whole Time Director", "yearBorn": 1954, "fiscalYear": 2020, "totalPay": 13742000, "exercisedValue": 0, "unexercisedValue": 0}, {"maxAge": 1, "name": "Captain Manish T. Gopal B.A., ATPL", "age": 51, "title": "Chief Pilot", "yearBorn": 1969, "exercisedValue": 0, "unexercisedValue": 0}, {"maxAge": 1, "name": "Ms. Vani  Sankeshwar", "age": 41, "title": "Pres", "yearBorn": 1979, "fiscalYear": 2017, "exercisedValue": 0, "unexercisedValue": 0}, {"maxAge": 1, "name": "Mr. Raghavendra B. Malgi B.Com., C.A., L.L.B.", "age": 50, "title": "VP of Accounts", "yearBorn": 1970, "exercisedValue": 0, "unexercisedValue": 0}, {"maxAge": 1, "name": "Mr. S. R. Hatti", "age": 73, "title": "VP of Admin.", "yearBorn": 1947, "fiscalYear": 2014, "exercisedValue": 0, "unexercisedValue": 0}], "compensationAsOfEpochDate": "2020-12-31 05:30:00", "maxAge": 86400}, "recommendationTrend": {"trend": [{"period": "0m", "strongBuy": 0, "buy": 0, "hold": 0, "sell": 0, "strongSell": 0}, {"period": "-1m", "strongBuy": 4, "buy": 3, "hold": 2, "sell": 0, "strongSell": 0}, {"period": "-2m", "strongBuy": 4, "buy": 2, "hold": 2, "sell": 0, "strongSell": 0}, {"period": "-3m", "strongBuy": 4, "buy": 2, "hold": 2, "sell": 0, "strongSell": 0}], "maxAge": 86400}, "cashflowStatementHistory": {"cashflowStatements": [{"maxAge": 1, "endDate": "2020-03-31", "netIncome": 901149000, "depreciation": 1670440000, "changeToNetincome": 90493000, "changeToAccountReceivables": -32114000, "changeToLiabilities": -80033000, "changeToInventory": 5324000, "changeToOperatingActivities": 12684000, "totalCashFromOperatingActivities": 2572846000, "capitalExpenditures": -1227330000, "investments": 670000, "otherCashflowsFromInvestingActivities": 13849000, "totalCashflowsFromInvestingActivities": -1185454000, "dividendsPaid": -813091000, "netBorrowings": -36406000, "otherCashflowsFromFinancingActivities": -534773000, "totalCashFromFinancingActivities": -1384270000, "changeInCash": 3122000}, {"maxAge": 1, "endDate": "2019-03-31", "netIncome": 919161000, "depreciation": 1000846000, "changeToNetincome": 60492000, "changeToAccountReceivables": 38399000, "changeToLiabilities": 29780000, "changeToInventory": -56648000, "changeToOperatingActivities": -75072000, "totalCashFromOperatingActivities": 1921921000, "capitalExpenditures": -2111639000, "investments": 2948000, "otherCashflowsFromInvestingActivities": 14983000, "totalCashflowsFromInvestingActivities": -2091468000, "dividendsPaid": -316202000, "netBorrowings": 595622000, "otherCashflowsFromFinancingActivities": -169047000, "totalCashFromFinancingActivities": 110373000, "changeInCash": -59174000}, {"maxAge": 1, "endDate": "2018-03-31", "netIncome": 925642000, "depreciation": 971497000, "changeToNetincome": 55676000, "changeToAccountReceivables": -53299000, "changeToLiabilities": 251356000, "changeToInventory": -58123000, "changeToOperatingActivities": -42762000, "totalCashFromOperatingActivities": 2054832000, "capitalExpenditures": -473365000, "investments": -1458000, "otherCashflowsFromInvestingActivities": 14004000, "totalCashflowsFromInvestingActivities": -442191000, "dividendsPaid": -316202000, "netBorrowings": -1035703000, "otherCashflowsFromFinancingActivities": -120164000, "totalCashFromFinancingActivities": -1543028000, "changeInCash": 69613000, "repurchaseOfStock": -387161000}, {"maxAge": 1, "endDate": "2017-03-31", "netIncome": 704726000, "depreciation": 947587000, "changeToNetincome": 409649000, "changeToAccountReceivables": -23925000, "changeToLiabilities": 20393000, "changeToInventory": 122000, "changeToOperatingActivities": -83777000, "totalCashFromOperatingActivities": 1979753000, "capitalExpenditures": -627047000, "investments": -1458000, "otherCashflowsFromInvestingActivities": 30256000, "totalCashflowsFromInvestingActivities": -590809000, "dividendsPaid": -364974000, "netBorrowings": -774819000, "otherCashflowsFromFinancingActivities": -317404000, "totalCashFromFinancingActivities": -1457197000, "changeInCash": -68253000, "repurchaseOfStock": -387161000}], "maxAge": 86400}, "indexTrend": {"maxAge": 1, "symbol": "SP5", "peRatio": 19.7411, "pegRatio": 1.34172, "estimates": [{"period": "0q", "growth": 0.549}, {"period": "+1q", "growth": 0.431}, {"period": "0y", "growth": 0.305}, {"period": "+1y", "growth": 0.109}, {"period": "+5y", "growth": 0.120865}, {"period": "-5y"}]}, "defaultKeyStatistics": {"maxAge": 1, "priceHint": 2, "enterpriseValue": 22762584064, "profitMargins": 0.00605, "floatShares": 27458751, "sharesOutstanding": 88343504, "heldPercentInsiders": 0.69592005, "heldPercentInstitutions": 0.20225, "beta": 1.060301, "category": null, "bookValue": 64.678, "priceToBook": 3.3496704, "fundFamily": null, "legalType": null, "lastFiscalYearEnd": "2020-03-31 05:30:00", "nextFiscalYearEnd": "2022-03-31 05:30:00", "mostRecentQuarter": "2020-12-31 05:30:00", "earningsQuarterlyGrowth": 0.54, "netIncomeToCommon": 100425000, "trailingEps": 1.107, "forwardEps": 13.85, "lastSplitFactor": null, "enterpriseToRevenue": 1.371, "enterpriseToEbitda": 14.2}, "industryTrend": {"maxAge": 1, "symbol": null, "estimates": []}, "quoteType": {"exchange": "NSI", "quoteType": "EQUITY", "symbol": "VRLLOG.NS", "underlyingSymbol": "VRLLOG.NS", "shortName": "VRL LOGISTICS LTD", "longName": "VRL Logistics Limited", "firstTradeDateEpochUtc": "2015-04-30 09:15:00", "timeZoneFullName": "Asia/Kolkata", "timeZoneShortName": "IST", "uuid": "d20befd0-95a4-3c3e-a526-eb25d5f69187", "gmtOffSetMilliseconds": 19800000, "maxAge": 1}, "incomeStatementHistory": {"incomeStatementHistory": [{"maxAge": 1, "endDate": "2020-03-31", "totalRevenue": 21185397000, "costOfRevenue": 17544537000, "grossProfit": 3640860000, "researchDevelopment": {}, "sellingGeneralAdministrative": 7168000, "nonRecurring": {}, "otherOperatingExpenses": 529026000, "totalOperatingExpenses": 19756074000, "operatingIncome": 1429323000, "totalOtherIncomeExpenseNet": -386155000, "ebit": 1429323000, "interestExpense": -366922000, "incomeBeforeTax": 1043168000, "incomeTaxExpense": 142019000, "minorityInterest": {}, "netIncomeFromContinuingOps": 901149000, "discontinuedOperations": {}, "extraordinaryItems": {}, "effectOfAccountingCharges": {}, "otherItems": {}, "netIncome": 901149000, "netIncomeApplicableToCommonShares": 901149000}, {"maxAge": 1, "endDate": "2019-03-31", "totalRevenue": 21095440000, "costOfRevenue": 18039392000, "grossProfit": 3056048000, "researchDevelopment": {}, "sellingGeneralAdministrative": 8895000, "nonRecurring": {}, "otherOperatingExpenses": 529165000, "totalOperatingExpenses": 19583261000, "operatingIncome": 1512179000, "totalOtherIncomeExpenseNet": -107433000, "ebit": 1512179000, "interestExpense": -99254000, "incomeBeforeTax": 1404746000, "incomeTaxExpense": 485585000, "minorityInterest": {}, "netIncomeFromContinuingOps": 919161000, "discontinuedOperations": {}, "extraordinaryItems": {}, "effectOfAccountingCharges": {}, "otherItems": {}, "netIncome": 919161000, "netIncomeApplicableToCommonShares": 919161000}, {"maxAge": 1, "endDate": "2018-03-31", "totalRevenue": 19223203000, "costOfRevenue": 16267995000, "grossProfit": 2955208000, "researchDevelopment": {}, "sellingGeneralAdministrative": 10097000, "nonRecurring": {}, "otherOperatingExpenses": 499594000, "totalOperatingExpenses": 17754028000, "operatingIncome": 1469175000, "totalOtherIncomeExpenseNet": -75282000, "ebit": 1469175000, "interestExpense": -112642000, "incomeBeforeTax": 1393893000, "incomeTaxExpense": 468251000, "minorityInterest": {}, "netIncomeFromContinuingOps": 925642000, "discontinuedOperations": {}, "extraordinaryItems": {}, "effectOfAccountingCharges": {}, "otherItems": {}, "netIncome": 925642000, "netIncomeApplicableToCommonShares": 925642000}, {"maxAge": 1, "endDate": "2017-03-31", "totalRevenue": 18030851000, "costOfRevenue": 15236380000, "grossProfit": 2794471000, "researchDevelopment": {}, "sellingGeneralAdministrative": 7467000, "nonRecurring": {}, "otherOperatingExpenses": 535296000, "totalOperatingExpenses": 16731708000, "operatingIncome": 1299143000, "totalOtherIncomeExpenseNet": -246136000, "ebit": 1299143000, "interestExpense": -238977000, "incomeBeforeTax": 1053007000, "incomeTaxExpense": 348281000, "minorityInterest": {}, "netIncomeFromContinuingOps": 704726000, "discontinuedOperations": {}, "extraordinaryItems": {}, "effectOfAccountingCharges": {}, "otherItems": {}, "netIncome": 704726000, "netIncomeApplicableToCommonShares": 704726000}], "maxAge": 86400}, "fundOwnership": {"ownershipList": [{"maxAge": 1, "reportDate": "2021-01-31", "organization": "DFA Emerging Markets Core Equity Portfolio", "pctHeld": 0.0033000002, "position": 287602, "value": 55909828}, {"maxAge": 1, "reportDate": "2021-01-31", "organization": "DFA Emerging Markets Small Cap Series", "pctHeld": 0.0017, "position": 151784, "value": 29506809}, {"maxAge": 1, "reportDate": "2021-01-31", "organization": "DFA Investment Dimensions-Emerging Markets Social Core Equity", "pctHeld": 0.0002, "position": 15003, "value": 2916583}, {"maxAge": 1, "reportDate": "2021-01-31", "organization": "DFA Investment Dimensions-World Ex U.S. Core Equity Port", "pctHeld": 0.0002, "position": 13256, "value": 2576966}, {"maxAge": 1, "reportDate": "2021-01-31", "organization": "DFA T.A. World Ex U.S. Core Equity Portfolio", "pctHeld": 0.0001, "position": 11268, "value": 2190499}, {"maxAge": 1, "reportDate": "2021-01-31", "organization": "John Hancock Fds II-Emerging Markets Fund", "pctHeld": 0.0001, "position": 5104, "value": 992217}, {"maxAge": 1, "reportDate": "2021-01-31", "organization": "DFA Emerging Markets Sustainability Core 1 Portfolio", "pctHeld": 0.0001, "position": 4816, "value": 936230}], "maxAge": 1}, "summaryDetail": {"maxAge": 1, "priceHint": 2, "previousClose": 219.5, "open": 218.0, "dayLow": 213.45, "dayHigh": 222.55, "regularMarketPreviousClose": 219.5, "regularMarketOpen": 218.0, "regularMarketDayLow": 213.45, "regularMarketDayHigh": 222.55, "exDividendDate": "2020-02-18 05:30:00", "payoutRatio": 2.7273002, "beta": 1.060301, "trailingPE": 195.70912, "forwardPE": 15.642598, "volume": 57929, "regularMarketVolume": 57929, "averageVolume": 380451, "averageVolume10days": 80746, "averageDailyVolume10Day": 80746, "bid": 0.0, "ask": 0.0, "bidSize": 0, "askSize": 0, "marketCap": 19139618816, "fiftyTwoWeekLow": 142.5, "fiftyTwoWeekHigh": 279.0, "priceToSalesTrailing12Months": 1.152578, "fiftyDayAverage": 245.05441, "twoHundredDayAverage": 196.49184, "trailingAnnualDividendRate": 0.0, "trailingAnnualDividendYield": 0.0, "currency": "INR", "fromCurrency": null, "lastMarket": null, "algorithm": null, "tradeable": false}, "insiderHolders": {"holders": [{"maxAge": 1, "name": "Reliance Capital Trustee Co Ltd Reliance Equity Opportunitie", "relation": "Promoter", "url": "", "transactionDescription": "Acquisition", "latestTransDate": "2020-01-30", "positionDirect": 8864050, "positionDirectDate": "2020-01-30"}, {"maxAge": 1, "name": "Sankeshwar (Vijay Basavanneppa)", "relation": "Executive Chairman", "url": "", "transactionDescription": "Sale", "latestTransDate": "2017-08-31", "positionDirect": 29792000, "positionDirectDate": "2017-08-31"}], "maxAge": 1}, "calendarEvents": {"maxAge": 1, "earnings": {"earningsDate": ["2021-02-08 05:30:S"]}, "exDividendDate": "2020-02-18 05:30:00"}, "upgradeDowngradeHistory": {"history": [], "maxAge": 86400}, "price": {"maxAge": 1, "regularMarketChangePercent": -0.012984083, "regularMarketChange": -2.850006, "regularMarketTime": "2021-04-30 15:30:01", "priceHint": 2, "regularMarketPrice": 216.65, "regularMarketDayHigh": 222.55, "regularMarketDayLow": 213.45, "regularMarketVolume": 57929, "averageDailyVolume10Day": 80746, "averageDailyVolume3Month": 380451, "regularMarketPreviousClose": 219.5, "regularMarketSource": "FREE_REALTIME", "regularMarketOpen": 218.0, "exchange": "NSI", "exchangeName": "NSE", "exchangeDataDelayedBy": 15, "marketState": "CLOSED", "quoteType": "EQUITY", "symbol": "VRLLOG.NS", "underlyingSymbol": null, "shortName": "VRL LOGISTICS LTD", "longName": "VRL Logistics Limited", "currency": "INR", "quoteSourceName": "Delayed Quote", "currencySymbol": "\u20b9", "fromCurrency": null, "lastMarket": null, "marketCap": 19139618816}, "balanceSheetHistory": {"balanceSheetStatements": [{"maxAge": 1, "endDate": "2020-03-31", "cash": 129129000, "netReceivables": 868009000, "inventory": 292658000, "otherCurrentAssets": 243290000, "totalCurrentAssets": 1732330000, "longTermInvestments": 575000, "propertyPlantEquipment": 9915124000, "intangibleAssets": 7573000, "otherAssets": 513341000, "totalAssets": 12168943000, "accountsPayable": 34631000, "shortLongTermDebt": 236223000, "otherCurrentLiab": 21190000, "longTermDebt": 950223000, "otherLiab": 712762000, "totalCurrentLiabilities": 2524948000, "totalLiab": 6000250000, "commonStock": 903435000, "retainedEarnings": 3487680000, "treasuryStock": 9000000, "capitalSurplus": 1768578000, "otherStockholderEquity": 9000000, "totalStockholderEquity": 6168693000, "netTangibleAssets": 6161120000}, {"maxAge": 1, "endDate": "2019-03-31", "cash": 126007000, "shortTermInvestments": 241000, "netReceivables": 853851000, "inventory": 297982000, "otherCurrentAssets": 156154000, "totalCurrentAssets": 1716697000, "longTermInvestments": 575000, "propertyPlantEquipment": 7429613000, "intangibleAssets": 12476000, "otherAssets": 618836000, "totalAssets": 9778197000, "accountsPayable": 61058000, "shortLongTermDebt": 99608000, "otherCurrentLiab": 102754000, "longTermDebt": 1033576000, "otherLiab": 1046424000, "totalCurrentLiabilities": 1238817000, "totalLiab": 3318817000, "commonStock": 903435000, "retainedEarnings": 3778367000, "treasuryStock": 9000000, "capitalSurplus": 1768578000, "otherStockholderEquity": 9000000, "totalStockholderEquity": 6459380000, "netTangibleAssets": 6446904000}, {"maxAge": 1, "endDate": "2018-03-31", "cash": 185181000, "netReceivables": 853511000, "inventory": 241334000, "otherCurrentAssets": 166805000, "totalCurrentAssets": 1714170000, "longTermInvestments": 575000, "propertyPlantEquipment": 6293470000, "intangibleAssets": 7157000, "otherAssets": 607250000, "totalAssets": 8622622000, "accountsPayable": 68287000, "shortLongTermDebt": 123159000, "otherCurrentLiab": 84395000, "longTermDebt": 49443000, "otherLiab": 1042302000, "totalCurrentLiabilities": 1598680000, "totalLiab": 2690425000, "commonStock": 903435000, "retainedEarnings": 3251184000, "treasuryStock": 9000000, "capitalSurplus": 1768578000, "otherStockholderEquity": 9000000, "totalStockholderEquity": 5932197000, "netTangibleAssets": 5925040000}, {"maxAge": 1, "endDate": "2017-03-31", "cash": 115568000, "netReceivables": 790632000, "inventory": 183211000, "otherCurrentAssets": 148509000, "totalCurrentAssets": 1499780000, "longTermInvestments": 575000, "propertyPlantEquipment": 6918576000, "intangibleAssets": 12002000, "otherAssets": 535862000, "totalAssets": 8966795000, "accountsPayable": 43078000, "shortLongTermDebt": 619721000, "otherCurrentLiab": 76652000, "longTermDebt": 595452000, "otherLiab": 1087943000, "totalCurrentLiabilities": 1871083000, "totalLiab": 3554478000, "commonStock": 912435000, "retainedEarnings": 2344143000, "capitalSurplus": 2155739000, "totalStockholderEquity": 5412317000, "netTangibleAssets": 5400315000}], "maxAge": 86400}, "earningsTrend": {"trend": [{"maxAge": 1, "period": "0q", "endDate": "2018-12-31", "growth": {}, "earningsEstimate": {"avg": 0.0, "low": 0.0, "high": 0.0, "yearAgoEps": 2.77, "numberOfAnalysts": 0, "growth": {}}, "revenueEstimate": {"avg": 0, "low": 0, "high": 0, "numberOfAnalysts": 0, "yearAgoRevenue": {}, "growth": {}}, "epsTrend": {"current": 0.0, "7daysAgo": 0.0, "30daysAgo": 0.0, "60daysAgo": 0.0, "90daysAgo": 0.0}, "epsRevisions": {"upLast7days": 0, "upLast30days": 0, "downLast30days": 0, "downLast90days": {}}}, {"maxAge": 1, "period": "+1q", "endDate": "2019-03-31", "growth": {}, "earningsEstimate": {"avg": 0.0, "low": 0.0, "high": 0.0, "yearAgoEps": 1.34, "numberOfAnalysts": 0, "growth": {}}, "revenueEstimate": {"avg": 0, "low": 0, "high": 0, "numberOfAnalysts": 0, "yearAgoRevenue": {}, "growth": {}}, "epsTrend": {"current": 0.0, "7daysAgo": 0.0, "30daysAgo": 0.0, "60daysAgo": 0.0, "90daysAgo": 0.0}, "epsRevisions": {"upLast7days": 0, "upLast30days": 0, "downLast30days": 0, "downLast90days": {}}}, {"maxAge": 1, "period": "0y", "endDate": "2019-03-31", "growth": {}, "earningsEstimate": {"avg": 0.0, "low": 0.0, "high": 0.0, "yearAgoEps": {}, "numberOfAnalysts": 0, "growth": {}}, "revenueEstimate": {"avg": 21345200000, "low": 20470000000, "high": 22575000000, "numberOfAnalysts": 11, "yearAgoRevenue": 19223200000, "growth": 0.11}, "epsTrend": {"current": 0.0, "7daysAgo": 11.38, "30daysAgo": 11.38, "60daysAgo": 11.38, "90daysAgo": 11.38}, "epsRevisions": {"upLast7days": 0, "upLast30days": 0, "downLast30days": 0, "downLast90days": {}}}, {"maxAge": 1, "period": "+1y", "endDate": "2020-03-31", "growth": {}, "earningsEstimate": {"avg": 0.0, "low": 0.0, "high": 0.0, "yearAgoEps": {}, "numberOfAnalysts": 0, "growth": {}}, "revenueEstimate": {"avg": 24048300000, "low": 22251000000, "high": 26519000000, "numberOfAnalysts": 11, "yearAgoRevenue": 21345200000, "growth": 0.127}, "epsTrend": {"current": 0.0, "7daysAgo": 14.17, "30daysAgo": 14.17, "60daysAgo": 14.17, "90daysAgo": 14.17}, "epsRevisions": {"upLast7days": 0, "upLast30days": 0, "downLast30days": 0, "downLast90days": {}}}, {"maxAge": 1, "period": "+5y", "endDate": null, "growth": 0.207, "earningsEstimate": {"avg": {}, "low": {}, "high": {}, "yearAgoEps": {}, "numberOfAnalysts": {}, "growth": {}}, "revenueEstimate": {"avg": {}, "low": {}, "high": {}, "numberOfAnalysts": {}, "yearAgoRevenue": {}, "growth": {}}, "epsTrend": {"current": {}, "7daysAgo": {}, "30daysAgo": {}, "60daysAgo": {}, "90daysAgo": {}}, "epsRevisions": {"upLast7days": {}, "upLast30days": {}, "downLast30days": {}, "downLast90days": {}}}, {"maxAge": 1, "period": "-5y", "endDate": null, "growth": {}, "earningsEstimate": {"avg": {}, "low": {}, "high": {}, "yearAgoEps": {}, "numberOfAnalysts": {}, "growth": {}}, "revenueEstimate": {"avg": {}, "low": {}, "high": {}, "numberOfAnalysts": {}, "yearAgoRevenue": {}, "growth": {}}, "epsTrend": {"current": {}, "7daysAgo": {}, "30daysAgo": {}, "60daysAgo": {}, "90daysAgo": {}}, "epsRevisions": {"upLast7days": {}, "upLast30days": {}, "downLast30days": {}, "downLast90days": {}}}], "maxAge": 1}, "institutionOwnership": {"ownershipList": [], "maxAge": 1}, "majorHoldersBreakdown": {"maxAge": 1, "insidersPercentHeld": 0.69592005, "institutionsPercentHeld": 0.20225, "institutionsFloatPercentHeld": 0.66511, "institutionsCount": 10}, "balanceSheetHistoryQuarterly": {"balanceSheetStatements": [{"maxAge": 1, "endDate": "2020-12-31", "totalStockholderEquity": 5840105000, "netTangibleAssets": 5832505000}, {"maxAge": 1, "endDate": "2020-09-30", "cash": 199554000, "shortTermInvestments": 149504000, "netReceivables": 485851000, "inventory": 295308000, "otherCurrentAssets": 231442000, "totalCurrentAssets": 1361659000, "longTermInvestments": 295564000, "propertyPlantEquipment": 9247887000, "intangibleAssets": 7600000, "otherAssets": 273328000, "totalAssets": 11186038000, "accountsPayable": 48204000, "otherCurrentLiab": 938019000, "longTermDebt": 820486000, "otherLiab": 606640000, "totalCurrentLiabilities": 2217224000, "totalLiab": 5345933000, "commonStock": 903435000, "treasuryStock": 4936670000, "otherStockholderEquity": 4936670000, "totalStockholderEquity": 5840105000, "netTangibleAssets": 5832505000}, {"maxAge": 1, "endDate": "2020-06-30", "totalStockholderEquity": 6168693000, "netTangibleAssets": 6161120000}, {"maxAge": 1, "endDate": "2020-03-31", "cash": 129129000, "netReceivables": 868009000, "inventory": 292658000, "otherCurrentAssets": 243290000, "totalCurrentAssets": 1732330000, "longTermInvestments": 575000, "propertyPlantEquipment": 9915124000, "intangibleAssets": 7573000, "otherAssets": 513341000, "totalAssets": 12168943000, "accountsPayable": 34631000, "shortLongTermDebt": 236223000, "otherCurrentLiab": 21190000, "longTermDebt": 950223000, "otherLiab": 712762000, "totalCurrentLiabilities": 2524948000, "totalLiab": 6000250000, "commonStock": 903435000, "retainedEarnings": 3487680000, "treasuryStock": 9000000, "capitalSurplus": 1768578000, "otherStockholderEquity": 9000000, "totalStockholderEquity": 6168693000, "netTangibleAssets": 6161120000}], "maxAge": 86400}, "earningsHistory": {"history": [{"maxAge": 1, "epsActual": 2.77, "epsEstimate": 2.92, "epsDifference": -0.15, "surprisePercent": -0.051, "quarter": "2017-12-31", "period": "-4q"}, {"maxAge": 1, "epsActual": 1.34, "epsEstimate": 2.6, "epsDifference": -1.26, "surprisePercent": -0.485, "quarter": "2018-03-31", "period": "-3q"}, {"maxAge": 1, "epsActual": 2.68, "epsEstimate": 3.49, "epsDifference": -0.81, "surprisePercent": -0.23200001, "quarter": "2018-06-30", "period": "-2q"}, {"maxAge": 1, "epsActual": 2.28, "epsEstimate": 2.3, "epsDifference": -0.02, "surprisePercent": -0.009, "quarter": "2018-09-30", "period": "-1q"}], "maxAge": 86400}, "summaryProfile": {"address1": "Giriraj Annexe", "address2": "Circuit House Road", "city": "Hubli", "zip": "580029", "country": "India", "phone": "91 83 6223 7511", "fax": "91 83 6225 6612", "website": "http://www.vrllogistics.com", "industry": "Trucking", "sector": "Industrials", "longBusinessSummary": "VRL Logistics Limited operates as a logistics and transport company. The company operates through four segments: Goods Transport, Bus Operations, Sale of Power, and Transport of Passengers by Air. The Goods Transport segment offers services for the transportation of goods using a range of road transportation solutions, including less than full truck load and full truck load for customers across 22 states and 5 union territories in India. This segment also provides courier business for the transportation of small parcels and documents through multi model solutions. The Bus Operations segment provides services of transportation solutions through buses in the states of Karnataka, Maharashtra, Andhra Pradesh, Tamil Nadu, Gujarat, Rajasthan, and Goa through its fleet of approximately 362 buses/coaches. The Sale of Power segment operates a wind farm that consists of wind turbine generators with a capacity of 1.25 MW. The Transport of Passengers by Air segment offers services for the transportation of passengers by air to the individuals and corporate representatives. The company was formerly known as Vijayanand Roadlines Ltd. and changed its name to VRL Logistics Limited in August 2006. VRL Logistics Limited was founded in 1976 and is based in Hubli, India.", "fullTimeEmployees": 19698, "companyOfficers": [], "maxAge": 86400}, "netSharePurchaseActivity": {"maxAge": 1, "period": "6m", "buyInfoCount": 0, "buyInfoShares": 0, "sellInfoCount": 0, "netInfoCount": 0, "netInfoShares": 0, "netPercentInsiderShares": 0.0, "totalInsiderShares": 62850596}, "insiderTransactions": {"transactions": [{"maxAge": 1, "shares": 25000, "filerUrl": "", "transactionText": "", "filerName": "Reliance Capital Trustee Co Ltd Reliance Equity Opportunitie", "filerRelation": "Promoter", "moneyText": "", "startDate": "2020-01-30", "ownership": "D"}, {"maxAge": 1, "shares": 2000000, "filerUrl": "", "transactionText": "", "filerName": "Sankeshwar (Vijay Basavanneppa)", "filerRelation": "Executive Chairman", "moneyText": "", "startDate": "2017-08-31", "ownership": "D"}], "maxAge": 1}, "sectorTrend": {"maxAge": 1, "symbol": null, "estimates": []}, "incomeStatementHistoryQuarterly": {"incomeStatementHistory": [{"maxAge": 1, "endDate": "2020-12-31", "totalRevenue": 5634193000, "costOfRevenue": 4579832000, "grossProfit": 1054361000, "researchDevelopment": {}, "sellingGeneralAdministrative": {}, "nonRecurring": {}, "otherOperatingExpenses": 15114000, "totalOperatingExpenses": 5005628000, "operatingIncome": 628565000, "totalOtherIncomeExpenseNet": -83218000, "ebit": 628565000, "interestExpense": -83218000, "incomeBeforeTax": 545347000, "incomeTaxExpense": 147970000, "minorityInterest": {}, "netIncomeFromContinuingOps": 397377000, "discontinuedOperations": {}, "extraordinaryItems": {}, "effectOfAccountingCharges": {}, "otherItems": {}, "netIncome": 397377000, "netIncomeApplicableToCommonShares": 397377000}, {"maxAge": 1, "endDate": "2020-09-30", "totalRevenue": 4392598000, "costOfRevenue": 3476583000, "grossProfit": 916015000, "researchDevelopment": {}, "sellingGeneralAdministrative": {}, "nonRecurring": {}, "otherOperatingExpenses": 21324000, "totalOperatingExpenses": 3885952000, "operatingIncome": 506646000, "totalOtherIncomeExpenseNet": -89625000, "ebit": 506646000, "interestExpense": -89625000, "incomeBeforeTax": 417021000, "incomeTaxExpense": 108214000, "minorityInterest": {}, "netIncomeFromContinuingOps": 308807000, "discontinuedOperations": {}, "extraordinaryItems": {}, "effectOfAccountingCharges": {}, "otherItems": {}, "netIncome": 308807000, "netIncomeApplicableToCommonShares": 308807000}, {"maxAge": 1, "endDate": "2020-06-30", "totalRevenue": 1600868000, "costOfRevenue": 1910209000, "grossProfit": -309341000, "researchDevelopment": {}, "sellingGeneralAdministrative": {}, "nonRecurring": {}, "otherOperatingExpenses": 6175000, "totalOperatingExpenses": 2335162000, "operatingIncome": -734294000, "totalOtherIncomeExpenseNet": -103783000, "ebit": -734294000, "interestExpense": -103783000, "incomeBeforeTax": -838077000, "incomeTaxExpense": -210928000, "minorityInterest": {}, "netIncomeFromContinuingOps": -627149000, "discontinuedOperations": {}, "extraordinaryItems": {}, "effectOfAccountingCharges": {}, "otherItems": {}, "netIncome": -627149000, "netIncomeApplicableToCommonShares": -627149000}, {"maxAge": 1, "endDate": "2020-03-31", "totalRevenue": 4978261000, "costOfRevenue": 3981459000, "grossProfit": 996802000, "researchDevelopment": {}, "sellingGeneralAdministrative": 7168000, "nonRecurring": {}, "otherOperatingExpenses": 380123000, "totalOperatingExpenses": 4821622000, "operatingIncome": 156639000, "totalOtherIncomeExpenseNet": -123892000, "ebit": 156639000, "interestExpense": -104659000, "incomeBeforeTax": 32747000, "incomeTaxExpense": 11357000, "minorityInterest": {}, "netIncomeFromContinuingOps": 21390000, "discontinuedOperations": {}, "extraordinaryItems": {}, "effectOfAccountingCharges": {}, "otherItems": {}, "netIncome": 21390000, "netIncomeApplicableToCommonShares": 21390000}], "maxAge": 86400}, "cashflowStatementHistoryQuarterly": {"cashflowStatements": [{"maxAge": 1, "endDate": "2020-12-31", "netIncome": 397377000, "changeToLiabilities": 0}, {"maxAge": 1, "endDate": "2020-09-30", "netIncome": 308807000, "changeToLiabilities": 0}, {"maxAge": 1, "endDate": "2020-06-30", "netIncome": -627149000, "changeToLiabilities": 0}, {"maxAge": 1, "endDate": "2020-03-31", "netIncome": 21390000, "changeToLiabilities": 0}], "maxAge": 86400}, "earnings": {"maxAge": 86400, "earningsChart": {"quarterly": [{"date": "4Q2017", "actual": 2.77, "estimate": 2.92}, {"date": "1Q2018", "actual": 1.34, "estimate": 2.6}, {"date": "2Q2018", "actual": 2.68, "estimate": 3.49}, {"date": "3Q2018", "actual": 2.28, "estimate": 2.3}], "currentQuarterEstimateDate": "4Q", "currentQuarterEstimateYear": 2018, "earningsDate": ["2021-02-08 05:30:S"]}, "financialsChart": {"yearly": [{"date": 2017, "revenue": 18030851000, "earnings": 704726000}, {"date": 2018, "revenue": 19223203000, "earnings": 925642000}, {"date": 2019, "revenue": 21095440000, "earnings": 919161000}, {"date": 2020, "revenue": 21185397000, "earnings": 901149000}], "quarterly": [{"date": "1Q2020", "revenue": 4978261000, "earnings": 21390000}, {"date": "2Q2020", "revenue": 1600868000, "earnings": -627149000}, {"date": "3Q2020", "revenue": 4392598000, "earnings": 308807000}, {"date": "4Q2020", "revenue": 5634193000, "earnings": 397377000}]}, "financialCurrency": "INR"}, "financialData": {"maxAge": 86400, "currentPrice": 216.65, "targetHighPrice": 475.0, "targetLowPrice": 268.0, "targetMeanPrice": 365.27, "targetMedianPrice": 345.0, "recommendationKey": "none", "numberOfAnalystOpinions": 11, "totalCash": 349057984, "totalCashPerShare": 3.865, "ebitda": 1603007744, "totalDebt": 3545340928, "totalRevenue": 16605920256, "debtToEquity": 60.707, "revenuePerShare": 183.018, "grossProfits": 3640860000, "earningsGrowth": 0.538, "revenueGrowth": 0.011, "grossMargins": 0.16004999, "ebitdaMargins": 0.09653, "operatingMargins": 0.03358, "profitMargins": 0.00605, "financialCurrency": "INR"}}}