{"VSTIND.BO": {"recommendationTrend": {"trend": [{"period": "0m", "strongBuy": 0, "buy": 0, "hold": 0, "sell": 0, "strongSell": 0}, {"period": "-1m", "strongBuy": 0, "buy": 0, "hold": 0, "sell": 0, "strongSell": 0}, {"period": "-2m", "strongBuy": 0, "buy": 0, "hold": 0, "sell": 0, "strongSell": 0}, {"period": "-3m", "strongBuy": 0, "buy": 0, "hold": 0, "sell": 0, "strongSell": 0}], "maxAge": 86400}, "cashflowStatementHistory": {"cashflowStatements": [{"maxAge": 1, "endDate": "2020-03-31", "netIncome": 3040921000, "depreciation": 417387000, "changeToNetincome": -349766000, "changeToAccountReceivables": -131382000, "changeToLiabilities": 496027000, "changeToInventory": -158889000, "totalCashFromOperatingActivities": 3314479000, "capitalExpenditures": -219216000, "investments": -1332909000, "otherCashflowsFromInvestingActivities": 1714000, "totalCashflowsFromInvestingActivities": -1547605000, "dividendsPaid": -1466982000, "otherCashflowsFromFinancingActivities": -301543000, "totalCashFromFinancingActivities": -1768525000, "changeInCash": -1651000}, {"maxAge": 1, "endDate": "2019-03-31", "netIncome": 2268443000, "depreciation": 413330000, "changeToNetincome": -410863000, "changeToAccountReceivables": 334265000, "changeToLiabilities": 586081000, "changeToInventory": -289748000, "totalCashFromOperatingActivities": 2901631000, "capitalExpenditures": -258898000, "investments": -1223497000, "otherCashflowsFromInvestingActivities": 971000, "totalCashflowsFromInvestingActivities": -1480238000, "dividendsPaid": -1196749000, "otherCashflowsFromFinancingActivities": -245995000, "totalCashFromFinancingActivities": -1442744000, "changeInCash": -21351000}, {"maxAge": 1, "endDate": "2018-03-31", "netIncome": 1818931000, "depreciation": 391351000, "changeToNetincome": -270034000, "changeToAccountReceivables": -714512000, "changeToLiabilities": 2210849000, "changeToInventory": 764355000, "totalCashFromOperatingActivities": 4201230000, "capitalExpenditures": -454132000, "investments": -2210648000, "otherCashflowsFromInvestingActivities": 1248000, "totalCashflowsFromInvestingActivities": -2641313000, "dividendsPaid": -1158144000, "otherCashflowsFromFinancingActivities": -235771000, "totalCashFromFinancingActivities": -1393915000, "changeInCash": 166002000}, {"maxAge": 1, "endDate": "2017-03-31", "netIncome": 1515266000, "depreciation": 368888000, "changeToNetincome": -181792000, "changeToAccountReceivables": -5400000, "changeToLiabilities": -717641000, "changeToInventory": 477263000, "totalCashFromOperatingActivities": 1456875000, "capitalExpenditures": -447198000, "investments": 265807000, "otherCashflowsFromInvestingActivities": 1012000, "totalCashflowsFromInvestingActivities": -177635000, "dividendsPaid": -1080934000, "otherCashflowsFromFinancingActivities": -220053000, "totalCashFromFinancingActivities": -1300987000, "changeInCash": -21747000}], "maxAge": 86400}, "institutionOwnership": {"ownershipList": [], "maxAge": 1}, "balanceSheetHistoryQuarterly": {"balanceSheetStatements": [{"maxAge": 1, "endDate": "2020-06-30", "totalStockholderEquity": 7870863000, "netTangibleAssets": 7870320000}, {"maxAge": 1, "endDate": "2020-03-31", "cash": 262209000, "netReceivables": 153923000, "inventory": 2977385000, "otherCurrentAssets": 690360000, "totalCurrentAssets": 11637545000, "longTermInvestments": 17885000, "propertyPlantEquipment": 1996961000, "intangibleAssets": 543000, "otherAssets": 317456000, "deferredLongTermAssetCharges": 264032000, "totalAssets": 13970390000, "accountsPayable": 1428349000, "otherCurrentLiab": 1293959000, "otherLiab": 198545000, "totalCurrentLiabilities": 5900982000, "totalLiab": 6099527000, "commonStock": 154419000, "retainedEarnings": 7664122000, "treasuryStock": 52322000, "otherStockholderEquity": 52322000, "totalStockholderEquity": 7870863000, "netTangibleAssets": 7870320000}, {"maxAge": 1, "endDate": "2019-12-31", "totalStockholderEquity": 6383900000, "netTangibleAssets": 6383300000}, {"maxAge": 1, "endDate": "2019-09-30", "cash": 280200000, "shortTermInvestments": 5301400000, "netReceivables": 237800000, "inventory": 3325700000, "otherCurrentAssets": 451800000, "totalCurrentAssets": 9596900000, "longTermInvestments": 22900000, "propertyPlantEquipment": 2006900000, "intangibleAssets": 600000, "otherAssets": 294000000, "deferredLongTermAssetCharges": 243100000, "totalAssets": 11921300000, "accountsPayable": 1035900000, "otherCurrentLiab": 4283000000, "otherLiab": 218500000, "totalCurrentLiabilities": 5318900000, "totalLiab": 5537400000, "commonStock": 154400000, "treasuryStock": 6229500000, "otherStockholderEquity": 6229500000, "totalStockholderEquity": 6383900000, "netTangibleAssets": 6383300000}], "maxAge": 86400}, "earningsHistory": {"history": [{"maxAge": 1, "epsActual": 29.2, "epsEstimate": 33.92, "epsDifference": -4.72, "surprisePercent": -0.139, "quarter": "2017-03-31", "period": "-4q"}, {"maxAge": 1, "epsActual": 25.8, "epsEstimate": 29.3, "epsDifference": -3.5, "surprisePercent": -0.118999995, "quarter": "2017-06-30", "period": "-3q"}, {"maxAge": 1, "epsActual": 28.57, "epsEstimate": 24.7, "epsDifference": 3.87, "surprisePercent": 0.157, "quarter": "2017-09-30", "period": "-2q"}, {"maxAge": 1, "epsActual": 32.48, "epsEstimate": 29.9, "epsDifference": 2.58, "surprisePercent": 0.086, "quarter": "2017-12-31", "period": "-1q"}], "maxAge": 86400}, "indexTrend": {"maxAge": 1, "symbol": "SP5", "peRatio": 19.7411, "pegRatio": 1.34172, "estimates": [{"period": "0q", "growth": 0.549}, {"period": "+1q", "growth": 0.431}, {"period": "0y", "growth": 0.305}, {"period": "+1y", "growth": 0.109}, {"period": "+5y", "growth": 0.120865}, {"period": "-5y"}]}, "industryTrend": {"maxAge": 1, "symbol": null, "estimates": []}, "insiderTransactions": {"transactions": [{"maxAge": 1, "shares": 56041, "filerUrl": "", "transactionText": "", "filerName": "Matthews India Fund", "filerRelation": "Institution- Corporation", "moneyText": "", "startDate": "2020-08-12", "ownership": "D"}, {"maxAge": 1, "shares": 59139, "filerUrl": "", "transactionText": "", "filerName": "Smallcap World Fund, Inc.", "filerRelation": "Investment Advisor", "moneyText": "", "startDate": "2013-11-26", "ownership": "D"}], "maxAge": 1}, "quoteType": {"exchange": "BSE", "quoteType": "EQUITY", "symbol": "VSTIND.BO", "underlyingSymbol": "VSTIND.BO", "shortName": "VST INDUSTRIES LTD.", "longName": "VST Industries Limited", "firstTradeDateEpochUtc": "2000-01-25 09:15:00", "timeZoneFullName": "Asia/Kolkata", "timeZoneShortName": "IST", "uuid": "725a92ea-7171-39e7-89a2-550e19f98a5c", "gmtOffSetMilliseconds": 19800000, "maxAge": 1}, "incomeStatementHistory": {"incomeStatementHistory": [{"maxAge": 1, "endDate": "2020-03-31", "totalRevenue": 12393495000, "costOfRevenue": 6010320000, "grossProfit": 6383175000, "researchDevelopment": {}, "sellingGeneralAdministrative": 1153862000, "nonRecurring": {}, "otherOperatingExpenses": 1082858000, "totalOperatingExpenses": 8664608000, "operatingIncome": 3728887000, "totalOtherIncomeExpenseNet": 473630000, "ebit": 3728887000, "interestExpense": {}, "incomeBeforeTax": 4202517000, "incomeTaxExpense": 1161596000, "minorityInterest": {}, "netIncomeFromContinuingOps": 3040921000, "discontinuedOperations": {}, "extraordinaryItems": {}, "effectOfAccountingCharges": {}, "otherItems": {}, "netIncome": 3040921000, "netIncomeApplicableToCommonShares": 3040921000}, {"maxAge": 1, "endDate": "2019-03-31", "totalRevenue": 10990100000, "costOfRevenue": 5520795000, "grossProfit": 5469305000, "researchDevelopment": {}, "sellingGeneralAdministrative": 1004023000, "nonRecurring": {}, "otherOperatingExpenses": 934083000, "totalOperatingExpenses": 7872354000, "operatingIncome": 3117746000, "totalOtherIncomeExpenseNet": 388999000, "ebit": 3117746000, "interestExpense": {}, "incomeBeforeTax": 3506745000, "incomeTaxExpense": 1238302000, "minorityInterest": {}, "netIncomeFromContinuingOps": 2268443000, "discontinuedOperations": {}, "extraordinaryItems": {}, "effectOfAccountingCharges": {}, "otherItems": {}, "netIncome": 2268443000, "netIncomeApplicableToCommonShares": 2268443000}, {"maxAge": 1, "endDate": "2018-03-31", "totalRevenue": 9475712000, "costOfRevenue": 4718374000, "grossProfit": 4757338000, "researchDevelopment": {}, "sellingGeneralAdministrative": 991829000, "nonRecurring": {}, "otherOperatingExpenses": 825569000, "totalOperatingExpenses": 6927413000, "operatingIncome": 2548299000, "totalOtherIncomeExpenseNet": 246240000, "ebit": 2548299000, "interestExpense": {}, "incomeBeforeTax": 2794539000, "incomeTaxExpense": 975608000, "minorityInterest": {}, "netIncomeFromContinuingOps": 1818931000, "discontinuedOperations": {}, "extraordinaryItems": {}, "effectOfAccountingCharges": {}, "otherItems": {}, "netIncome": 1818931000, "netIncomeApplicableToCommonShares": 1818931000}, {"maxAge": 1, "endDate": "2017-03-31", "totalRevenue": 9223829000, "costOfRevenue": 4695916000, "grossProfit": 4527913000, "researchDevelopment": {}, "sellingGeneralAdministrative": 1032431000, "nonRecurring": {}, "otherOperatingExpenses": 1015111000, "totalOperatingExpenses": 7112637000, "operatingIncome": 2111192000, "totalOtherIncomeExpenseNet": 197773000, "ebit": 2111192000, "interestExpense": {}, "incomeBeforeTax": 2308965000, "incomeTaxExpense": 793699000, "minorityInterest": {}, "netIncomeFromContinuingOps": 1515266000, "discontinuedOperations": {}, "extraordinaryItems": {}, "effectOfAccountingCharges": {}, "otherItems": {}, "netIncome": 1515266000, "netIncomeApplicableToCommonShares": 1515266000}], "maxAge": 86400}, "fundOwnership": {"ownershipList": [{"maxAge": 1, "reportDate": "2020-06-30", "organization": "Matthews International  Fds-Matthews India Fd", "pctHeld": 0.0321, "position": 495531, "value": 1549847532}, {"maxAge": 1, "reportDate": "2020-07-31", "organization": "DFA Emerging Markets Small Cap Series", "pctHeld": 0.002, "position": 31079, "value": 100896419}, {"maxAge": 1, "reportDate": "2020-07-31", "organization": "DFA Emerging Markets Core Equity Portfolio", "pctHeld": 0.0018000001, "position": 28150, "value": 91387567}, {"maxAge": 1, "reportDate": "2020-08-31", "organization": "SPDR Portfolio Emerging Markets ETF", "pctHeld": 0.0011, "position": 16218, "value": 55379604}, {"maxAge": 1, "reportDate": "2020-07-31", "organization": "DFA T.A. World Ex U.S. Core Equity Portfolio", "pctHeld": 0.0001, "position": 1793, "value": 5820884}, {"maxAge": 1, "reportDate": "2020-07-31", "organization": "DFA Investment Dimensions-World Ex U.S. Core Equity Port", "pctHeld": 0.0001, "position": 1677, "value": 5444296}], "maxAge": 1}, "summaryDetail": {"maxAge": 1, "priceHint": 2, "previousClose": 3203.45, "open": 3265.0, "dayLow": 3183.7, "dayHigh": 3265.0, "regularMarketPreviousClose": 3203.45, "regularMarketOpen": 3265.0, "regularMarketDayLow": 3183.7, "regularMarketDayHigh": 3265.0, "trailingPE": 16.41973, "forwardPE": 22.95103, "volume": 764, "regularMarketVolume": 764, "averageVolume": 783, "averageVolume10days": 584, "averageDailyVolume10Day": 584, "bid": 3225.2, "ask": 3237.0, "bidSize": 0, "askSize": 0, "marketCap": 49936015360, "fiftyTwoWeekLow": 2550.0, "fiftyTwoWeekHigh": 4510.75, "fiftyDayAverage": 3699.8333, "twoHundredDayAverage": 3508.0508, "trailingAnnualDividendRate": 103.0, "trailingAnnualDividendYield": 0.032152835, "currency": "INR", "fromCurrency": null, "lastMarket": null, "algorithm": null, "tradeable": false}, "sectorTrend": {"maxAge": 1, "symbol": null, "estimates": []}, "incomeStatementHistoryQuarterly": {"incomeStatementHistory": [{"maxAge": 1, "endDate": "2020-06-30", "totalRevenue": 2456300000, "costOfRevenue": 930500000, "grossProfit": 1525800000, "researchDevelopment": {}, "sellingGeneralAdministrative": 292900000, "nonRecurring": {}, "otherOperatingExpenses": 239700000, "totalOperatingExpenses": 1552100000, "operatingIncome": 904200000, "totalOtherIncomeExpenseNet": 116000000, "ebit": 904200000, "interestExpense": {}, "incomeBeforeTax": 1020200000, "incomeTaxExpense": 263100000, "minorityInterest": {}, "netIncomeFromContinuingOps": 757100000, "discontinuedOperations": {}, "extraordinaryItems": {}, "effectOfAccountingCharges": {}, "otherItems": {}, "netIncome": 757100000, "netIncomeApplicableToCommonShares": 757100000}, {"maxAge": 1, "endDate": "2020-03-31", "totalRevenue": 2915295000, "costOfRevenue": 1423520000, "grossProfit": 1491775000, "researchDevelopment": {}, "sellingGeneralAdministrative": 342362000, "nonRecurring": {}, "otherOperatingExpenses": 202458000, "totalOperatingExpenses": 2096808000, "operatingIncome": 818487000, "totalOtherIncomeExpenseNet": 122830000, "ebit": 818487000, "interestExpense": {}, "incomeBeforeTax": 941317000, "incomeTaxExpense": 235196000, "minorityInterest": {}, "netIncomeFromContinuingOps": 706121000, "discontinuedOperations": {}, "extraordinaryItems": {}, "effectOfAccountingCharges": {}, "otherItems": {}, "netIncome": 706121000, "netIncomeApplicableToCommonShares": 706121000}, {"maxAge": 1, "endDate": "2019-12-31", "totalRevenue": 3437600000, "costOfRevenue": 1781700000, "grossProfit": 1655900000, "researchDevelopment": {}, "sellingGeneralAdministrative": 305000000, "nonRecurring": {}, "otherOperatingExpenses": 267300000, "totalOperatingExpenses": 2456600000, "operatingIncome": 981000000, "totalOtherIncomeExpenseNet": 110600000, "ebit": 981000000, "interestExpense": {}, "incomeBeforeTax": 1091600000, "incomeTaxExpense": 276800000, "minorityInterest": {}, "netIncomeFromContinuingOps": 814800000, "discontinuedOperations": {}, "extraordinaryItems": {}, "effectOfAccountingCharges": {}, "otherItems": {}, "netIncome": 814800000, "netIncomeApplicableToCommonShares": 814800000}, {"maxAge": 1, "endDate": "2019-09-30", "totalRevenue": 2993800000, "costOfRevenue": 1464400000, "grossProfit": 1529400000, "researchDevelopment": {}, "sellingGeneralAdministrative": 247800000, "nonRecurring": {}, "otherOperatingExpenses": 317100000, "totalOperatingExpenses": 2122300000, "operatingIncome": 871500000, "totalOtherIncomeExpenseNet": 122700000, "ebit": 871500000, "interestExpense": {}, "incomeBeforeTax": 994200000, "incomeTaxExpense": 231000000, "minorityInterest": {}, "netIncomeFromContinuingOps": 763200000, "discontinuedOperations": {}, "extraordinaryItems": {}, "effectOfAccountingCharges": {}, "otherItems": {}, "netIncome": 763200000, "netIncomeApplicableToCommonShares": 763200000}], "maxAge": 86400}, "cashflowStatementHistoryQuarterly": {"cashflowStatements": [{"maxAge": 1, "endDate": "2020-06-30", "netIncome": 757100000, "changeToLiabilities": 0}, {"maxAge": 1, "endDate": "2020-03-31", "netIncome": 706121000, "changeToLiabilities": 0}, {"maxAge": 1, "endDate": "2019-12-31", "netIncome": 814800000, "changeToLiabilities": 0}, {"maxAge": 1, "endDate": "2019-09-30", "netIncome": 763200000, "changeToLiabilities": 0}], "maxAge": 86400}, "insiderHolders": {"holders": [{"maxAge": 1, "name": "Matthews India Fund", "relation": "Institution- Corporation", "url": "", "transactionDescription": "Sale", "latestTransDate": "2020-08-12", "positionDirect": 419884, "positionDirectDate": "2020-08-12"}, {"maxAge": 1, "name": "Smallcap World Fund, Inc.", "relation": "Investment Advisor", "url": "", "transactionDescription": "Acquisition", "latestTransDate": "2013-11-26", "positionDirect": 819345, "positionDirectDate": "2013-11-26"}], "maxAge": 1}, "earnings": {"maxAge": 86400, "earningsChart": {"quarterly": [{"date": "1Q2017", "actual": 29.2, "estimate": 33.92}, {"date": "2Q2017", "actual": 25.8, "estimate": 29.3}, {"date": "3Q2017", "actual": 28.57, "estimate": 24.7}, {"date": "4Q2017", "actual": 32.48, "estimate": 29.9}], "currentQuarterEstimateDate": "1Q", "currentQuarterEstimateYear": 2018, "earningsDate": ["2020-08-03 05:30:S"]}, "financialsChart": {"yearly": [{"date": 2017, "revenue": 9223829000, "earnings": 1515266000}, {"date": 2018, "revenue": 9475712000, "earnings": 1818931000}, {"date": 2019, "revenue": 10990100000, "earnings": 2268443000}, {"date": 2020, "revenue": 12393495000, "earnings": 3040921000}], "quarterly": [{"date": "3Q2019", "revenue": 2993800000, "earnings": 763200000}, {"date": "4Q2019", "revenue": 3437600000, "earnings": 814800000}, {"date": "1Q2020", "revenue": 2915295000, "earnings": 706121000}, {"date": "2Q2020", "revenue": 2456300000, "earnings": 757100000}]}, "financialCurrency": "INR"}, "calendarEvents": {"maxAge": 1, "earnings": {"earningsDate": ["2020-08-03 05:30:S"], "revenueAverage": 3077400000}}, "upgradeDowngradeHistory": {"history": [], "maxAge": 86400}, "price": {"maxAge": 1, "regularMarketChangePercent": 0.009474191, "regularMarketChange": 30.350098, "regularMarketTime": "2021-04-30 15:28:36", "priceHint": 2, "regularMarketPrice": 3233.8, "regularMarketDayHigh": 3265.0, "regularMarketDayLow": 3183.7, "regularMarketVolume": 764, "averageDailyVolume10Day": 584, "averageDailyVolume3Month": 783, "regularMarketPreviousClose": 3203.45, "regularMarketSource": "FREE_REALTIME", "regularMarketOpen": 3265.0, "exchange": "BSE", "exchangeName": "BSE", "exchangeDataDelayedBy": 0, "marketState": "CLOSED", "quoteType": "EQUITY", "symbol": "VSTIND.BO", "underlyingSymbol": null, "shortName": "VST INDUSTRIES LTD.", "longName": "VST Industries Limited", "currency": "INR", "quoteSourceName": "Delayed Quote", "currencySymbol": "\u20b9", "fromCurrency": null, "lastMarket": null, "marketCap": 49936015360}, "balanceSheetHistory": {"balanceSheetStatements": [{"maxAge": 1, "endDate": "2020-03-31", "cash": 262209000, "netReceivables": 153923000, "inventory": 2977385000, "otherCurrentAssets": 690360000, "totalCurrentAssets": 11637545000, "longTermInvestments": 17885000, "propertyPlantEquipment": 1996961000, "intangibleAssets": 543000, "otherAssets": 317456000, "deferredLongTermAssetCharges": 264032000, "totalAssets": 13970390000, "accountsPayable": 1428349000, "otherCurrentLiab": 1293959000, "otherLiab": 198545000, "totalCurrentLiabilities": 5900982000, "totalLiab": 6099527000, "commonStock": 154419000, "retainedEarnings": 7664122000, "treasuryStock": 52322000, "otherStockholderEquity": 52322000, "totalStockholderEquity": 7870863000, "netTangibleAssets": 7870320000}, {"maxAge": 1, "endDate": "2019-03-31", "cash": 263860000, "shortTermInvestments": 5742700000, "netReceivables": 143493000, "inventory": 2818496000, "otherCurrentAssets": 586080000, "totalCurrentAssets": 9566690000, "longTermInvestments": 22598000, "propertyPlantEquipment": 2136358000, "intangibleAssets": 724000, "otherAssets": 322841000, "deferredLongTermAssetCharges": 310146000, "totalAssets": 12049211000, "accountsPayable": 830136000, "otherCurrentLiab": 1066700000, "otherLiab": 184974000, "totalCurrentLiabilities": 5223932000, "totalLiab": 5408906000, "commonStock": 154419000, "retainedEarnings": 6391726000, "treasuryStock": 94160000, "otherStockholderEquity": 94160000, "totalStockholderEquity": 6640305000, "netTangibleAssets": 6639581000}, {"maxAge": 1, "endDate": "2018-03-31", "cash": 285211000, "shortTermInvestments": 4140957000, "netReceivables": 299682000, "inventory": 2528748000, "otherCurrentAssets": 769384000, "totalCurrentAssets": 8048509000, "longTermInvestments": 20261000, "propertyPlantEquipment": 2292834000, "intangibleAssets": 122000, "otherAssets": 279607000, "deferredLongTermAssetCharges": 248165000, "totalAssets": 10641333000, "accountsPayable": 580895000, "otherCurrentLiab": 433911000, "otherLiab": 141515000, "totalCurrentLiabilities": 4678911000, "totalLiab": 4820426000, "commonStock": 154419000, "retainedEarnings": 5566027000, "treasuryStock": 100461000, "otherStockholderEquity": 100461000, "totalStockholderEquity": 5820907000, "netTangibleAssets": 5820785000}, {"maxAge": 1, "endDate": "2017-03-31", "cash": 119209000, "shortTermInvestments": 1718193000, "netReceivables": 133970000, "inventory": 3293102000, "otherCurrentAssets": 194966000, "totalCurrentAssets": 5478831000, "longTermInvestments": 17652000, "propertyPlantEquipment": 2207882000, "intangibleAssets": 412000, "otherAssets": 271702000, "deferredLongTermAssetCharges": 230042000, "totalAssets": 7976479000, "accountsPayable": 559901000, "otherCurrentLiab": 274832000, "otherLiab": 109105000, "totalCurrentLiabilities": 2477663000, "totalLiab": 2586768000, "commonStock": 154419000, "retainedEarnings": 5141011000, "treasuryStock": 94281000, "otherStockholderEquity": 94281000, "totalStockholderEquity": 5389711000, "netTangibleAssets": 5389299000}], "maxAge": 86400}, "earningsTrend": {"trend": [{"maxAge": 1, "period": "0q", "endDate": "2018-03-31", "growth": {}, "earningsEstimate": {"avg": 0.0, "low": 0.0, "high": 0.0, "yearAgoEps": 29.2, "numberOfAnalysts": 0, "growth": {}}, "revenueEstimate": {"avg": 3077400000, "low": 0, "high": 0, "numberOfAnalysts": 0, "yearAgoRevenue": 2270300000, "growth": 0.35599998}, "epsTrend": {"current": 0.0, "7daysAgo": 0.0, "30daysAgo": 0.0, "60daysAgo": 0.0, "90daysAgo": 0.0}, "epsRevisions": {"upLast7days": 0, "upLast30days": 0, "downLast30days": 0, "downLast90days": {}}}, {"maxAge": 1, "period": "+1q", "endDate": "2018-06-30", "growth": {}, "earningsEstimate": {"avg": 0.0, "low": 0.0, "high": 0.0, "yearAgoEps": 25.8, "numberOfAnalysts": 0, "growth": {}}, "revenueEstimate": {"avg": 0, "low": 0, "high": 0, "numberOfAnalysts": 0, "yearAgoRevenue": 2091800000, "growth": {}}, "epsTrend": {"current": 0.0, "7daysAgo": 0.0, "30daysAgo": 0.0, "60daysAgo": 0.0, "90daysAgo": 0.0}, "epsRevisions": {"upLast7days": 0, "upLast30days": 0, "downLast30days": 0, "downLast90days": {}}}, {"maxAge": 1, "period": "0y", "endDate": "2018-03-31", "growth": {}, "earningsEstimate": {"avg": 0.0, "low": 0.0, "high": 0.0, "yearAgoEps": {}, "numberOfAnalysts": 0, "growth": {}}, "revenueEstimate": {"avg": 13824400000, "low": 9737000000, "high": 10245000000, "numberOfAnalysts": 2, "yearAgoRevenue": 9441200000, "growth": 0.46400002}, "epsTrend": {"current": 0.0, "7daysAgo": 124.2, "30daysAgo": 124.2, "60daysAgo": 124.2, "90daysAgo": 124.2}, "epsRevisions": {"upLast7days": 0, "upLast30days": 0, "downLast30days": 0, "downLast90days": {}}}, {"maxAge": 1, "period": "+1y", "endDate": "2019-03-31", "growth": {}, "earningsEstimate": {"avg": 0.0, "low": 0.0, "high": 0.0, "yearAgoEps": {}, "numberOfAnalysts": 0, "growth": {}}, "revenueEstimate": {"avg": 10794000000, "low": 10243000000, "high": 11345000000, "numberOfAnalysts": 2, "yearAgoRevenue": 13824400000, "growth": -0.219}, "epsTrend": {"current": 0.0, "7daysAgo": 152.25, "30daysAgo": 152.25, "60daysAgo": 152.25, "90daysAgo": 152.25}, "epsRevisions": {"upLast7days": 0, "upLast30days": 0, "downLast30days": 0, "downLast90days": {}}}, {"maxAge": 1, "period": "+5y", "endDate": null, "growth": 0.18, "earningsEstimate": {"avg": {}, "low": {}, "high": {}, "yearAgoEps": {}, "numberOfAnalysts": {}, "growth": {}}, "revenueEstimate": {"avg": {}, "low": {}, "high": {}, "numberOfAnalysts": {}, "yearAgoRevenue": {}, "growth": {}}, "epsTrend": {"current": {}, "7daysAgo": {}, "30daysAgo": {}, "60daysAgo": {}, "90daysAgo": {}}, "epsRevisions": {"upLast7days": {}, "upLast30days": {}, "downLast30days": {}, "downLast90days": {}}}, {"maxAge": 1, "period": "-5y", "endDate": null, "growth": {}, "earningsEstimate": {"avg": {}, "low": {}, "high": {}, "yearAgoEps": {}, "numberOfAnalysts": {}, "growth": {}}, "revenueEstimate": {"avg": {}, "low": {}, "high": {}, "numberOfAnalysts": {}, "yearAgoRevenue": {}, "growth": {}}, "epsTrend": {"current": {}, "7daysAgo": {}, "30daysAgo": {}, "60daysAgo": {}, "90daysAgo": {}}, "epsRevisions": {"upLast7days": {}, "upLast30days": {}, "downLast30days": {}, "downLast90days": {}}}], "maxAge": 1}, "financialData": {"maxAge": 86400, "currentPrice": 3233.8, "targetHighPrice": 4000.0, "targetLowPrice": 3620.0, "targetMeanPrice": 3810.0, "targetMedianPrice": 3810.0, "recommendationKey": "none", "numberOfAnalystOpinions": 2, "grossProfits": 6383175000, "financialCurrency": "INR"}}}