{"VSTIND.NS": {"assetProfile": {"address1": "1-7-1063/1065, Azamabad", "city": "Hyderabad", "zip": "500020", "country": "India", "phone": "91 40 2768 8000", "fax": "91 40 2761 5336", "website": "http://www.vsthyd.com", "industry": "Tobacco", "sector": "Consumer Defensive", "longBusinessSummary": "VST Industries Limited manufactures and sells tobacco and its related products in India and internationally. It also offers leaf and unmanufactured tobacco, and cigarettes that contain tobacco. The company was formerly known as Vazir Sultan Tobacco Company Limited and changed its name to VST Industries Limited in April 1983. VST Industries Limited was incorporated in 1930 and is based in Hyderabad, India.", "companyOfficers": [{"maxAge": 1, "name": "Mr. Anish  Gupta", "age": 48, "title": "Chief Financial Officer", "yearBorn": 1972, "fiscalYear": 2020, "totalPay": 11614605, "exercisedValue": 0, "unexercisedValue": 0}, {"maxAge": 1, "name": "Mr. Phani K. Mangipudi", "age": 40, "title": "Head of Legal & Secretarial, Compliance Officer and Company Sec.", "yearBorn": 1980, "fiscalYear": 2020, "totalPay": 7833132, "exercisedValue": 0, "unexercisedValue": 0}, {"maxAge": 1, "name": "Mr. Aditya Deb Gooptu", "age": 48, "title": "Additional Director, MD & CEO", "yearBorn": 1972, "exercisedValue": 0, "unexercisedValue": 0}, {"maxAge": 1, "name": "Gopi  A.", "age": 57, "title": "VP of Technical", "yearBorn": 1963, "fiscalYear": 2019, "exercisedValue": 0, "unexercisedValue": 0}, {"maxAge": 1, "name": "Mr. Kalyan  Basu", "age": 50, "title": "VP of Marketing", "yearBorn": 1970, "fiscalYear": 2019, "exercisedValue": 0, "unexercisedValue": 0}, {"maxAge": 1, "name": "Mr. S.  Sriram", "age": 53, "title": "VP of Human Resource", "yearBorn": 1967, "fiscalYear": 2019, "exercisedValue": 0, "unexercisedValue": 0}, {"maxAge": 1, "name": "Mr. Y. Madhava Reddy", "age": 67, "title": "VP of Leaf", "yearBorn": 1953, "fiscalYear": 2010, "exercisedValue": 0, "unexercisedValue": 0}, {"maxAge": 1, "name": "Mr. Sanjay  Khanna", "age": 64, "title": "Corp. Gen. Counsel", "yearBorn": 1956, "fiscalYear": 2010, "exercisedValue": 0, "unexercisedValue": 0}, {"maxAge": 1, "name": "Dr. T. Lakshmi Narasaiah", "age": 54, "title": "VP of Leaf", "yearBorn": 1966, "fiscalYear": 2019, "exercisedValue": 0, "unexercisedValue": 0}, {"maxAge": 1, "name": "Mr. Rohit  Sahni", "title": "VP of Marketing", "fiscalYear": 2019, "exercisedValue": 0, "unexercisedValue": 0}], "compensationAsOfEpochDate": "2020-12-31 05:30:00", "maxAge": 86400}, "recommendationTrend": {"trend": [{"period": "0m", "strongBuy": 0, "buy": 0, "hold": 0, "sell": 0, "strongSell": 0}, {"period": "-1m", "strongBuy": 1, "buy": 2, "hold": 0, "sell": 0, "strongSell": 0}, {"period": "-2m", "strongBuy": 1, "buy": 2, "hold": 0, "sell": 0, "strongSell": 0}, {"period": "-3m", "strongBuy": 1, "buy": 2, "hold": 0, "sell": 0, "strongSell": 0}], "maxAge": 86400}, "cashflowStatementHistory": {"cashflowStatements": [{"maxAge": 1, "endDate": "2021-03-31", "netIncome": 3107900000, "depreciation": 350700000, "changeToNetincome": -416000000, "changeToAccountReceivables": -1700000, "changeToLiabilities": -113700000, "changeToInventory": 5600000, "changeToOperatingActivities": -71100000, "totalCashFromOperatingActivities": 2861700000, "capitalExpenditures": -463700000, "investments": -977100000, "otherCashflowsFromInvestingActivities": 800000, "totalCashflowsFromInvestingActivities": -1439700000, "dividendsPaid": -1590500000, "totalCashFromFinancingActivities": -1590500000, "changeInCash": -168500000}, {"maxAge": 1, "endDate": "2020-03-31", "netIncome": 3040921000, "depreciation": 417387000, "changeToNetincome": -349766000, "changeToAccountReceivables": -131382000, "changeToLiabilities": 496027000, "changeToInventory": -158889000, "changeToOperatingActivities": -71100000, "totalCashFromOperatingActivities": 3314479000, "capitalExpenditures": -219216000, "investments": -1332909000, "otherCashflowsFromInvestingActivities": 1714000, "totalCashflowsFromInvestingActivities": -1547605000, "dividendsPaid": -1466982000, "otherCashflowsFromFinancingActivities": -301543000, "totalCashFromFinancingActivities": -1768525000, "changeInCash": -1651000}, {"maxAge": 1, "endDate": "2019-03-31", "netIncome": 2268443000, "depreciation": 413330000, "changeToNetincome": -410863000, "changeToAccountReceivables": 334265000, "changeToLiabilities": 586081000, "changeToInventory": -289748000, "changeToOperatingActivities": -71100000, "totalCashFromOperatingActivities": 2901631000, "capitalExpenditures": -258898000, "investments": -1223497000, "otherCashflowsFromInvestingActivities": 971000, "totalCashflowsFromInvestingActivities": -1480238000, "dividendsPaid": -1196749000, "otherCashflowsFromFinancingActivities": -245995000, "totalCashFromFinancingActivities": -1442744000, "changeInCash": -21351000}, {"maxAge": 1, "endDate": "2018-03-31", "netIncome": 1818931000, "depreciation": 391351000, "changeToNetincome": -270034000, "changeToAccountReceivables": -714512000, "changeToLiabilities": 2210849000, "changeToInventory": 764355000, "changeToOperatingActivities": -71100000, "totalCashFromOperatingActivities": 4201230000, "capitalExpenditures": -454132000, "investments": -2210648000, "otherCashflowsFromInvestingActivities": 1248000, "totalCashflowsFromInvestingActivities": -2641313000, "dividendsPaid": -1158144000, "otherCashflowsFromFinancingActivities": -235771000, "totalCashFromFinancingActivities": -1393915000, "changeInCash": 166002000}], "maxAge": 86400}, "indexTrend": {"maxAge": 1, "symbol": "SP5", "peRatio": 19.7411, "pegRatio": 1.34172, "estimates": [{"period": "0q", "growth": 0.549}, {"period": "+1q", "growth": 0.431}, {"period": "0y", "growth": 0.305}, {"period": "+1y", "growth": 0.109}, {"period": "+5y", "growth": 0.120865}, {"period": "-5y"}]}, "defaultKeyStatistics": {"maxAge": 1, "priceHint": 2, "enterpriseValue": 40375144448, "forwardPE": 22.086868, "profitMargins": 0.27974, "floatShares": 1896946, "sharesOutstanding": 15441900, "heldPercentInsiders": 0.68095, "heldPercentInstitutions": 0.19926001, "beta": 0.409776, "category": null, "bookValue": 609.097, "priceToBook": 5.3014545, "fundFamily": null, "legalType": null, "lastFiscalYearEnd": "2021-03-31 05:30:00", "nextFiscalYearEnd": "2023-03-31 05:30:00", "mostRecentQuarter": "2021-03-31 05:30:00", "earningsQuarterlyGrowth": 0.031, "netIncomeToCommon": 3107899904, "trailingEps": 201.27, "forwardEps": 140.9, "pegRatio": 1.5, "lastSplitFactor": null, "enterpriseToRevenue": 3.634, "enterpriseToEbitda": 9.833}, "industryTrend": {"maxAge": 1, "symbol": null, "estimates": []}, "quoteType": {"exchange": "NSI", "quoteType": "EQUITY", "symbol": "VSTIND.NS", "underlyingSymbol": "VSTIND.NS", "shortName": "VST INDUSTRIES", "longName": "VST Industries Limited", "firstTradeDateEpochUtc": "2002-07-01 09:15:00", "timeZoneFullName": "Asia/Kolkata", "timeZoneShortName": "IST", "uuid": "2ab4d00e-68a9-3e00-a544-96a5a6d3a401", "gmtOffSetMilliseconds": 19800000, "maxAge": 1}, "incomeStatementHistory": {"incomeStatementHistory": [{"maxAge": 1, "endDate": "2021-03-31", "totalRevenue": 11109800000, "costOfRevenue": 4789000000, "grossProfit": 6320800000, "researchDevelopment": {}, "sellingGeneralAdministrative": 1144200000, "nonRecurring": {}, "otherOperatingExpenses": 1070700000, "totalOperatingExpenses": 7354600000, "operatingIncome": 3755200000, "totalOtherIncomeExpenseNet": 417800000, "ebit": 3755200000, "interestExpense": {}, "incomeBeforeTax": 4173000000, "incomeTaxExpense": 1065100000, "minorityInterest": {}, "netIncomeFromContinuingOps": 3107900000, "discontinuedOperations": {}, "extraordinaryItems": {}, "effectOfAccountingCharges": {}, "otherItems": {}, "netIncome": 3107900000, "netIncomeApplicableToCommonShares": 3107900000}, {"maxAge": 1, "endDate": "2020-03-31", "totalRevenue": 12393495000, "costOfRevenue": 6010320000, "grossProfit": 6383175000, "researchDevelopment": {}, "sellingGeneralAdministrative": 1153862000, "nonRecurring": {}, "otherOperatingExpenses": 1082858000, "totalOperatingExpenses": 8664608000, "operatingIncome": 3728887000, "totalOtherIncomeExpenseNet": 473630000, "ebit": 3728887000, "interestExpense": {}, "incomeBeforeTax": 4202517000, "incomeTaxExpense": 1161596000, "minorityInterest": {}, "netIncomeFromContinuingOps": 3040921000, "discontinuedOperations": {}, "extraordinaryItems": {}, "effectOfAccountingCharges": {}, "otherItems": {}, "netIncome": 3040921000, "netIncomeApplicableToCommonShares": 3040921000}, {"maxAge": 1, "endDate": "2019-03-31", "totalRevenue": 10990100000, "costOfRevenue": 5520795000, "grossProfit": 5469305000, "researchDevelopment": {}, "sellingGeneralAdministrative": 1004023000, "nonRecurring": {}, "otherOperatingExpenses": 934083000, "totalOperatingExpenses": 7872354000, "operatingIncome": 3117746000, "totalOtherIncomeExpenseNet": 388999000, "ebit": 3117746000, "interestExpense": {}, "incomeBeforeTax": 3506745000, "incomeTaxExpense": 1238302000, "minorityInterest": {}, "netIncomeFromContinuingOps": 2268443000, "discontinuedOperations": {}, "extraordinaryItems": {}, "effectOfAccountingCharges": {}, "otherItems": {}, "netIncome": 2268443000, "netIncomeApplicableToCommonShares": 2268443000}, {"maxAge": 1, "endDate": "2018-03-31", "totalRevenue": 9475712000, "costOfRevenue": 4718374000, "grossProfit": 4757338000, "researchDevelopment": {}, "sellingGeneralAdministrative": 991829000, "nonRecurring": {}, "otherOperatingExpenses": 825569000, "totalOperatingExpenses": 6927413000, "operatingIncome": 2548299000, "totalOtherIncomeExpenseNet": 246240000, "ebit": 2548299000, "interestExpense": {}, "incomeBeforeTax": 2794539000, "incomeTaxExpense": 975608000, "minorityInterest": {}, "netIncomeFromContinuingOps": 1818931000, "discontinuedOperations": {}, "extraordinaryItems": {}, "effectOfAccountingCharges": {}, "otherItems": {}, "netIncome": 1818931000, "netIncomeApplicableToCommonShares": 1818931000}], "maxAge": 86400}, "fundOwnership": {"ownershipList": [{"maxAge": 1, "reportDate": "2020-12-31", "organization": "Matthews International  Fds-Matthews India Fd", "pctHeld": 0.0224, "position": 345776, "value": 1280892614}, {"maxAge": 1, "reportDate": "2021-01-31", "organization": "DFA Emerging Markets Core Equity Portfolio", "pctHeld": 0.0018000001, "position": 28150, "value": 99290680}, {"maxAge": 1, "reportDate": "2021-01-31", "organization": "DFA Emerging Markets Small Cap Series", "pctHeld": 0.0018000001, "position": 27985, "value": 98708692}, {"maxAge": 1, "reportDate": "2021-03-31", "organization": "SPDR Portfolio Emerging Markets ETF", "pctHeld": 0.0011999999, "position": 19187, "value": 65026661}, {"maxAge": 1, "reportDate": "2021-02-28", "organization": "WisdomTree Tr-WisdomTree India Earnings Fd", "pctHeld": 0.00029999999, "position": 3948, "value": 13545390}, {"maxAge": 1, "reportDate": "2021-01-31", "organization": "DFA T.A. World Ex U.S. Core Equity Portfolio", "pctHeld": 0.0001, "position": 1793, "value": 6324269}, {"maxAge": 1, "reportDate": "2021-01-31", "organization": "DFA Investment Dimensions-World Ex U.S. Core Equity Port", "pctHeld": 0.0001, "position": 1677, "value": 5915114}], "maxAge": 1}, "summaryDetail": {"maxAge": 1, "priceHint": 2, "previousClose": 3201.3, "open": 3218.0, "dayLow": 3196.05, "dayHigh": 3238.0, "regularMarketPreviousClose": 3201.3, "regularMarketOpen": 3218.0, "regularMarketDayLow": 3196.05, "regularMarketDayHigh": 3238.0, "dividendRate": 114.0, "dividendYield": 0.0356, "exDividendDate": "2021-07-19 05:30:00", "payoutRatio": 0.5118, "fiveYearAvgDividendYield": 2.71, "beta": 0.409776, "trailingPE": 16.043623, "forwardPE": 22.917673, "volume": 3581, "regularMarketVolume": 3581, "averageVolume": 9425, "averageVolume10days": 5940, "averageDailyVolume10Day": 5940, "bid": 0.0, "ask": 0.0, "bidSize": 0, "askSize": 0, "marketCap": 49897021440, "fiftyTwoWeekLow": 2712.0, "fiftyTwoWeekHigh": 4538.2, "priceToSalesTrailing12Months": 4.491262, "fiftyDayAverage": 3448.3516, "twoHundredDayAverage": 3541.861, "trailingAnnualDividendRate": 114.0, "trailingAnnualDividendYield": 0.035610534, "currency": "INR", "fromCurrency": null, "lastMarket": null, "algorithm": null, "tradeable": false}, "insiderHolders": {"holders": [{"maxAge": 1, "name": "Matthews India Fund", "relation": "Institution- Corporation", "url": "", "transactionDescription": "Sale", "latestTransDate": "2020-08-12", "positionDirect": 419884, "positionDirectDate": "2020-08-12"}, {"maxAge": 1, "name": "Smallcap World Fund, Inc.", "relation": "Investment Advisor", "url": "", "transactionDescription": "Acquisition", "latestTransDate": "2013-11-26", "positionDirect": 819345, "positionDirectDate": "2013-11-26"}], "maxAge": 1}, "calendarEvents": {"maxAge": 1, "earnings": {"earningsDate": []}, "exDividendDate": "2021-07-19 05:30:00"}, "upgradeDowngradeHistory": {"history": [], "maxAge": 86400}, "price": {"maxAge": 1, "regularMarketChangePercent": 0.008683987, "regularMarketChange": 27.800049, "regularMarketTime": "2021-04-30 15:29:57", "priceHint": 2, "regularMarketPrice": 3229.1, "regularMarketDayHigh": 3238.0, "regularMarketDayLow": 3196.05, "regularMarketVolume": 3581, "averageDailyVolume10Day": 5940, "averageDailyVolume3Month": 9425, "regularMarketPreviousClose": 3201.3, "regularMarketSource": "FREE_REALTIME", "regularMarketOpen": 3218.0, "exchange": "NSI", "exchangeName": "NSE", "exchangeDataDelayedBy": 15, "marketState": "CLOSED", "quoteType": "EQUITY", "symbol": "VSTIND.NS", "underlyingSymbol": null, "shortName": "VST INDUSTRIES", "longName": "VST Industries Limited", "currency": "INR", "quoteSourceName": "Delayed Quote", "currencySymbol": "\u20b9", "fromCurrency": null, "lastMarket": null, "marketCap": 49897021440}, "balanceSheetHistory": {"balanceSheetStatements": [{"maxAge": 1, "endDate": "2021-03-31", "cash": 208300000, "shortTermInvestments": 8844300000, "netReceivables": 160200000, "inventory": 2971800000, "otherCurrentAssets": 322700000, "totalCurrentAssets": 12507300000, "longTermInvestments": 27200000, "propertyPlantEquipment": 2059800000, "intangibleAssets": 300000, "otherAssets": 263300000, "deferredLongTermAssetCharges": 252400000, "totalAssets": 14857900000, "accountsPayable": 1314600000, "otherCurrentLiab": 3918100000, "otherLiab": 220800000, "totalCurrentLiabilities": 5232700000, "totalLiab": 5453500000, "commonStock": 154400000, "treasuryStock": 9250000000, "otherStockholderEquity": 9250000000, "totalStockholderEquity": 9404400000, "netTangibleAssets": 9404100000}, {"maxAge": 1, "endDate": "2020-03-31", "cash": 262209000, "netReceivables": 153923000, "inventory": 2977385000, "otherCurrentAssets": 690360000, "totalCurrentAssets": 11637545000, "longTermInvestments": 17885000, "propertyPlantEquipment": 1996961000, "intangibleAssets": 543000, "otherAssets": 317456000, "deferredLongTermAssetCharges": 264032000, "totalAssets": 13970390000, "accountsPayable": 1428349000, "otherCurrentLiab": 1293959000, "otherLiab": 198545000, "totalCurrentLiabilities": 5900982000, "totalLiab": 6099527000, "commonStock": 154419000, "retainedEarnings": 7664122000, "treasuryStock": 52322000, "otherStockholderEquity": 52322000, "totalStockholderEquity": 7870863000, "netTangibleAssets": 7870320000}, {"maxAge": 1, "endDate": "2019-03-31", "cash": 263860000, "shortTermInvestments": 5742700000, "netReceivables": 143493000, "inventory": 2818496000, "otherCurrentAssets": 586080000, "totalCurrentAssets": 9566690000, "longTermInvestments": 22598000, "propertyPlantEquipment": 2136358000, "intangibleAssets": 724000, "otherAssets": 322841000, "deferredLongTermAssetCharges": 310146000, "totalAssets": 12049211000, "accountsPayable": 830136000, "otherCurrentLiab": 1066700000, "otherLiab": 184974000, "totalCurrentLiabilities": 5223932000, "totalLiab": 5408906000, "commonStock": 154419000, "retainedEarnings": 6391726000, "treasuryStock": 94160000, "otherStockholderEquity": 94160000, "totalStockholderEquity": 6640305000, "netTangibleAssets": 6639581000}, {"maxAge": 1, "endDate": "2018-03-31", "cash": 285211000, "shortTermInvestments": 4140957000, "netReceivables": 299682000, "inventory": 2528748000, "otherCurrentAssets": 769384000, "totalCurrentAssets": 8048509000, "longTermInvestments": 20261000, "propertyPlantEquipment": 2292834000, "intangibleAssets": 122000, "otherAssets": 279607000, "deferredLongTermAssetCharges": 248165000, "totalAssets": 10641333000, "accountsPayable": 580895000, "otherCurrentLiab": 433911000, "otherLiab": 141515000, "totalCurrentLiabilities": 4678911000, "totalLiab": 4820426000, "commonStock": 154419000, "retainedEarnings": 5566027000, "treasuryStock": 100461000, "otherStockholderEquity": 100461000, "totalStockholderEquity": 5820907000, "netTangibleAssets": 5820785000}], "maxAge": 86400}, "earningsTrend": {"trend": [{"maxAge": 1, "period": "0q", "endDate": "2018-03-31", "growth": {}, "earningsEstimate": {"avg": 0.0, "low": 0.0, "high": 0.0, "yearAgoEps": 29.2, "numberOfAnalysts": 0, "growth": {}}, "revenueEstimate": {"avg": 0, "low": 0, "high": 0, "numberOfAnalysts": 0, "yearAgoRevenue": {}, "growth": {}}, "epsTrend": {"current": 0.0, "7daysAgo": 0.0, "30daysAgo": 0.0, "60daysAgo": 0.0, "90daysAgo": 0.0}, "epsRevisions": {"upLast7days": 0, "upLast30days": 0, "downLast30days": 0, "downLast90days": {}}}, {"maxAge": 1, "period": "+1q", "endDate": "2018-06-30", "growth": {}, "earningsEstimate": {"avg": 0.0, "low": 0.0, "high": 0.0, "yearAgoEps": 25.8, "numberOfAnalysts": 0, "growth": {}}, "revenueEstimate": {"avg": 0, "low": 0, "high": 0, "numberOfAnalysts": 0, "yearAgoRevenue": {}, "growth": {}}, "epsTrend": {"current": 0.0, "7daysAgo": 0.0, "30daysAgo": 0.0, "60daysAgo": 0.0, "90daysAgo": 0.0}, "epsRevisions": {"upLast7days": 0, "upLast30days": 0, "downLast30days": 0, "downLast90days": {}}}, {"maxAge": 1, "period": "0y", "endDate": "2018-03-31", "growth": 0.147, "earningsEstimate": {"avg": 124.2, "low": 119.8, "high": 128.6, "yearAgoEps": 108.28, "numberOfAnalysts": 2, "growth": 0.147}, "revenueEstimate": {"avg": 9991000000, "low": 9737000000, "high": 10245000000, "numberOfAnalysts": 2, "yearAgoRevenue": 9441200000, "growth": 0.058000002}, "epsTrend": {"current": 124.2, "7daysAgo": 124.2, "30daysAgo": 129.15, "60daysAgo": 129.15, "90daysAgo": 127.4}, "epsRevisions": {"upLast7days": 0, "upLast30days": 0, "downLast30days": 0, "downLast90days": {}}}, {"maxAge": 1, "period": "+1y", "endDate": "2019-03-31", "growth": 0.177, "earningsEstimate": {"avg": 146.2, "low": 144.5, "high": 147.9, "yearAgoEps": 124.2, "numberOfAnalysts": 2, "growth": 0.177}, "revenueEstimate": {"avg": 10916500000, "low": 10830000000, "high": 11003000000, "numberOfAnalysts": 2, "yearAgoRevenue": 9991000000, "growth": 0.093}, "epsTrend": {"current": 146.2, "7daysAgo": 146.2, "30daysAgo": 153.4, "60daysAgo": 153.4, "90daysAgo": 151.8}, "epsRevisions": {"upLast7days": 0, "upLast30days": 0, "downLast30days": 0, "downLast90days": {}}}, {"maxAge": 1, "period": "+5y", "endDate": null, "growth": 0.18, "earningsEstimate": {"avg": {}, "low": {}, "high": {}, "yearAgoEps": {}, "numberOfAnalysts": {}, "growth": {}}, "revenueEstimate": {"avg": {}, "low": {}, "high": {}, "numberOfAnalysts": {}, "yearAgoRevenue": {}, "growth": {}}, "epsTrend": {"current": {}, "7daysAgo": {}, "30daysAgo": {}, "60daysAgo": {}, "90daysAgo": {}}, "epsRevisions": {"upLast7days": {}, "upLast30days": {}, "downLast30days": {}, "downLast90days": {}}}, {"maxAge": 1, "period": "-5y", "endDate": null, "growth": 0.06368, "earningsEstimate": {"avg": {}, "low": {}, "high": {}, "yearAgoEps": {}, "numberOfAnalysts": {}, "growth": {}}, "revenueEstimate": {"avg": {}, "low": {}, "high": {}, "numberOfAnalysts": {}, "yearAgoRevenue": {}, "growth": {}}, "epsTrend": {"current": {}, "7daysAgo": {}, "30daysAgo": {}, "60daysAgo": {}, "90daysAgo": {}}, "epsRevisions": {"upLast7days": {}, "upLast30days": {}, "downLast30days": {}, "downLast90days": {}}}], "maxAge": 1}, "institutionOwnership": {"ownershipList": [], "maxAge": 1}, "majorHoldersBreakdown": {"maxAge": 1, "insidersPercentHeld": 0.68095, "institutionsPercentHeld": 0.19926001, "institutionsFloatPercentHeld": 0.62454, "institutionsCount": 22}, "balanceSheetHistoryQuarterly": {"balanceSheetStatements": [{"maxAge": 1, "endDate": "2021-03-31", "cash": 208300000, "shortTermInvestments": 8844300000, "netReceivables": 160200000, "inventory": 2971800000, "otherCurrentAssets": 322700000, "totalCurrentAssets": 12507300000, "longTermInvestments": 27200000, "propertyPlantEquipment": 2059800000, "intangibleAssets": 300000, "otherAssets": 263300000, "deferredLongTermAssetCharges": 252400000, "totalAssets": 14857900000, "accountsPayable": 1314600000, "otherCurrentLiab": 3918100000, "otherLiab": 220800000, "totalCurrentLiabilities": 5232700000, "totalLiab": 5453500000, "commonStock": 154400000, "treasuryStock": 9250000000, "otherStockholderEquity": 9250000000, "totalStockholderEquity": 9404400000, "netTangibleAssets": 9404100000}, {"maxAge": 1, "endDate": "2020-12-31", "totalStockholderEquity": 7933500000, "netTangibleAssets": 7933100000}, {"maxAge": 1, "endDate": "2020-09-30", "cash": 254500000, "shortTermInvestments": 7369200000, "netReceivables": 188200000, "inventory": 3361700000, "otherCurrentAssets": 424000000, "totalCurrentAssets": 11597600000, "longTermInvestments": 20100000, "propertyPlantEquipment": 1862500000, "intangibleAssets": 400000, "otherAssets": 307600000, "deferredLongTermAssetCharges": 256900000, "totalAssets": 13788200000, "accountsPayable": 1204400000, "otherCurrentLiab": 4419200000, "otherLiab": 231100000, "totalCurrentLiabilities": 5623600000, "totalLiab": 5854700000, "commonStock": 154400000, "treasuryStock": 7779100000, "otherStockholderEquity": 7779100000, "totalStockholderEquity": 7933500000, "netTangibleAssets": 7933100000}, {"maxAge": 1, "endDate": "2020-06-30", "totalStockholderEquity": 7870863000, "netTangibleAssets": 7870320000}], "maxAge": 86400}, "earningsHistory": {"history": [{"maxAge": 1, "epsActual": 29.2, "epsEstimate": 33.92, "epsDifference": -4.72, "surprisePercent": -0.139, "quarter": "2017-03-31", "period": "-4q"}, {"maxAge": 1, "epsActual": 25.8, "epsEstimate": 29.3, "epsDifference": -3.5, "surprisePercent": -0.118999995, "quarter": "2017-06-30", "period": "-3q"}, {"maxAge": 1, "epsActual": 28.57, "epsEstimate": 24.7, "epsDifference": 3.87, "surprisePercent": 0.157, "quarter": "2017-09-30", "period": "-2q"}, {"maxAge": 1, "epsActual": 32.48, "epsEstimate": 29.9, "epsDifference": 2.58, "surprisePercent": 0.086, "quarter": "2017-12-31", "period": "-1q"}], "maxAge": 86400}, "summaryProfile": {"address1": "1-7-1063/1065, Azamabad", "city": "Hyderabad", "zip": "500020", "country": "India", "phone": "91 40 2768 8000", "fax": "91 40 2761 5336", "website": "http://www.vsthyd.com", "industry": "Tobacco", "sector": "Consumer Defensive", "longBusinessSummary": "VST Industries Limited manufactures and sells tobacco and its related products in India and internationally. It also offers leaf and unmanufactured tobacco, and cigarettes that contain tobacco. The company was formerly known as Vazir Sultan Tobacco Company Limited and changed its name to VST Industries Limited in April 1983. VST Industries Limited was incorporated in 1930 and is based in Hyderabad, India.", "companyOfficers": [], "maxAge": 86400}, "netSharePurchaseActivity": {"maxAge": 1, "period": "6m", "buyInfoCount": 0, "buyInfoShares": 0, "sellInfoCount": 0, "netInfoCount": 0, "netInfoShares": 0, "netPercentInsiderShares": 0.0, "totalInsiderShares": 10513798}, "insiderTransactions": {"transactions": [{"maxAge": 1, "shares": 361520, "filerUrl": "", "transactionText": "", "filerName": "Matthews India Fund", "filerRelation": "Institution- Corporation", "moneyText": "", "startDate": "2020-08-12", "ownership": "D"}, {"maxAge": 1, "shares": 2897, "filerUrl": "", "transactionText": "Sale at price 0.00 per share.", "filerName": "Matthews India Fund", "filerRelation": "Institution- Corporation", "moneyText": "", "startDate": "2020-01-24", "ownership": "D"}, {"maxAge": 1, "shares": 59139, "filerUrl": "", "transactionText": "", "filerName": "Smallcap World Fund, Inc.", "filerRelation": "Investment Advisor", "moneyText": "", "startDate": "2013-11-26", "ownership": "D"}], "maxAge": 1}, "sectorTrend": {"maxAge": 1, "symbol": null, "estimates": []}, "incomeStatementHistoryQuarterly": {"incomeStatementHistory": [{"maxAge": 1, "endDate": "2021-03-31", "totalRevenue": 2781200000, "costOfRevenue": 1214500000, "grossProfit": 1566700000, "researchDevelopment": {}, "sellingGeneralAdministrative": 276100000, "nonRecurring": {}, "otherOperatingExpenses": 307900000, "totalOperatingExpenses": 1877000000, "operatingIncome": 904200000, "totalOtherIncomeExpenseNet": 63100000, "ebit": 904200000, "interestExpense": {}, "incomeBeforeTax": 967300000, "incomeTaxExpense": 239000000, "minorityInterest": {}, "netIncomeFromContinuingOps": 728300000, "discontinuedOperations": {}, "extraordinaryItems": {}, "effectOfAccountingCharges": {}, "otherItems": {}, "netIncome": 728300000, "netIncomeApplicableToCommonShares": 728300000}, {"maxAge": 1, "endDate": "2020-12-31", "totalRevenue": 2869000000, "costOfRevenue": 1293700000, "grossProfit": 1575300000, "researchDevelopment": {}, "sellingGeneralAdministrative": 294000000, "nonRecurring": {}, "otherOperatingExpenses": 281800000, "totalOperatingExpenses": 1963500000, "operatingIncome": 905500000, "totalOtherIncomeExpenseNet": 91800000, "ebit": 905500000, "interestExpense": {}, "incomeBeforeTax": 997300000, "incomeTaxExpense": 260200000, "minorityInterest": {}, "netIncomeFromContinuingOps": 737100000, "discontinuedOperations": {}, "extraordinaryItems": {}, "effectOfAccountingCharges": {}, "otherItems": {}, "netIncome": 737100000, "netIncomeApplicableToCommonShares": 737100000}, {"maxAge": 1, "endDate": "2020-09-30", "totalRevenue": 3003300000, "costOfRevenue": 1350300000, "grossProfit": 1653000000, "researchDevelopment": {}, "sellingGeneralAdministrative": 281200000, "nonRecurring": {}, "otherOperatingExpenses": 241300000, "totalOperatingExpenses": 1962000000, "operatingIncome": 1041300000, "totalOtherIncomeExpenseNet": 146900000, "ebit": 1041300000, "interestExpense": {}, "incomeBeforeTax": 1188200000, "incomeTaxExpense": 302800000, "minorityInterest": {}, "netIncomeFromContinuingOps": 885400000, "discontinuedOperations": {}, "extraordinaryItems": {}, "effectOfAccountingCharges": {}, "otherItems": {}, "netIncome": 885400000, "netIncomeApplicableToCommonShares": 885400000}, {"maxAge": 1, "endDate": "2020-06-30", "totalRevenue": 2456300000, "costOfRevenue": 930500000, "grossProfit": 1525800000, "researchDevelopment": {}, "sellingGeneralAdministrative": 292900000, "nonRecurring": {}, "otherOperatingExpenses": 239700000, "totalOperatingExpenses": 1552100000, "operatingIncome": 904200000, "totalOtherIncomeExpenseNet": 116000000, "ebit": 904200000, "interestExpense": {}, "incomeBeforeTax": 1020200000, "incomeTaxExpense": 263100000, "minorityInterest": {}, "netIncomeFromContinuingOps": 757100000, "discontinuedOperations": {}, "extraordinaryItems": {}, "effectOfAccountingCharges": {}, "otherItems": {}, "netIncome": 757100000, "netIncomeApplicableToCommonShares": 757100000}], "maxAge": 86400}, "cashflowStatementHistoryQuarterly": {"cashflowStatements": [{"maxAge": 1, "endDate": "2021-03-31", "netIncome": 728300000, "changeToLiabilities": 0}, {"maxAge": 1, "endDate": "2020-12-31", "netIncome": 737100000, "changeToLiabilities": 0}, {"maxAge": 1, "endDate": "2020-09-30", "netIncome": 885400000, "changeToLiabilities": 0}, {"maxAge": 1, "endDate": "2020-06-30", "netIncome": 757100000, "changeToLiabilities": 0}], "maxAge": 86400}, "earnings": {"maxAge": 86400, "earningsChart": {"quarterly": [{"date": "1Q2017", "actual": 29.2, "estimate": 33.92}, {"date": "2Q2017", "actual": 25.8, "estimate": 29.3}, {"date": "3Q2017", "actual": 28.57, "estimate": 24.7}, {"date": "4Q2017", "actual": 32.48, "estimate": 29.9}], "currentQuarterEstimateDate": "1Q", "currentQuarterEstimateYear": 2018, "earningsDate": []}, "financialsChart": {"yearly": [{"date": 2018, "revenue": 9475712000, "earnings": 1818931000}, {"date": 2019, "revenue": 10990100000, "earnings": 2268443000}, {"date": 2020, "revenue": 12393495000, "earnings": 3040921000}, {"date": 2021, "revenue": 11109800000, "earnings": 3107900000}], "quarterly": [{"date": "2Q2020", "revenue": 2456300000, "earnings": 757100000}, {"date": "3Q2020", "revenue": 3003300000, "earnings": 885400000}, {"date": "4Q2020", "revenue": 2869000000, "earnings": 737100000}, {"date": "1Q2021", "revenue": 2781200000, "earnings": 728300000}]}, "financialCurrency": "INR"}, "financialData": {"maxAge": 86400, "currentPrice": 3229.1, "targetHighPrice": 3840.0, "targetLowPrice": 3253.0, "targetMeanPrice": 3546.5, "targetMedianPrice": 3546.5, "recommendationMean": 2.0, "recommendationKey": "buy", "numberOfAnalystOpinions": 2, "totalCash": 9052600320, "totalCashPerShare": 586.312, "ebitda": 4105900032, "totalDebt": 0, "quickRatio": 1.761, "currentRatio": 2.39, "totalRevenue": 11109799936, "revenuePerShare": 719.479, "returnOnAssets": 0.16283001, "returnOnEquity": 0.35981, "grossProfits": 6320800000, "freeCashflow": 1974375040, "operatingCashflow": 2861700096, "earningsGrowth": 0.031, "revenueGrowth": -0.046, "grossMargins": 0.56894, "ebitdaMargins": 0.36957002, "operatingMargins": 0.33800998, "profitMargins": 0.27974, "financialCurrency": "INR"}}}