{"VTMLTD.BO": {"cashflowStatementHistory": {"cashflowStatements": [{"maxAge": 1, "endDate": "2020-03-31", "netIncome": 121039000, "depreciation": 76313000, "changeToNetincome": -76479000, "changeToAccountReceivables": 74639000, "changeToLiabilities": 69571000, "changeToInventory": -22890000, "changeToOperatingActivities": 8676000, "totalCashFromOperatingActivities": 250869000, "capitalExpenditures": -164027000, "investments": -79498000, "otherCashflowsFromInvestingActivities": 17829000, "totalCashflowsFromInvestingActivities": -197257000, "dividendsPaid": -87294000, "netBorrowings": 13889000, "otherCashflowsFromFinancingActivities": -506000, "totalCashFromFinancingActivities": -73911000, "changeInCash": -20299000}, {"maxAge": 1, "endDate": "2019-03-31", "netIncome": 102153000, "depreciation": 76313000, "changeToNetincome": -76479000, "changeToAccountReceivables": 74639000, "changeToLiabilities": 0, "changeToInventory": -22890000, "changeToOperatingActivities": 8676000, "totalCashFromOperatingActivities": 250869000, "capitalExpenditures": -164027000, "investments": -79498000, "otherCashflowsFromInvestingActivities": 17829000, "totalCashflowsFromInvestingActivities": -197257000, "dividendsPaid": -87294000, "netBorrowings": 13889000, "otherCashflowsFromFinancingActivities": -506000, "totalCashFromFinancingActivities": -73911000, "changeInCash": -20299000}, {"maxAge": 1, "endDate": "2018-03-31", "netIncome": 77870000, "depreciation": 68293000, "changeToNetincome": -37811000, "changeToAccountReceivables": -51599000, "changeToLiabilities": -10889000, "changeToInventory": -19578000, "changeToOperatingActivities": -12181000, "totalCashFromOperatingActivities": 14105000, "capitalExpenditures": -81231000, "investments": 115313000, "otherCashflowsFromInvestingActivities": 7047000, "totalCashflowsFromInvestingActivities": 49862000, "dividendsPaid": -36314000, "netBorrowings": 7767000, "otherCashflowsFromFinancingActivities": -7767000, "totalCashFromFinancingActivities": -36314000, "changeInCash": 27653000}, {"maxAge": 1, "endDate": "2017-03-31", "netIncome": 82049000, "depreciation": 72915000, "changeToNetincome": -62205000, "changeToAccountReceivables": 30431000, "changeToLiabilities": 23037000, "changeToInventory": 21212000, "changeToOperatingActivities": 6486000, "totalCashFromOperatingActivities": 173925000, "capitalExpenditures": -216008000, "investments": -537943000, "otherCashflowsFromInvestingActivities": 80486000, "totalCashflowsFromInvestingActivities": -606075000, "dividendsPaid": -36314000, "netBorrowings": 44424000, "otherCashflowsFromFinancingActivities": -5116000, "totalCashFromFinancingActivities": 39308000, "changeInCash": -392842000}], "maxAge": 86400}, "institutionOwnership": {"maxAge": 1, "ownershipList": []}, "balanceSheetHistoryQuarterly": {"balanceSheetStatements": [{"maxAge": 1, "endDate": "2020-06-30", "totalStockholderEquity": 2033843000, "netTangibleAssets": 2033843000}, {"maxAge": 1, "endDate": "2020-03-31", "cash": 17371000, "shortTermInvestments": 583074000, "netReceivables": 243459000, "inventory": 303338000, "otherCurrentAssets": 5613000, "totalCurrentAssets": 1152855000, "longTermInvestments": 220362000, "propertyPlantEquipment": 960345000, "otherAssets": 41098000, "totalAssets": 2374660000, "accountsPayable": 87784000, "otherCurrentLiab": 69202000, "longTermDebt": 64265000, "otherLiab": 106150000, "totalCurrentLiabilities": 170402000, "totalLiab": 340817000, "commonStock": 40228000, "treasuryStock": 1993615000, "otherStockholderEquity": 1993615000, "totalStockholderEquity": 2033843000, "netTangibleAssets": 2033843000}, {"maxAge": 1, "endDate": "2019-12-31", "totalStockholderEquity": 2020520000, "netTangibleAssets": 2020520000}, {"maxAge": 1, "endDate": "2019-09-30", "cash": 33246000, "shortTermInvestments": 554919000, "netReceivables": 270629000, "inventory": 269878000, "otherCurrentAssets": 22129000, "totalCurrentAssets": 1150801000, "longTermInvestments": 207506000, "propertyPlantEquipment": 867568000, "otherAssets": 106338000, "totalAssets": 2332213000, "accountsPayable": 72127000, "otherCurrentLiab": 48565000, "longTermDebt": 78331000, "otherLiab": 94539000, "totalCurrentLiabilities": 138823000, "totalLiab": 311693000, "commonStock": 40228000, "treasuryStock": 1980292000, "otherStockholderEquity": 1980292000, "totalStockholderEquity": 2020520000, "netTangibleAssets": 2020520000}], "maxAge": 86400}, "indexTrend": {"maxAge": 1, "symbol": "SP5", "peRatio": 19.7411, "pegRatio": 1.34172, "estimates": [{"period": "0q", "growth": 0.549}, {"period": "+1q", "growth": 0.431}, {"period": "0y", "growth": 0.305}, {"period": "+1y", "growth": 0.109}, {"period": "+5y", "growth": 0.120859005}, {"period": "-5y"}]}, "quoteType": {"exchange": "BSE", "quoteType": "EQUITY", "symbol": "VTMLTD.BO", "underlyingSymbol": "VTMLTD.BO", "shortName": "VTM LTD.", "longName": "VTM Limited", "firstTradeDateEpochUtc": "2007-09-17 09:15:00", "timeZoneFullName": "Asia/Kolkata", "timeZoneShortName": "IST", "uuid": "60eff002-03b5-37c0-9850-5ded1b3f3154", "messageBoardId": null, "gmtOffSetMilliseconds": 19800000, "maxAge": 1}, "incomeStatementHistory": {"incomeStatementHistory": [{"maxAge": 1, "endDate": "2020-03-31", "totalRevenue": 1605346000, "costOfRevenue": 1087727000, "grossProfit": 517619000, "researchDevelopment": {}, "sellingGeneralAdministrative": 118477000, "nonRecurring": {}, "otherOperatingExpenses": 235035000, "totalOperatingExpenses": 1517552000, "operatingIncome": 87794000, "totalOtherIncomeExpenseNet": 75881000, "ebit": 87794000, "interestExpense": -10974000, "incomeBeforeTax": 163675000, "incomeTaxExpense": 42636000, "minorityInterest": {}, "netIncomeFromContinuingOps": 121039000, "discontinuedOperations": {}, "extraordinaryItems": {}, "effectOfAccountingCharges": {}, "otherItems": {}, "netIncome": 121039000, "netIncomeApplicableToCommonShares": 121039000}, {"maxAge": 1, "endDate": "2019-03-31", "totalRevenue": 1597984000, "costOfRevenue": 1085202000, "grossProfit": 512782000, "researchDevelopment": {}, "sellingGeneralAdministrative": 113036000, "nonRecurring": {}, "otherOperatingExpenses": 248449000, "totalOperatingExpenses": 1514852000, "operatingIncome": 83132000, "totalOtherIncomeExpenseNet": 56920000, "ebit": 83132000, "interestExpense": -11359000, "incomeBeforeTax": 140052000, "incomeTaxExpense": 37899000, "minorityInterest": {}, "netIncomeFromContinuingOps": 102153000, "discontinuedOperations": {}, "extraordinaryItems": {}, "effectOfAccountingCharges": {}, "otherItems": {}, "netIncome": 102153000, "netIncomeApplicableToCommonShares": 102153000}, {"maxAge": 1, "endDate": "2018-03-31", "totalRevenue": 1646282000, "costOfRevenue": 1173093000, "grossProfit": 473189000, "researchDevelopment": {}, "sellingGeneralAdministrative": 116509000, "nonRecurring": {}, "otherOperatingExpenses": 212001000, "totalOperatingExpenses": 1569896000, "operatingIncome": 76386000, "totalOtherIncomeExpenseNet": 44149000, "ebit": 76386000, "interestExpense": -7565000, "incomeBeforeTax": 120535000, "incomeTaxExpense": 42665000, "minorityInterest": {}, "netIncomeFromContinuingOps": 77870000, "discontinuedOperations": {}, "extraordinaryItems": {}, "effectOfAccountingCharges": {}, "otherItems": {}, "netIncome": 77870000, "netIncomeApplicableToCommonShares": 77870000}, {"maxAge": 1, "endDate": "2017-03-31", "totalRevenue": 1504281000, "costOfRevenue": 1073228000, "grossProfit": 431053000, "researchDevelopment": {}, "sellingGeneralAdministrative": 104718000, "nonRecurring": {}, "otherOperatingExpenses": 212782000, "totalOperatingExpenses": 1463643000, "operatingIncome": 40638000, "totalOtherIncomeExpenseNet": 83834000, "ebit": 40638000, "interestExpense": -5136000, "incomeBeforeTax": 124472000, "incomeTaxExpense": 42423000, "minorityInterest": {}, "netIncomeFromContinuingOps": 82049000, "discontinuedOperations": {}, "extraordinaryItems": {}, "effectOfAccountingCharges": {}, "otherItems": {}, "netIncome": 82049000, "netIncomeApplicableToCommonShares": 82049000}], "maxAge": 86400}, "fundOwnership": {"maxAge": 1, "ownershipList": []}, "summaryDetail": {"maxAge": 1, "priceHint": 2, "previousClose": 24.45, "open": 25.05, "dayLow": 24.1, "dayHigh": 25.7, "regularMarketPreviousClose": 24.45, "regularMarketOpen": 25.05, "regularMarketDayLow": 24.1, "regularMarketDayHigh": 25.7, "trailingPE": 10.398322, "volume": 76069, "regularMarketVolume": 76069, "averageVolume": 22011, "averageVolume10days": 22052, "averageDailyVolume10Day": 22052, "bid": 24.95, "ask": 25.35, "marketCap": 997644480, "fiftyTwoWeekLow": 17.15, "fiftyTwoWeekHigh": 26.95, "fiftyDayAverage": 24.357143, "twoHundredDayAverage": 21.88832, "trailingAnnualDividendRate": 0.9, "trailingAnnualDividendYield": 0.036809813, "currency": "INR", "fromCurrency": null, "toCurrency": null, "lastMarket": null, "algorithm": null, "tradeable": false}, "incomeStatementHistoryQuarterly": {"incomeStatementHistory": [{"maxAge": 1, "endDate": "2020-06-30", "totalRevenue": 146879000, "costOfRevenue": 88034000, "grossProfit": 58845000, "researchDevelopment": {}, "sellingGeneralAdministrative": 15800000, "nonRecurring": {}, "otherOperatingExpenses": 30733000, "totalOperatingExpenses": 150098000, "operatingIncome": -3219000, "totalOtherIncomeExpenseNet": 10352000, "ebit": -3219000, "interestExpense": -2356000, "incomeBeforeTax": 7133000, "incomeTaxExpense": 1849000, "minorityInterest": {}, "netIncomeFromContinuingOps": 5284000, "discontinuedOperations": {}, "extraordinaryItems": {}, "effectOfAccountingCharges": {}, "otherItems": {}, "netIncome": 5284000, "netIncomeApplicableToCommonShares": 5284000}, {"maxAge": 1, "endDate": "2020-03-31", "totalRevenue": 363639000, "costOfRevenue": 235339000, "grossProfit": 128300000, "researchDevelopment": {}, "sellingGeneralAdministrative": 29778000, "nonRecurring": {}, "otherOperatingExpenses": 65598000, "totalOperatingExpenses": 352679000, "operatingIncome": 10960000, "totalOtherIncomeExpenseNet": 18893000, "ebit": 10960000, "interestExpense": -3059000, "incomeBeforeTax": 29853000, "incomeTaxExpense": 11547000, "minorityInterest": {}, "netIncomeFromContinuingOps": 18306000, "discontinuedOperations": {}, "extraordinaryItems": {}, "effectOfAccountingCharges": {}, "otherItems": {}, "netIncome": 18306000, "netIncomeApplicableToCommonShares": 18306000}, {"maxAge": 1, "endDate": "2019-12-31", "totalRevenue": 374253000, "costOfRevenue": 251198000, "grossProfit": 123055000, "researchDevelopment": {}, "sellingGeneralAdministrative": 29413000, "nonRecurring": {}, "otherOperatingExpenses": 60022000, "totalOperatingExpenses": 358464000, "operatingIncome": 15789000, "totalOtherIncomeExpenseNet": 18452000, "ebit": 15789000, "interestExpense": -3295000, "incomeBeforeTax": 34241000, "incomeTaxExpense": 5046000, "minorityInterest": {}, "netIncomeFromContinuingOps": 29195000, "discontinuedOperations": {}, "extraordinaryItems": {}, "effectOfAccountingCharges": {}, "otherItems": {}, "netIncome": 29195000, "netIncomeApplicableToCommonShares": 29195000}, {"maxAge": 1, "endDate": "2019-09-30", "totalRevenue": 447345000, "costOfRevenue": 310052000, "grossProfit": 137293000, "researchDevelopment": {}, "sellingGeneralAdministrative": 30160000, "nonRecurring": {}, "otherOperatingExpenses": 51165000, "totalOperatingExpenses": 409751000, "operatingIncome": 37594000, "totalOtherIncomeExpenseNet": 23585000, "ebit": 37594000, "interestExpense": -2053000, "incomeBeforeTax": 61179000, "incomeTaxExpense": 17787000, "minorityInterest": {}, "netIncomeFromContinuingOps": 43392000, "discontinuedOperations": {}, "extraordinaryItems": {}, "effectOfAccountingCharges": {}, "otherItems": {}, "netIncome": 43392000, "netIncomeApplicableToCommonShares": 43392000}], "maxAge": 86400}, "cashflowStatementHistoryQuarterly": {"cashflowStatements": [{"maxAge": 1, "endDate": "2020-06-30", "netIncome": 5284000, "changeToLiabilities": 0}, {"maxAge": 1, "endDate": "2020-03-31", "netIncome": 18306000, "changeToLiabilities": 0}, {"maxAge": 1, "endDate": "2019-12-31", "netIncome": 29195000, "changeToLiabilities": 0}, {"maxAge": 1, "endDate": "2019-09-30", "netIncome": 43392000, "changeToLiabilities": 0}], "maxAge": 86400}, "insiderHolders": {"holders": [], "maxAge": 1}, "calendarEvents": {"maxAge": 1, "earnings": {"earningsDate": ["2020-08-05 05:30:S"]}}, "price": {"maxAge": 1, "regularMarketChangePercent": 0.014314866, "regularMarketChange": 0.34999847, "regularMarketTime": "2021-04-30 15:29:42", "priceHint": 2, "regularMarketPrice": 24.8, "regularMarketDayHigh": 25.7, "regularMarketDayLow": 24.1, "regularMarketVolume": 76069, "averageDailyVolume10Day": 22052, "averageDailyVolume3Month": 22011, "regularMarketPreviousClose": 24.45, "regularMarketSource": "FREE_REALTIME", "regularMarketOpen": 25.05, "exchange": "BSE", "exchangeName": "BSE", "exchangeDataDelayedBy": 0, "marketState": "CLOSED", "quoteType": "EQUITY", "symbol": "VTMLTD.BO", "underlyingSymbol": null, "shortName": "VTM LTD.", "longName": "VTM Limited", "currency": "INR", "quoteSourceName": "Delayed Quote", "currencySymbol": "\u20b9", "fromCurrency": null, "toCurrency": null, "lastMarket": null, "marketCap": 997644480}, "balanceSheetHistory": {"balanceSheetStatements": [{"maxAge": 1, "endDate": "2020-03-31", "cash": 17371000, "shortTermInvestments": 583074000, "netReceivables": 243459000, "inventory": 303338000, "otherCurrentAssets": 5613000, "totalCurrentAssets": 1152855000, "longTermInvestments": 220362000, "propertyPlantEquipment": 960345000, "otherAssets": 41098000, "totalAssets": 2374660000, "accountsPayable": 87784000, "otherCurrentLiab": 69202000, "longTermDebt": 64265000, "otherLiab": 106150000, "totalCurrentLiabilities": 170402000, "totalLiab": 340817000, "commonStock": 40228000, "treasuryStock": 1993615000, "otherStockholderEquity": 1993615000, "totalStockholderEquity": 2033843000, "netTangibleAssets": 2033843000}, {"maxAge": 1, "endDate": "2019-03-31", "cash": 35415000, "shortTermInvestments": 469856000, "netReceivables": 274047000, "inventory": 280448000, "otherCurrentAssets": 20104000, "totalCurrentAssets": 1079870000, "longTermInvestments": 233030000, "propertyPlantEquipment": 878439000, "otherAssets": 4167000, "totalAssets": 2195506000, "accountsPayable": 21213000, "otherCurrentLiab": 45782000, "longTermDebt": 50376000, "otherLiab": 90983000, "totalCurrentLiabilities": 79142000, "totalLiab": 220501000, "commonStock": 40228000, "treasuryStock": 1934777000, "otherStockholderEquity": 1934777000, "totalStockholderEquity": 1975005000, "netTangibleAssets": 1975005000}, {"maxAge": 1, "endDate": "2018-03-31", "cash": 35530000, "shortTermInvestments": 410326000, "netReceivables": 316523000, "inventory": 232810000, "otherCurrentAssets": 11710000, "totalCurrentAssets": 1008632000, "longTermInvestments": 193771000, "propertyPlantEquipment": 922538000, "otherAssets": 15136000, "totalAssets": 2140077000, "accountsPayable": 33367000, "shortLongTermDebt": 34174000, "otherCurrentLiab": 6937000, "longTermDebt": 77591000, "otherLiab": 108343000, "totalCurrentLiabilities": 94466000, "totalLiab": 280400000, "commonStock": 40228000, "retainedEarnings": 1691327000, "treasuryStock": 128122000, "otherStockholderEquity": 128122000, "totalStockholderEquity": 1859677000, "netTangibleAssets": 1859677000}, {"maxAge": 1, "endDate": "2017-03-31", "cash": 7877000, "shortTermInvestments": 490167000, "netReceivables": 258070000, "inventory": 213232000, "otherCurrentAssets": 7343000, "totalCurrentAssets": 976689000, "longTermInvestments": 195092000, "propertyPlantEquipment": 913489000, "otherAssets": 13974000, "totalAssets": 2099244000, "accountsPayable": 44256000, "shortLongTermDebt": 34806000, "otherCurrentLiab": 7378000, "longTermDebt": 69824000, "otherLiab": 135090000, "totalCurrentLiabilities": 106226000, "totalLiab": 311140000, "commonStock": 40228000, "retainedEarnings": 1619269000, "treasuryStock": 128607000, "otherStockholderEquity": 128607000, "totalStockholderEquity": 1788104000, "netTangibleAssets": 1788104000}], "maxAge": 86400}, "financialData": {"maxAge": 86400, "currentPrice": 24.8, "recommendationKey": "none", "grossProfits": 517619000, "financialCurrency": "INR"}}}