{"VXLINSTR.BO": {"cashflowStatementHistory": {"cashflowStatements": [{"maxAge": 1, "endDate": "2020-03-31", "netIncome": -9604000, "depreciation": 8436000, "changeToNetincome": 7084000, "changeToAccountReceivables": -57714000, "changeToLiabilities": 42270000, "changeToInventory": 26461000, "changeToOperatingActivities": 20841000, "totalCashFromOperatingActivities": 37774000, "capitalExpenditures": -147000, "otherCashflowsFromInvestingActivities": 727000, "totalCashflowsFromInvestingActivities": -15356000, "netBorrowings": -9833000, "otherCashflowsFromFinancingActivities": -8823000, "totalCashFromFinancingActivities": -18656000, "changeInCash": 3800000}, {"maxAge": 1, "endDate": "2019-03-31", "netIncome": -27883082, "depreciation": 2358000, "changeToNetincome": -53749200, "changeToAccountReceivables": 228348818, "changeToLiabilities": -413362242, "changeToInventory": 53901329, "changeToOperatingActivities": 24641817, "totalCashFromOperatingActivities": -185641249, "capitalExpenditures": -2047365, "otherCashflowsFromInvestingActivities": 826050, "totalCashflowsFromInvestingActivities": 191195467, "netBorrowings": 1541769, "otherCashflowsFromFinancingActivities": -6597265, "totalCashFromFinancingActivities": -5055496, "changeInCash": 498723}, {"maxAge": 1, "endDate": "2018-03-31", "netIncome": -19985948, "depreciation": 2753011, "changeToNetincome": 3780371, "changeToAccountReceivables": -129503907, "changeToLiabilities": 147066861, "changeToInventory": 24724806, "changeToOperatingActivities": -23488468, "totalCashFromOperatingActivities": 5450037, "capitalExpenditures": -1039513, "otherCashflowsFromInvestingActivities": 2755248, "totalCashflowsFromInvestingActivities": -23696410, "netBorrowings": 17395050, "otherCashflowsFromFinancingActivities": -6535618, "totalCashFromFinancingActivities": 10859432, "changeInCash": -7386941}, {"maxAge": 1, "endDate": "2017-03-31", "netIncome": -32654295, "depreciation": 3090663, "changeToNetincome": 6045249, "changeToAccountReceivables": -29280239, "changeToLiabilities": 14473100, "changeToInventory": 25399614, "changeToOperatingActivities": 18665298, "totalCashFromOperatingActivities": 5833435, "capitalExpenditures": -2653866, "otherCashflowsFromInvestingActivities": 417576, "totalCashflowsFromInvestingActivities": -2025123, "netBorrowings": 3439943, "otherCashflowsFromFinancingActivities": -9071608, "totalCashFromFinancingActivities": -5631665, "changeInCash": -1823352}], "maxAge": 86400}, "institutionOwnership": {"ownershipList": [], "maxAge": 1}, "balanceSheetHistoryQuarterly": {"balanceSheetStatements": [{"maxAge": 1, "endDate": "2020-06-30", "totalStockholderEquity": 80527000, "netTangibleAssets": 80472000}, {"maxAge": 1, "endDate": "2020-03-31", "cash": 7976000, "shortTermInvestments": 1701000, "netReceivables": 80176000, "inventory": 34861000, "otherCurrentAssets": 22959000, "totalCurrentAssets": 147673000, "longTermInvestments": 3418000, "propertyPlantEquipment": 81265000, "intangibleAssets": 55000, "otherAssets": 3747000, "totalAssets": 236158000, "accountsPayable": 51926000, "otherCurrentLiab": 43741000, "longTermDebt": 53006000, "otherLiab": 6958000, "totalCurrentLiabilities": 95667000, "totalLiab": 155631000, "commonStock": 133248000, "treasuryStock": -52721000, "otherStockholderEquity": -52721000, "totalStockholderEquity": 80527000, "netTangibleAssets": 80472000}, {"maxAge": 1, "endDate": "2019-12-31", "totalStockholderEquity": 84146000, "netTangibleAssets": 84010000}, {"maxAge": 1, "endDate": "2019-09-30", "cash": 12270000, "netReceivables": 48338000, "inventory": 52670000, "otherCurrentAssets": 12695000, "totalCurrentAssets": 125973000, "longTermInvestments": 4714000, "propertyPlantEquipment": 72476000, "intangibleAssets": 136000, "otherAssets": 5896000, "totalAssets": 209195000, "accountsPayable": 39721000, "otherCurrentLiab": 26238000, "longTermDebt": 53703000, "otherLiab": 5387000, "totalCurrentLiabilities": 65959000, "totalLiab": 125049000, "commonStock": 133248000, "treasuryStock": -49102000, "otherStockholderEquity": -49102000, "totalStockholderEquity": 84146000, "netTangibleAssets": 84010000}], "maxAge": 86400}, "indexTrend": {"maxAge": 1, "symbol": "SP5", "peRatio": 19.7411, "pegRatio": 1.34172, "estimates": [{"period": "0q", "growth": 0.549}, {"period": "+1q", "growth": 0.431}, {"period": "0y", "growth": 0.305}, {"period": "+1y", "growth": 0.109}, {"period": "+5y", "growth": 0.120859005}, {"period": "-5y"}]}, "insiderTransactions": {"transactions": [{"maxAge": 1, "shares": 1925000, "filerUrl": "", "transactionText": "", "filerName": "Aurotech Technologies DMCC", "filerRelation": "Institution- Corporation", "moneyText": "", "startDate": "2018-05-05", "ownership": "D"}], "maxAge": 1}, "quoteType": {"exchange": "BSE", "quoteType": "EQUITY", "symbol": "VXLINSTR.BO", "underlyingSymbol": "VXLINSTR.BO", "shortName": "VXL INSTRUMENTS LTD.", "longName": "VXL Instruments Limited", "firstTradeDateEpochUtc": "2000-01-03 09:15:00", "timeZoneFullName": "Asia/Kolkata", "timeZoneShortName": "IST", "uuid": "5e908434-8ef8-3aec-b584-c428d6ce6c84", "gmtOffSetMilliseconds": 19800000, "maxAge": 1}, "incomeStatementHistory": {"incomeStatementHistory": [{"maxAge": 1, "endDate": "2020-03-31", "totalRevenue": 192437000, "costOfRevenue": 129444000, "grossProfit": 62993000, "researchDevelopment": {}, "sellingGeneralAdministrative": 35675000, "nonRecurring": {}, "otherOperatingExpenses": 23024000, "totalOperatingExpenses": 196579000, "operatingIncome": -4142000, "totalOtherIncomeExpenseNet": -5462000, "ebit": -4142000, "interestExpense": -9001000, "incomeBeforeTax": -9604000, "incomeTaxExpense": 0, "minorityInterest": {}, "netIncomeFromContinuingOps": -9604000, "discontinuedOperations": {}, "extraordinaryItems": {}, "effectOfAccountingCharges": {}, "otherItems": {}, "netIncome": -9604000, "netIncomeApplicableToCommonShares": -9604000}, {"maxAge": 1, "endDate": "2019-03-31", "totalRevenue": 157285467, "costOfRevenue": 163184205, "grossProfit": -5898738, "researchDevelopment": {}, "sellingGeneralAdministrative": 48092105, "nonRecurring": {}, "otherOperatingExpenses": 21984110, "totalOperatingExpenses": 235721731, "operatingIncome": -78436264, "totalOtherIncomeExpenseNet": 66272244, "ebit": -78436264, "interestExpense": -6597264, "incomeBeforeTax": -12164020, "incomeTaxExpense": 15719062, "minorityInterest": {}, "netIncomeFromContinuingOps": -27883082, "discontinuedOperations": {}, "extraordinaryItems": {}, "effectOfAccountingCharges": {}, "otherItems": {}, "netIncome": -27883082, "netIncomeApplicableToCommonShares": -27883082}, {"maxAge": 1, "endDate": "2018-03-31", "totalRevenue": 456017938, "costOfRevenue": 421323762, "grossProfit": 34694176, "researchDevelopment": {}, "sellingGeneralAdministrative": 23603251, "nonRecurring": {}, "otherOperatingExpenses": 22927647, "totalOperatingExpenses": 470710982, "operatingIncome": -14693044, "totalOtherIncomeExpenseNet": -5292904, "ebit": -14693044, "interestExpense": -6535618, "incomeBeforeTax": -19985948, "incomeTaxExpense": 0, "minorityInterest": {}, "netIncomeFromContinuingOps": -19985948, "discontinuedOperations": {}, "extraordinaryItems": {}, "effectOfAccountingCharges": {}, "otherItems": {}, "netIncome": -19985948, "netIncomeApplicableToCommonShares": -19985948}, {"maxAge": 1, "endDate": "2017-03-31", "totalRevenue": 502701763, "costOfRevenue": 422708452, "grossProfit": 79993311, "researchDevelopment": {}, "sellingGeneralAdministrative": 49886402, "nonRecurring": {}, "otherOperatingExpenses": 50811998, "totalOperatingExpenses": 526591560, "operatingIncome": -23889797, "totalOtherIncomeExpenseNet": -8764498, "ebit": -23889797, "interestExpense": -9071606, "incomeBeforeTax": -32654295, "incomeTaxExpense": 0, "minorityInterest": {}, "netIncomeFromContinuingOps": -32654295, "discontinuedOperations": {}, "extraordinaryItems": {}, "effectOfAccountingCharges": {}, "otherItems": {}, "netIncome": -32654295, "netIncomeApplicableToCommonShares": -32654295}], "maxAge": 86400}, "fundOwnership": {"ownershipList": [], "maxAge": 1}, "summaryDetail": {"maxAge": 1, "priceHint": 2, "previousClose": 5.6, "open": 5.6, "dayLow": 5.6, "dayHigh": 5.6, "regularMarketPreviousClose": 5.6, "regularMarketOpen": 5.6, "regularMarketDayLow": 5.6, "regularMarketDayHigh": 5.6, "volume": 7, "regularMarketVolume": 7, "averageVolume": 246, "averageVolume10days": 20, "averageDailyVolume10Day": 20, "bid": 0.0, "ask": 0.0, "bidSize": 0, "askSize": 0, "marketCap": 74618880, "fiftyTwoWeekLow": 1.81, "fiftyTwoWeekHigh": 5.6, "fiftyDayAverage": 2.7375758, "twoHundredDayAverage": 2.8402941, "currency": "INR", "fromCurrency": null, "lastMarket": null, "algorithm": null, "tradeable": false}, "incomeStatementHistoryQuarterly": {"incomeStatementHistory": [{"maxAge": 1, "endDate": "2020-06-30", "totalRevenue": 8637000, "costOfRevenue": 3002000, "grossProfit": 5635000, "researchDevelopment": {}, "sellingGeneralAdministrative": 8578000, "nonRecurring": {}, "otherOperatingExpenses": 3056000, "totalOperatingExpenses": 16710000, "operatingIncome": -8073000, "totalOtherIncomeExpenseNet": -1335000, "ebit": -8073000, "interestExpense": -1365000, "incomeBeforeTax": -9408000, "incomeTaxExpense": 0, "minorityInterest": {}, "netIncomeFromContinuingOps": -9408000, "discontinuedOperations": {}, "extraordinaryItems": {}, "effectOfAccountingCharges": {}, "otherItems": {}, "netIncome": -9408000, "netIncomeApplicableToCommonShares": -9408000}, {"maxAge": 1, "endDate": "2020-03-31", "totalRevenue": 62627000, "costOfRevenue": 44993000, "grossProfit": 17634000, "researchDevelopment": {}, "sellingGeneralAdministrative": 9049000, "nonRecurring": {}, "otherOperatingExpenses": 1758000, "totalOperatingExpenses": 62390000, "operatingIncome": 237000, "totalOtherIncomeExpenseNet": -1798000, "ebit": 237000, "interestExpense": -4234000, "incomeBeforeTax": -1561000, "incomeTaxExpense": 0, "minorityInterest": {}, "netIncomeFromContinuingOps": -1561000, "discontinuedOperations": {}, "extraordinaryItems": {}, "effectOfAccountingCharges": {}, "otherItems": {}, "netIncome": -1561000, "netIncomeApplicableToCommonShares": -1561000}, {"maxAge": 1, "endDate": "2019-12-31", "totalRevenue": 55628000, "costOfRevenue": 39363000, "grossProfit": 16265000, "researchDevelopment": {}, "sellingGeneralAdministrative": 9083000, "nonRecurring": {}, "otherOperatingExpenses": 7199000, "totalOperatingExpenses": 56260000, "operatingIncome": -632000, "totalOtherIncomeExpenseNet": -936000, "ebit": -632000, "interestExpense": -1240000, "incomeBeforeTax": -1568000, "incomeTaxExpense": 0, "minorityInterest": {}, "netIncomeFromContinuingOps": -1568000, "discontinuedOperations": {}, "extraordinaryItems": {}, "effectOfAccountingCharges": {}, "otherItems": {}, "netIncome": -1568000, "netIncomeApplicableToCommonShares": -1568000}, {"maxAge": 1, "endDate": "2019-09-30", "totalRevenue": 41787000, "costOfRevenue": 23907000, "grossProfit": 17880000, "researchDevelopment": {}, "sellingGeneralAdministrative": 8775000, "nonRecurring": {}, "otherOperatingExpenses": 7370000, "totalOperatingExpenses": 40667000, "operatingIncome": 1120000, "totalOtherIncomeExpenseNet": -627000, "ebit": 1120000, "interestExpense": -1388000, "incomeBeforeTax": 493000, "incomeTaxExpense": 0, "minorityInterest": {}, "netIncomeFromContinuingOps": 493000, "discontinuedOperations": {}, "extraordinaryItems": {}, "effectOfAccountingCharges": {}, "otherItems": {}, "netIncome": 493000, "netIncomeApplicableToCommonShares": 493000}], "maxAge": 86400}, "cashflowStatementHistoryQuarterly": {"cashflowStatements": [{"maxAge": 1, "endDate": "2020-06-30", "netIncome": -9408000, "changeToLiabilities": 0}, {"maxAge": 1, "endDate": "2020-03-31", "netIncome": -1561000, "changeToLiabilities": 0}, {"maxAge": 1, "endDate": "2019-12-31", "netIncome": -1568000, "changeToLiabilities": 0}, {"maxAge": 1, "endDate": "2019-09-30", "netIncome": 493000, "changeToLiabilities": 0}], "maxAge": 86400}, "insiderHolders": {"holders": [{"maxAge": 1, "name": "Aurotech Technologies DMCC", "relation": "Institution- Corporation", "url": "", "transactionDescription": "Purchase", "latestTransDate": "2018-05-05", "positionDirect": 1925000, "positionDirectDate": "2018-05-05"}], "maxAge": 1}, "calendarEvents": {"maxAge": 1, "earnings": {"earningsDate": []}}, "upgradeDowngradeHistory": {"history": [], "maxAge": 86400}, "price": {"maxAge": 1, "regularMarketChangePercent": 0.0, "regularMarketChange": 0.0, "regularMarketTime": "2021-04-29 13:52:22", "priceHint": 2, "regularMarketPrice": 5.6, "regularMarketDayHigh": 5.6, "regularMarketDayLow": 5.6, "regularMarketVolume": 7, "averageDailyVolume10Day": 20, "averageDailyVolume3Month": 246, "regularMarketPreviousClose": 5.6, "regularMarketSource": "FREE_REALTIME", "regularMarketOpen": 5.6, "exchange": "BSE", "exchangeName": "BSE", "exchangeDataDelayedBy": 0, "marketState": "CLOSED", "quoteType": "EQUITY", "symbol": "VXLINSTR.BO", "underlyingSymbol": null, "shortName": "VXL INSTRUMENTS LTD.", "longName": "VXL Instruments Limited", "currency": "INR", "quoteSourceName": "Delayed Quote", "currencySymbol": "\u20b9", "fromCurrency": null, "lastMarket": null, "marketCap": 74618880}, "balanceSheetHistory": {"balanceSheetStatements": [{"maxAge": 1, "endDate": "2020-03-31", "cash": 7976000, "shortTermInvestments": 1701000, "netReceivables": 80176000, "inventory": 34861000, "otherCurrentAssets": 22959000, "totalCurrentAssets": 147673000, "longTermInvestments": 3418000, "propertyPlantEquipment": 81265000, "intangibleAssets": 55000, "otherAssets": 3747000, "totalAssets": 236158000, "accountsPayable": 51926000, "otherCurrentLiab": 43741000, "longTermDebt": 53006000, "otherLiab": 6958000, "totalCurrentLiabilities": 95667000, "totalLiab": 155631000, "commonStock": 133248000, "treasuryStock": -52721000, "otherStockholderEquity": -52721000, "totalStockholderEquity": 80527000, "netTangibleAssets": 80472000}, {"maxAge": 1, "endDate": "2019-03-31", "cash": 2631935, "shortTermInvestments": 3910205, "netReceivables": 32143372, "inventory": 61322519, "otherCurrentAssets": 4237167, "totalCurrentAssets": 104999404, "longTermInvestments": 3491323, "propertyPlantEquipment": 73623229, "intangibleAssets": 76606, "otherAssets": 14938224, "totalAssets": 197128786, "accountsPayable": 11343822, "shortLongTermDebt": 250541, "otherCurrentLiab": 14827333, "longTermDebt": 60300000, "otherLiab": 3044057, "totalCurrentLiabilities": 43163912, "totalLiab": 106507969, "commonStock": 133248000, "retainedEarnings": -248692915, "treasuryStock": 68739655, "capitalSurplus": 137326077, "otherStockholderEquity": 68739655, "totalStockholderEquity": 90620817, "netTangibleAssets": 90544211}, {"maxAge": 1, "endDate": "2018-03-31", "cash": 2133212, "shortTermInvestments": 6621723, "netReceivables": 275781803, "inventory": 115223848, "otherCurrentAssets": 8926806, "totalCurrentAssets": 410525279, "longTermInvestments": 471731, "propertyPlantEquipment": 167434645, "intangibleAssets": 191595, "otherAssets": 43828108, "totalAssets": 622451358, "accountsPayable": 426063954, "shortLongTermDebt": 604952, "otherCurrentLiab": 435918, "longTermDebt": 58758231, "otherLiab": 1970249, "deferredLongTermLiab": 25391763, "totalCurrentLiabilities": 442291886, "totalLiab": 503020366, "commonStock": 133248000, "retainedEarnings": -304528224, "treasuryStock": 153385139, "capitalSurplus": 137326077, "otherStockholderEquity": 153385139, "totalStockholderEquity": 119430992, "netTangibleAssets": 119239397}, {"maxAge": 1, "endDate": "2017-03-31", "cash": 9520153, "shortTermInvestments": 4350338, "netReceivables": 135861036, "inventory": 139948654, "otherCurrentAssets": 8830819, "totalCurrentAssets": 300316745, "longTermInvestments": 11000, "propertyPlantEquipment": 169148143, "intangibleAssets": 274524, "otherAssets": 8749123, "totalAssets": 478499535, "accountsPayable": 278997093, "shortLongTermDebt": 604954, "otherCurrentLiab": 602282, "longTermDebt": 41363182, "otherLiab": 1672949, "totalCurrentLiabilities": 296180995, "totalLiab": 339217126, "commonStock": 133248000, "retainedEarnings": -284676807, "treasuryStock": 153385139, "capitalSurplus": 137326077, "otherStockholderEquity": 153385139, "totalStockholderEquity": 139282409, "netTangibleAssets": 139007885}], "maxAge": 86400}, "financialData": {"maxAge": 86400, "currentPrice": 5.6, "recommendationKey": "none", "grossProfits": 62993000, "financialCurrency": "INR"}}}