{"WABCOINDIA.NS": {"assetProfile": {"address1": "Plot No. 3 (SP)", "address2": "III Main Road Ambattur Indusrial Estate", "city": "Chennai", "zip": "600058", "country": "India", "phone": "91 44 3090 2600", "fax": "91 44 3090 2609", "website": "http://www.wabco-auto.com/en/wabcoindia", "industry": "Auto Parts", "sector": "Consumer Cyclical", "longBusinessSummary": "WABCO India Limited designs, develops, manufactures, and sells air brake actuation systems for commercial vehicles in India and internationally. Its conventional products include automatic slack adjusters; spring brake actuators and double diaphragm spring brake actuators; brake chambers; valves, such as relay emergency, trailer control, graduated hand control, automatic load sensing, relay, and dual brake valves; drying and distribution units; and air compressors. The company also provides advanced braking systems comprising anti-lock braking systems and electronic braking systems; air suspension products, such as electronically controlled air suspension products and lift axle control valves; and driveline controls, such as clutch controls and integrated pedal units, as well as OptiDrive, a modular automated transmission system. In addition, it offers aftermarket services, including original parts, repair, diagnostics, and services through a network of approximately 7,000 outlets and 280 service centers; and software development and other services. The company was formerly known as WABCO-TVS (INDIA) Limited and changed its name to WABCO India Limited in August 2011. The company was formerly known as WABCO-TVS (INDIA) Limited and changed its name to WABCO India Limited in August 2011. WABCO India Limited was founded in 1962 and is headquartered in Chennai, India. WABCO India Limited is a subsidiary of WABCO Asia Private Limited.", "fullTimeEmployees": 1839, "companyOfficers": [{"maxAge": 1, "name": "Mr. Periakaruppa Nadar Kaniappan", "age": 60, "title": "MD & Whole-Time Director", "yearBorn": 1960, "fiscalYear": 2020, "totalPay": 43569000, "exercisedValue": 0, "unexercisedValue": 0}, {"maxAge": 1, "name": "Mr. R. S. Raja Gopal Sastry", "age": 50, "title": "Chief Financial Officer", "yearBorn": 1970, "fiscalYear": 2020, "totalPay": 13030000, "exercisedValue": 0, "unexercisedValue": 0}, {"maxAge": 1, "name": "Mr. M. C. Gokul", "title": "Compliance Officer & Company Sec.", "fiscalYear": 2020, "totalPay": 3377000, "exercisedValue": 0, "unexercisedValue": 0}, {"maxAge": 1, "name": "Sivakumar  Sathiyasekaran", "title": "VP - Aftermarket", "exercisedValue": 0, "unexercisedValue": 0}, {"maxAge": 1, "name": "V.  Ramanathan", "age": 51, "title": "Leader of OE Marketing", "yearBorn": 1969, "exercisedValue": 0, "unexercisedValue": 0}, {"maxAge": 1, "name": "Mr. N.  Thangamani", "age": 75, "title": "VP of Personnel", "yearBorn": 1945, "exercisedValue": 0, "unexercisedValue": 0}, {"maxAge": 1, "name": "Mr. Rajukutty  Sebastian", "age": 68, "title": "Sr. VP of Systems", "yearBorn": 1952, "exercisedValue": 0, "unexercisedValue": 0}], "compensationAsOfEpochDate": "2020-12-31 05:30:00", "maxAge": 86400}, "recommendationTrend": {"trend": [{"period": "0m", "strongBuy": 0, "buy": 0, "hold": 0, "sell": 0, "strongSell": 0}, {"period": "-1m", "strongBuy": 0, "buy": 0, "hold": 0, "sell": 0, "strongSell": 0}, {"period": "-2m", "strongBuy": 0, "buy": 0, "hold": 0, "sell": 0, "strongSell": 0}, {"period": "-3m", "strongBuy": 0, "buy": 0, "hold": 0, "sell": 0, "strongSell": 0}], "maxAge": 86400}, "cashflowStatementHistory": {"cashflowStatements": [{"maxAge": 1, "endDate": "2020-03-31", "netIncome": 1588137000, "depreciation": 874478000, "changeToNetincome": -610448000, "changeToAccountReceivables": 2973462000, "changeToLiabilities": -2746065000, "changeToInventory": 384690000, "changeToOperatingActivities": -247907000, "totalCashFromOperatingActivities": 2242977000, "capitalExpenditures": -932281000, "investments": -1290517000, "otherCashflowsFromInvestingActivities": 561444000, "totalCashflowsFromInvestingActivities": -1652977000, "dividendsPaid": -360384000, "netBorrowings": -80353000, "otherCashflowsFromFinancingActivities": -35090000, "totalCashFromFinancingActivities": -475827000, "changeInCash": 114173000}, {"maxAge": 1, "endDate": "2019-03-31", "netIncome": 2821693000, "depreciation": 695416000, "changeToNetincome": -440783000, "changeToAccountReceivables": -126659000, "changeToLiabilities": -1109720000, "changeToInventory": -186595000, "changeToOperatingActivities": -172685000, "totalCashFromOperatingActivities": 1499620000, "capitalExpenditures": -1192100000, "investments": -3270120000, "otherCashflowsFromInvestingActivities": 175683000, "totalCashflowsFromInvestingActivities": -4286537000, "dividendsPaid": -151741000, "netBorrowings": -80353000, "otherCashflowsFromFinancingActivities": -31191000, "totalCashFromFinancingActivities": -182932000, "changeInCash": -2969849000}, {"maxAge": 1, "endDate": "2018-03-31", "netIncome": 2728263000, "depreciation": 584598000, "changeToNetincome": -293816000, "changeToAccountReceivables": -1399334000, "changeToLiabilities": 2122699000, "changeToInventory": 129602000, "changeToOperatingActivities": -796973000, "totalCashFromOperatingActivities": 3107810000, "capitalExpenditures": -951609000, "investments": -1219161000, "otherCashflowsFromInvestingActivities": 118035000, "totalCashflowsFromInvestingActivities": -2051999000, "dividendsPaid": -132773000, "netBorrowings": -80353000, "otherCashflowsFromFinancingActivities": -43285000, "totalCashFromFinancingActivities": -176058000, "changeInCash": 879753000}, {"maxAge": 1, "endDate": "2017-03-31", "netIncome": 2134777000, "depreciation": 570964000, "changeToNetincome": -447721000, "changeToAccountReceivables": -863739000, "changeToLiabilities": -22254000, "changeToInventory": 302921000, "changeToOperatingActivities": 75555000, "totalCashFromOperatingActivities": 1795832000, "capitalExpenditures": -733227000, "investments": -614690000, "otherCashflowsFromInvestingActivities": 148806000, "totalCashflowsFromInvestingActivities": -1199109000, "dividendsPaid": -113806000, "netBorrowings": -80353000, "otherCashflowsFromFinancingActivities": -27812000, "totalCashFromFinancingActivities": -141618000, "changeInCash": 455105000}], "maxAge": 86400}, "indexTrend": {"maxAge": 1, "symbol": "SP5", "peRatio": 19.7411, "pegRatio": 1.34172, "estimates": [{"period": "0q", "growth": 0.549}, {"period": "+1q", "growth": 0.431}, {"period": "0y", "growth": 0.305}, {"period": "+1y", "growth": 0.109}, {"period": "+5y", "growth": 0.120865}, {"period": "-5y"}]}, "defaultKeyStatistics": {"maxAge": 1, "priceHint": 2, "enterpriseValue": 117848137728, "profitMargins": 0.056339998, "floatShares": 17893058, "sharesOutstanding": 18967600, "heldPercentInsiders": 0.8067, "heldPercentInstitutions": 0.12044, "beta": 0.29968, "category": null, "bookValue": 999.336, "priceToBook": 6.749732, "fundFamily": null, "legalType": null, "lastFiscalYearEnd": "2020-03-31 05:30:00", "nextFiscalYearEnd": "2022-03-31 05:30:00", "mostRecentQuarter": "2020-12-31 05:30:00", "earningsQuarterlyGrowth": 0.355, "netIncomeToCommon": 876673024, "trailingEps": 46.216, "forwardEps": 179.9, "lastSplitFactor": null, "enterpriseToRevenue": 7.574, "enterpriseToEbitda": 68.078}, "industryTrend": {"maxAge": 1, "symbol": null, "estimates": []}, "quoteType": {"exchange": "NSI", "quoteType": "EQUITY", "symbol": "WABCOINDIA.NS", "underlyingSymbol": "WABCOINDIA.NS", "shortName": "WABCO INDIA LTD", "longName": "WABCO India Limited", "firstTradeDateEpochUtc": "2002-08-12 09:15:00", "timeZoneFullName": "Asia/Kolkata", "timeZoneShortName": "IST", "uuid": "23d1404a-09d1-3c3e-9838-f73b946bd982", "gmtOffSetMilliseconds": 19800000, "maxAge": 1}, "incomeStatementHistory": {"incomeStatementHistory": [{"maxAge": 1, "endDate": "2020-03-31", "totalRevenue": 19295615000, "costOfRevenue": 11674022000, "grossProfit": 7621593000, "researchDevelopment": {}, "sellingGeneralAdministrative": 2694918000, "nonRecurring": {}, "otherOperatingExpenses": 2388553000, "totalOperatingExpenses": 17658601000, "operatingIncome": 1637014000, "totalOtherIncomeExpenseNet": 596357000, "ebit": 1637014000, "interestExpense": -19194000, "incomeBeforeTax": 2233371000, "incomeTaxExpense": 645234000, "minorityInterest": {}, "netIncomeFromContinuingOps": 1588137000, "discontinuedOperations": {}, "extraordinaryItems": {}, "effectOfAccountingCharges": {}, "otherItems": {}, "netIncome": 1588137000, "netIncomeApplicableToCommonShares": 1588137000}, {"maxAge": 1, "endDate": "2019-03-31", "totalRevenue": 28541356000, "costOfRevenue": 18491416000, "grossProfit": 10049940000, "researchDevelopment": {}, "sellingGeneralAdministrative": 2628400000, "nonRecurring": {}, "otherOperatingExpenses": 3313512000, "totalOperatingExpenses": 25147697000, "operatingIncome": 3393659000, "totalOtherIncomeExpenseNet": 715482000, "ebit": 3393659000, "interestExpense": -19194000, "incomeBeforeTax": 4109141000, "incomeTaxExpense": 1287448000, "minorityInterest": {}, "netIncomeFromContinuingOps": 2821693000, "discontinuedOperations": {}, "extraordinaryItems": {}, "effectOfAccountingCharges": {}, "otherItems": {}, "netIncome": 2821693000, "netIncomeApplicableToCommonShares": 2821693000}, {"maxAge": 1, "endDate": "2018-03-31", "totalRevenue": 25733323000, "costOfRevenue": 16278087000, "grossProfit": 9455236000, "researchDevelopment": {}, "sellingGeneralAdministrative": 2416102000, "nonRecurring": {}, "otherOperatingExpenses": 3051111000, "totalOperatingExpenses": 22362184000, "operatingIncome": 3371139000, "totalOtherIncomeExpenseNet": 446703000, "ebit": 3371139000, "interestExpense": -16174000, "incomeBeforeTax": 3817842000, "incomeTaxExpense": 1089579000, "minorityInterest": {}, "netIncomeFromContinuingOps": 2728263000, "discontinuedOperations": {}, "extraordinaryItems": {}, "effectOfAccountingCharges": {}, "otherItems": {}, "netIncome": 2728263000, "netIncomeApplicableToCommonShares": 2728263000}, {"maxAge": 1, "endDate": "2017-03-31", "totalRevenue": 20697161000, "costOfRevenue": 12550936000, "grossProfit": 8146225000, "researchDevelopment": {}, "sellingGeneralAdministrative": 1911627000, "nonRecurring": {}, "otherOperatingExpenses": 2948853000, "totalOperatingExpenses": 18027225000, "operatingIncome": 2669936000, "totalOtherIncomeExpenseNet": 334579000, "ebit": 2669936000, "interestExpense": -4644000, "incomeBeforeTax": 3004515000, "incomeTaxExpense": 869738000, "minorityInterest": {}, "netIncomeFromContinuingOps": 2134777000, "discontinuedOperations": {}, "extraordinaryItems": {}, "effectOfAccountingCharges": {}, "otherItems": {}, "netIncome": 2134777000, "netIncomeApplicableToCommonShares": 2134777000}], "maxAge": 86400}, "fundOwnership": {"ownershipList": [{"maxAge": 1, "reportDate": "2021-01-31", "organization": "Vanguard International Stock Index-Emerging Markets Stk", "pctHeld": 0.0004, "position": 7540, "value": 40705444}, {"maxAge": 1, "reportDate": "2021-01-31", "organization": "Vanguard Intl Equity Index Fds-FTSE All World ex U.S.Small Cap Index", "pctHeld": 0.0002, "position": 3113, "value": 16805841}], "maxAge": 1}, "summaryDetail": {"maxAge": 1, "priceHint": 2, "previousClose": 6787.0, "open": 6824.95, "dayLow": 6651.0, "dayHigh": 6984.85, "regularMarketPreviousClose": 6787.0, "regularMarketOpen": 6824.95, "regularMarketDayLow": 6651.0, "regularMarketDayHigh": 6984.85, "exDividendDate": "2020-03-26 05:30:00", "payoutRatio": 0.2164, "fiveYearAvgDividendYield": 0.14, "beta": 0.29968, "trailingPE": 145.95053, "forwardPE": 37.494442, "volume": 6299, "regularMarketVolume": 6299, "averageVolume": 31738, "averageVolume10days": 210437, "averageDailyVolume10Day": 210437, "bid": 0.0, "ask": 0.0, "bidSize": 0, "askSize": 0, "marketCap": 127941206016, "fiftyTwoWeekLow": 4750.05, "fiftyTwoWeekHigh": 7670.0, "priceToSalesTrailing12Months": 8.22228, "fiftyDayAverage": 6151.291, "twoHundredDayAverage": 5639.833, "trailingAnnualDividendRate": 0.0, "trailingAnnualDividendYield": 0.0, "currency": "INR", "fromCurrency": null, "lastMarket": null, "algorithm": null, "tradeable": false}, "insiderHolders": {"holders": [{"maxAge": 1, "name": "Clayton Dewandre Holdings, Ltd.", "relation": "Promoter", "url": "", "transactionDescription": "Sale", "latestTransDate": "2013-06-27", "positionDirect": 0, "positionDirectDate": "2013-06-27"}, {"maxAge": 1, "name": "Reliance Capital Trustee Co Ltd - Reliance", "relation": "Investment Management Company", "url": "", "transactionDescription": "Sale", "latestTransDate": "2011-09-26", "positionDirect": 581201, "positionDirectDate": "2011-09-26"}, {"maxAge": 1, "name": "Z&F International Trading Limited", "relation": "Promoter", "url": "", "transactionDescription": "Sale", "latestTransDate": "2021-03-27", "positionDirect": 1030432, "positionDirectDate": "2021-03-27"}], "maxAge": 1}, "calendarEvents": {"maxAge": 1, "earnings": {"earningsDate": []}, "exDividendDate": "2020-03-26 05:30:00"}, "upgradeDowngradeHistory": {"history": [], "maxAge": 86400}, "price": {"maxAge": 1, "regularMarketChangePercent": -0.006151466, "regularMarketChange": -41.75, "regularMarketTime": "2021-04-30 15:29:59", "priceHint": 2, "regularMarketPrice": 6745.25, "regularMarketDayHigh": 6984.85, "regularMarketDayLow": 6651.0, "regularMarketVolume": 6299, "averageDailyVolume10Day": 210437, "averageDailyVolume3Month": 31738, "regularMarketPreviousClose": 6787.0, "regularMarketSource": "FREE_REALTIME", "regularMarketOpen": 6824.95, "exchange": "NSI", "exchangeName": "NSE", "exchangeDataDelayedBy": 15, "marketState": "CLOSED", "quoteType": "EQUITY", "symbol": "WABCOINDIA.NS", "underlyingSymbol": null, "shortName": "WABCO INDIA LTD", "longName": "WABCO India Limited", "currency": "INR", "quoteSourceName": "Delayed Quote", "currencySymbol": "\u20b9", "fromCurrency": null, "lastMarket": null, "marketCap": 127941206016}, "balanceSheetHistory": {"balanceSheetStatements": [{"maxAge": 1, "endDate": "2020-03-31", "cash": 607399000, "shortTermInvestments": 3999900000, "netReceivables": 4045686000, "inventory": 1125747000, "otherCurrentAssets": 374197000, "totalCurrentAssets": 15625506000, "propertyPlantEquipment": 4968837000, "intangibleAssets": 40577000, "otherAssets": 1172106000, "deferredLongTermAssetCharges": 7959000, "totalAssets": 21807026000, "accountsPayable": 1565254000, "otherCurrentLiab": 815547000, "otherLiab": 141551000, "totalCurrentLiabilities": 2632851000, "totalLiab": 2861551000, "commonStock": 94838000, "retainedEarnings": 18850137000, "treasuryStock": 500000, "otherStockholderEquity": 500000, "totalStockholderEquity": 18945475000, "netTangibleAssets": 18904898000}, {"maxAge": 1, "endDate": "2019-03-31", "cash": 493226000, "shortTermInvestments": 5000000000, "netReceivables": 6715080000, "inventory": 1510437000, "otherCurrentAssets": 739998000, "totalCurrentAssets": 17635713000, "propertyPlantEquipment": 4565486000, "intangibleAssets": 27125000, "otherAssets": 1127044000, "totalAssets": 23355368000, "accountsPayable": 4121456000, "otherCurrentLiab": 595540000, "otherLiab": 351441000, "totalCurrentLiabilities": 5204160000, "totalLiab": 5555601000, "commonStock": 94838000, "retainedEarnings": 17560192000, "treasuryStock": 144737000, "otherStockholderEquity": 144737000, "totalStockholderEquity": 17799767000, "netTangibleAssets": 17772642000}, {"maxAge": 1, "endDate": "2018-03-31", "cash": 3463075000, "shortTermInvestments": 94686000, "netReceivables": 6603822000, "inventory": 1323842000, "otherCurrentAssets": 772419000, "totalCurrentAssets": 16759789000, "propertyPlantEquipment": 4090368000, "intangibleAssets": 22987000, "otherAssets": 816254000, "totalAssets": 21689398000, "accountsPayable": 5324311000, "otherCurrentLiab": 420013000, "otherLiab": 303434000, "totalCurrentLiabilities": 6127082000, "totalLiab": 6430516000, "commonStock": 94838000, "retainedEarnings": 15019120000, "treasuryStock": 144924000, "otherStockholderEquity": 144924000, "totalStockholderEquity": 15258882000, "netTangibleAssets": 15235895000}, {"maxAge": 1, "endDate": "2017-03-31", "cash": 2583322000, "shortTermInvestments": 82305000, "netReceivables": 5323507000, "inventory": 1453444000, "otherCurrentAssets": 554822000, "totalCurrentAssets": 13016891000, "propertyPlantEquipment": 3759478000, "intangibleAssets": 36495000, "otherAssets": 557928000, "totalAssets": 17370792000, "accountsPayable": 3261057000, "otherCurrentLiab": 837896000, "otherLiab": 251867000, "totalCurrentLiabilities": 4454654000, "totalLiab": 4706521000, "commonStock": 94838000, "retainedEarnings": 12565950000, "treasuryStock": 3483000, "otherStockholderEquity": 3483000, "totalStockholderEquity": 12664271000, "netTangibleAssets": 12627776000}], "maxAge": 86400}, "earningsTrend": {"trend": [{"maxAge": 1, "period": "0q", "endDate": "2018-12-31", "growth": {}, "earningsEstimate": {"avg": 0.0, "low": 0.0, "high": 0.0, "yearAgoEps": 33.64, "numberOfAnalysts": 0, "growth": {}}, "revenueEstimate": {"avg": 0, "low": 0, "high": 0, "numberOfAnalysts": 0, "yearAgoRevenue": {}, "growth": {}}, "epsTrend": {"current": 0.0, "7daysAgo": 0.0, "30daysAgo": 0.0, "60daysAgo": 0.0, "90daysAgo": 0.0}, "epsRevisions": {"upLast7days": 0, "upLast30days": 0, "downLast30days": 0, "downLast90days": {}}}, {"maxAge": 1, "period": "+1q", "endDate": "2019-03-31", "growth": {}, "earningsEstimate": {"avg": 0.0, "low": 0.0, "high": 0.0, "yearAgoEps": 40.71, "numberOfAnalysts": 0, "growth": {}}, "revenueEstimate": {"avg": 0, "low": 0, "high": 0, "numberOfAnalysts": 0, "yearAgoRevenue": {}, "growth": {}}, "epsTrend": {"current": 0.0, "7daysAgo": 0.0, "30daysAgo": 0.0, "60daysAgo": 0.0, "90daysAgo": 0.0}, "epsRevisions": {"upLast7days": 0, "upLast30days": 0, "downLast30days": 0, "downLast90days": {}}}, {"maxAge": 1, "period": "0y", "endDate": "2019-03-31", "growth": {}, "earningsEstimate": {"avg": 0.0, "low": 0.0, "high": 0.0, "yearAgoEps": {}, "numberOfAnalysts": 0, "growth": {}}, "revenueEstimate": {"avg": 30567500000, "low": 29804000000, "high": 32014000000, "numberOfAnalysts": 8, "yearAgoRevenue": 24362000000, "growth": 0.255}, "epsTrend": {"current": 0.0, "7daysAgo": 177.57, "30daysAgo": 177.57, "60daysAgo": 177.57, "90daysAgo": 177.57}, "epsRevisions": {"upLast7days": 0, "upLast30days": 0, "downLast30days": 0, "downLast90days": {}}}, {"maxAge": 1, "period": "+1y", "endDate": "2020-03-31", "growth": {}, "earningsEstimate": {"avg": 0.0, "low": 0.0, "high": 0.0, "yearAgoEps": {}, "numberOfAnalysts": 0, "growth": {}}, "revenueEstimate": {"avg": 35478200000, "low": 33652000000, "high": 37794000000, "numberOfAnalysts": 8, "yearAgoRevenue": 30567500000, "growth": 0.161}, "epsTrend": {"current": 0.0, "7daysAgo": 207.98, "30daysAgo": 207.98, "60daysAgo": 207.98, "90daysAgo": 207.98}, "epsRevisions": {"upLast7days": 0, "upLast30days": 0, "downLast30days": 0, "downLast90days": {}}}, {"maxAge": 1, "period": "+5y", "endDate": null, "growth": 0.23969999, "earningsEstimate": {"avg": {}, "low": {}, "high": {}, "yearAgoEps": {}, "numberOfAnalysts": {}, "growth": {}}, "revenueEstimate": {"avg": {}, "low": {}, "high": {}, "numberOfAnalysts": {}, "yearAgoRevenue": {}, "growth": {}}, "epsTrend": {"current": {}, "7daysAgo": {}, "30daysAgo": {}, "60daysAgo": {}, "90daysAgo": {}}, "epsRevisions": {"upLast7days": {}, "upLast30days": {}, "downLast30days": {}, "downLast90days": {}}}, {"maxAge": 1, "period": "-5y", "endDate": null, "growth": {}, "earningsEstimate": {"avg": {}, "low": {}, "high": {}, "yearAgoEps": {}, "numberOfAnalysts": {}, "growth": {}}, "revenueEstimate": {"avg": {}, "low": {}, "high": {}, "numberOfAnalysts": {}, "yearAgoRevenue": {}, "growth": {}}, "epsTrend": {"current": {}, "7daysAgo": {}, "30daysAgo": {}, "60daysAgo": {}, "90daysAgo": {}}, "epsRevisions": {"upLast7days": {}, "upLast30days": {}, "downLast30days": {}, "downLast90days": {}}}], "maxAge": 1}, "institutionOwnership": {"ownershipList": [], "maxAge": 1}, "majorHoldersBreakdown": {"maxAge": 1, "insidersPercentHeld": 0.8067, "institutionsPercentHeld": 0.12044, "institutionsFloatPercentHeld": 0.62307, "institutionsCount": 18}, "balanceSheetHistoryQuarterly": {"balanceSheetStatements": [{"maxAge": 1, "endDate": "2020-12-31", "totalStockholderEquity": 18953108000, "netTangibleAssets": 18924758000}, {"maxAge": 1, "endDate": "2020-09-30", "cash": 4604027000, "shortTermInvestments": 6349683000, "netReceivables": 3501503000, "inventory": 910897000, "otherCurrentAssets": 1012880000, "totalCurrentAssets": 16378990000, "longTermInvestments": 48992000, "propertyPlantEquipment": 4731930000, "intangibleAssets": 28350000, "otherAssets": 1090916000, "deferredLongTermAssetCharges": 72626000, "totalAssets": 22279178000, "accountsPayable": 2087707000, "otherCurrentLiab": 1049917000, "otherLiab": 127691000, "totalCurrentLiabilities": 3137624000, "totalLiab": 3326070000, "commonStock": 94838000, "treasuryStock": 18858270000, "otherStockholderEquity": 18858270000, "totalStockholderEquity": 18953108000, "netTangibleAssets": 18924758000}, {"maxAge": 1, "endDate": "2020-06-30", "totalStockholderEquity": 18945475000, "netTangibleAssets": 18904898000}, {"maxAge": 1, "endDate": "2020-03-31", "cash": 607399000, "shortTermInvestments": 3999900000, "netReceivables": 4045686000, "inventory": 1125747000, "otherCurrentAssets": 374197000, "totalCurrentAssets": 15625506000, "propertyPlantEquipment": 4968837000, "intangibleAssets": 40577000, "otherAssets": 1172106000, "deferredLongTermAssetCharges": 7959000, "totalAssets": 21807026000, "accountsPayable": 1565254000, "otherCurrentLiab": 815547000, "otherLiab": 141551000, "totalCurrentLiabilities": 2632851000, "totalLiab": 2861551000, "commonStock": 94838000, "retainedEarnings": 18850137000, "treasuryStock": 500000, "otherStockholderEquity": 500000, "totalStockholderEquity": 18945475000, "netTangibleAssets": 18904898000}], "maxAge": 86400}, "earningsHistory": {"history": [{"maxAge": 1, "epsActual": 33.64, "epsEstimate": 40.95, "epsDifference": -7.31, "surprisePercent": -0.17899999, "quarter": "2017-12-31", "period": "-4q"}, {"maxAge": 1, "epsActual": 40.71, "epsEstimate": 40.65, "epsDifference": 0.06, "surprisePercent": 0.001, "quarter": "2018-03-31", "period": "-3q"}, {"maxAge": 1, "epsActual": 39.41, "epsEstimate": 35.75, "epsDifference": 3.66, "surprisePercent": 0.102, "quarter": "2018-06-30", "period": "-2q"}, {"maxAge": 1, "epsActual": 50.36, "epsEstimate": 41.6, "epsDifference": 8.76, "surprisePercent": 0.21100001, "quarter": "2018-09-30", "period": "-1q"}], "maxAge": 86400}, "summaryProfile": {"address1": "Plot No. 3 (SP)", "address2": "III Main Road Ambattur Indusrial Estate", "city": "Chennai", "zip": "600058", "country": "India", "phone": "91 44 3090 2600", "fax": "91 44 3090 2609", "website": "http://www.wabco-auto.com/en/wabcoindia", "industry": "Auto Parts", "sector": "Consumer Cyclical", "longBusinessSummary": "WABCO India Limited designs, develops, manufactures, and sells air brake actuation systems for commercial vehicles in India and internationally. Its conventional products include automatic slack adjusters; spring brake actuators and double diaphragm spring brake actuators; brake chambers; valves, such as relay emergency, trailer control, graduated hand control, automatic load sensing, relay, and dual brake valves; drying and distribution units; and air compressors. The company also provides advanced braking systems comprising anti-lock braking systems and electronic braking systems; air suspension products, such as electronically controlled air suspension products and lift axle control valves; and driveline controls, such as clutch controls and integrated pedal units, as well as OptiDrive, a modular automated transmission system. In addition, it offers aftermarket services, including original parts, repair, diagnostics, and services through a network of approximately 7,000 outlets and 280 service centers; and software development and other services. The company was formerly known as WABCO-TVS (INDIA) Limited and changed its name to WABCO India Limited in August 2011. The company was formerly known as WABCO-TVS (INDIA) Limited and changed its name to WABCO India Limited in August 2011. WABCO India Limited was founded in 1962 and is headquartered in Chennai, India. WABCO India Limited is a subsidiary of WABCO Asia Private Limited.", "fullTimeEmployees": 1839, "companyOfficers": [], "maxAge": 86400}, "netSharePurchaseActivity": {"maxAge": 1, "period": "6m", "buyInfoCount": 0, "buyInfoShares": 0, "sellInfoCount": 0, "netInfoCount": 0, "netInfoShares": 0, "netPercentInsiderShares": 0.0, "totalInsiderShares": 15302111}, "insiderTransactions": {"transactions": [{"maxAge": 1, "shares": 2404343, "value": 188043906, "filerUrl": "", "transactionText": "Sale at price 78.21 per share.", "filerName": "Z&F International Trading Limited", "filerRelation": "Promoter", "moneyText": "", "startDate": "2021-03-27", "ownership": "D"}, {"maxAge": 1, "shares": 3434775, "value": 331321831, "filerUrl": "", "transactionText": "Acquisition at price 96.46 per share.", "filerName": "Z&F International Trading Limited", "filerRelation": "Institution- Corporation", "moneyText": "", "startDate": "2020-09-02", "ownership": "D"}, {"maxAge": 1, "shares": 14225684, "filerUrl": "", "transactionText": "", "filerName": "Clayton Dewandre Holdings, Ltd.", "filerRelation": "Promoter", "moneyText": "", "startDate": "2013-06-27", "ownership": "D"}, {"maxAge": 1, "shares": 48900, "filerUrl": "", "transactionText": "", "filerName": "Reliance Capital Trustee Co Ltd - Reliance", "filerRelation": "Investment Management Company", "moneyText": "", "startDate": "2011-09-26", "ownership": "D"}], "maxAge": 1}, "sectorTrend": {"maxAge": 1, "symbol": null, "estimates": []}, "incomeStatementHistoryQuarterly": {"incomeStatementHistory": [{"maxAge": 1, "endDate": "2020-12-31", "totalRevenue": 5664964000, "costOfRevenue": 3468001000, "grossProfit": 2196963000, "researchDevelopment": {}, "sellingGeneralAdministrative": 708494000, "nonRecurring": {}, "otherOperatingExpenses": 611038000, "totalOperatingExpenses": 5010263000, "operatingIncome": 654701000, "totalOtherIncomeExpenseNet": 75717000, "ebit": 654701000, "interestExpense": -2459000, "incomeBeforeTax": 730418000, "incomeTaxExpense": 206121000, "minorityInterest": {}, "netIncomeFromContinuingOps": 524297000, "discontinuedOperations": {}, "extraordinaryItems": {}, "effectOfAccountingCharges": {}, "otherItems": {}, "netIncome": 524297000, "netIncomeApplicableToCommonShares": 524297000}, {"maxAge": 1, "endDate": "2020-09-30", "totalRevenue": 4187149000, "costOfRevenue": 2387469000, "grossProfit": 1799680000, "researchDevelopment": {}, "sellingGeneralAdministrative": 641657000, "nonRecurring": {}, "otherOperatingExpenses": 526306000, "totalOperatingExpenses": 3779305000, "operatingIncome": 407844000, "totalOtherIncomeExpenseNet": 101384000, "ebit": 407844000, "interestExpense": -9375000, "incomeBeforeTax": 509228000, "incomeTaxExpense": 158173000, "minorityInterest": {}, "netIncomeFromContinuingOps": 351055000, "discontinuedOperations": {}, "extraordinaryItems": {}, "effectOfAccountingCharges": {}, "otherItems": {}, "netIncome": 351055000, "netIncomeApplicableToCommonShares": 351055000}, {"maxAge": 1, "endDate": "2020-06-30", "totalRevenue": 1659656000, "costOfRevenue": 775762000, "grossProfit": 883894000, "researchDevelopment": {}, "sellingGeneralAdministrative": 770083000, "nonRecurring": {}, "otherOperatingExpenses": 261731000, "totalOperatingExpenses": 2038578000, "operatingIncome": -378922000, "totalOtherIncomeExpenseNet": -10573000, "ebit": -378922000, "interestExpense": -6531000, "incomeBeforeTax": -389495000, "incomeTaxExpense": -75855000, "minorityInterest": {}, "netIncomeFromContinuingOps": -313640000, "discontinuedOperations": {}, "extraordinaryItems": {}, "effectOfAccountingCharges": {}, "otherItems": {}, "netIncome": -313640000, "netIncomeApplicableToCommonShares": -313640000}, {"maxAge": 1, "endDate": "2020-03-31", "totalRevenue": 4048539000, "costOfRevenue": 2468809000, "grossProfit": 1579730000, "researchDevelopment": {}, "sellingGeneralAdministrative": 709042000, "nonRecurring": {}, "otherOperatingExpenses": 330625000, "totalOperatingExpenses": 3755390000, "operatingIncome": 293149000, "totalOtherIncomeExpenseNet": 151945000, "ebit": 293149000, "interestExpense": -6113000, "incomeBeforeTax": 445094000, "incomeTaxExpense": 130133000, "minorityInterest": {}, "netIncomeFromContinuingOps": 314961000, "discontinuedOperations": {}, "extraordinaryItems": {}, "effectOfAccountingCharges": {}, "otherItems": {}, "netIncome": 314961000, "netIncomeApplicableToCommonShares": 314961000}], "maxAge": 86400}, "cashflowStatementHistoryQuarterly": {"cashflowStatements": [{"maxAge": 1, "endDate": "2020-12-31", "netIncome": 524297000, "changeToLiabilities": 0}, {"maxAge": 1, "endDate": "2020-09-30", "netIncome": 351055000, "changeToLiabilities": 0}, {"maxAge": 1, "endDate": "2020-06-30", "netIncome": -313640000, "changeToLiabilities": 0}, {"maxAge": 1, "endDate": "2020-03-31", "netIncome": 314961000, "changeToLiabilities": 0}], "maxAge": 86400}, "earnings": {"maxAge": 86400, "earningsChart": {"quarterly": [{"date": "4Q2017", "actual": 33.64, "estimate": 40.95}, {"date": "1Q2018", "actual": 40.71, "estimate": 40.65}, {"date": "2Q2018", "actual": 39.41, "estimate": 35.75}, {"date": "3Q2018", "actual": 50.36, "estimate": 41.6}], "currentQuarterEstimateDate": "4Q", "currentQuarterEstimateYear": 2018, "earningsDate": []}, "financialsChart": {"yearly": [{"date": 2017, "revenue": 20697161000, "earnings": 2134777000}, {"date": 2018, "revenue": 25733323000, "earnings": 2728263000}, {"date": 2019, "revenue": 28541356000, "earnings": 2821693000}, {"date": 2020, "revenue": 19295615000, "earnings": 1588137000}], "quarterly": [{"date": "1Q2020", "revenue": 4048539000, "earnings": 314961000}, {"date": "2Q2020", "revenue": 1659656000, "earnings": -313640000}, {"date": "3Q2020", "revenue": 4187149000, "earnings": 351055000}, {"date": "4Q2020", "revenue": 5664964000, "earnings": 524297000}]}, "financialCurrency": "INR"}, "financialData": {"maxAge": 86400, "currentPrice": 6745.25, "targetHighPrice": 7879.0, "targetLowPrice": 6035.0, "targetMeanPrice": 6959.29, "targetMedianPrice": 7150.0, "recommendationKey": "none", "numberOfAnalystOpinions": 7, "totalCash": 10953709568, "totalCashPerShare": 577.46, "ebitda": 1731069696, "totalDebt": 60755000, "totalRevenue": 15560307712, "debtToEquity": 0.321, "revenuePerShare": 820.308, "grossProfits": 7621593000, "earningsGrowth": 0.355, "revenueGrowth": 0.285, "grossMargins": 0.41518003, "ebitdaMargins": 0.11125, "operatingMargins": 0.0539, "profitMargins": 0.056339998, "financialCurrency": "INR"}}}