{"WALCHPF.BO": {"cashflowStatementHistory": {"cashflowStatements": [{"maxAge": 1, "endDate": "2020-03-31", "netIncome": 4096000, "depreciation": 7530000, "changeToNetincome": -2301000, "changeToAccountReceivables": 2959000, "changeToLiabilities": -5828000, "totalCashFromOperatingActivities": 7531000, "capitalExpenditures": -1582000, "investments": -24348000, "otherCashflowsFromInvestingActivities": 12335000, "totalCashflowsFromInvestingActivities": -13595000, "dividendsPaid": -176000, "totalCashFromFinancingActivities": -176000, "changeInCash": -6239000}, {"maxAge": 1, "endDate": "2019-03-31", "netIncome": 8915000, "depreciation": 2951000, "changeToNetincome": -44066000, "changeToAccountReceivables": 51620000, "changeToLiabilities": -14650000, "totalCashFromOperatingActivities": 5805000, "capitalExpenditures": -1826000, "investments": -4573000, "otherCashflowsFromInvestingActivities": 11500000, "totalCashflowsFromInvestingActivities": 5124000, "dividendsPaid": -176000, "otherCashflowsFromFinancingActivities": 60000, "totalCashFromFinancingActivities": 60000, "changeInCash": 10989000}, {"maxAge": 1, "endDate": "2018-03-31", "netIncome": 21144000, "depreciation": 3592000, "changeToNetincome": -10430000, "changeToAccountReceivables": -60378000, "changeToLiabilities": 28925000, "totalCashFromOperatingActivities": -16100000, "capitalExpenditures": -2564000, "investments": 9031000, "otherCashflowsFromInvestingActivities": 11890000, "totalCashflowsFromInvestingActivities": 18409000, "dividendsPaid": -176000, "otherCashflowsFromFinancingActivities": 6000, "totalCashFromFinancingActivities": 6000, "changeInCash": 2317000}, {"maxAge": 1, "endDate": "2017-03-31", "netIncome": 9323000, "depreciation": 4122000, "changeToNetincome": 1358000, "changeToAccountReceivables": 10879000, "changeToLiabilities": 1396000, "totalCashFromOperatingActivities": 27870000, "capitalExpenditures": -4709000, "investments": -22910000, "otherCashflowsFromInvestingActivities": 3565000, "totalCashflowsFromInvestingActivities": -23715000, "dividendsPaid": -3400000, "otherCashflowsFromFinancingActivities": -739000, "totalCashFromFinancingActivities": -4139000, "changeInCash": 17000}], "maxAge": 86400}, "institutionOwnership": {"maxAge": 1, "ownershipList": []}, "balanceSheetHistoryQuarterly": {"balanceSheetStatements": [{"maxAge": 1, "endDate": "2020-06-30", "totalStockholderEquity": 175284000, "netTangibleAssets": 172908000}, {"maxAge": 1, "endDate": "2020-03-31", "cash": 95041000, "shortTermInvestments": 1138000, "netReceivables": 49099000, "otherCurrentAssets": 949000, "totalCurrentAssets": 147486000, "propertyPlantEquipment": 36735000, "intangibleAssets": 2376000, "otherAssets": 61260000, "deferredLongTermAssetCharges": 4349000, "totalAssets": 247857000, "accountsPayable": 8843000, "otherCurrentLiab": 4291000, "otherLiab": 4721000, "totalCurrentLiabilities": 50380000, "totalLiab": 72573000, "commonStock": 29039000, "retainedEarnings": 122300000, "treasuryStock": 850000, "capitalSurplus": 23095000, "otherStockholderEquity": 850000, "totalStockholderEquity": 175284000, "netTangibleAssets": 172908000}, {"maxAge": 1, "endDate": "2019-12-31", "totalStockholderEquity": 169913000, "netTangibleAssets": 167304000}, {"maxAge": 1, "endDate": "2019-09-30", "cash": 79380000, "shortTermInvestments": 2759000, "netReceivables": 66020000, "otherCurrentAssets": 3281000, "totalCurrentAssets": 151440000, "longTermInvestments": 6107000, "propertyPlantEquipment": 40194000, "intangibleAssets": 2609000, "otherAssets": 55339000, "deferredLongTermAssetCharges": 4254000, "totalAssets": 255689000, "accountsPayable": 11958000, "otherCurrentLiab": 41643000, "otherLiab": 22228000, "totalCurrentLiabilities": 63548000, "totalLiab": 85776000, "commonStock": 29039000, "treasuryStock": 140874000, "otherStockholderEquity": 140874000, "totalStockholderEquity": 169913000, "netTangibleAssets": 167304000}], "maxAge": 86400}, "indexTrend": {"maxAge": 1, "symbol": "SP5", "peRatio": 19.7411, "pegRatio": 1.34172, "estimates": [{"period": "0q", "growth": 0.549}, {"period": "+1q", "growth": 0.431}, {"period": "0y", "growth": 0.305}, {"period": "+1y", "growth": 0.109}, {"period": "+5y", "growth": 0.120859005}, {"period": "-5y"}]}, "insiderTransactions": {"transactions": [{"maxAge": 1, "shares": 24278, "filerUrl": "", "transactionText": "", "filerName": "Walchand & Company Pvt Ltd", "filerRelation": "Promoter", "moneyText": "", "startDate": "2018-08-28", "ownership": "D"}, {"maxAge": 1, "shares": 16083, "filerUrl": "", "transactionText": "", "filerName": "Walchand & Company Pvt Ltd", "filerRelation": "Promoter", "moneyText": "", "startDate": "2016-02-15", "ownership": "D"}, {"maxAge": 1, "shares": 18798, "filerUrl": "", "transactionText": "", "filerName": "Walchand & Company Pvt Ltd", "filerRelation": "Promoter", "moneyText": "", "startDate": "2015-12-04", "ownership": "D"}, {"maxAge": 1, "shares": 12598, "filerUrl": "", "transactionText": "", "filerName": "Walchand & Company Pvt Ltd", "filerRelation": "Promoter", "moneyText": "", "startDate": "2015-09-30", "ownership": "D"}, {"maxAge": 1, "shares": 14057, "filerUrl": "", "transactionText": "", "filerName": "Walchand & Company Pvt Ltd", "filerRelation": "Promoter", "moneyText": "", "startDate": "2015-05-28", "ownership": "D"}], "maxAge": 1}, "quoteType": {"exchange": "BSE", "quoteType": "EQUITY", "symbol": "WALCHPF.BO", "underlyingSymbol": "WALCHPF.BO", "shortName": "WALCHAND PEOPLEFIRST LTD.", "longName": "Walchand PeopleFirst Limited", "firstTradeDateEpochUtc": "2002-01-07 09:15:00", "timeZoneFullName": "Asia/Kolkata", "timeZoneShortName": "IST", "uuid": "2c280d8b-c55d-377c-afff-bafbf875a155", "messageBoardId": null, "gmtOffSetMilliseconds": 19800000, "maxAge": 1}, "incomeStatementHistory": {"incomeStatementHistory": [{"maxAge": 1, "endDate": "2020-03-31", "totalRevenue": 222493000, "costOfRevenue": 180369000, "grossProfit": 42124000, "researchDevelopment": {}, "sellingGeneralAdministrative": 22788000, "nonRecurring": {}, "otherOperatingExpenses": 19130000, "totalOperatingExpenses": 231374000, "operatingIncome": -8881000, "totalOtherIncomeExpenseNet": 18871000, "ebit": -8881000, "interestExpense": -2017000, "incomeBeforeTax": 9990000, "incomeTaxExpense": 5894000, "minorityInterest": {}, "netIncomeFromContinuingOps": 4096000, "discontinuedOperations": {}, "extraordinaryItems": {}, "effectOfAccountingCharges": {}, "otherItems": {}, "netIncome": 4096000, "netIncomeApplicableToCommonShares": 4096000}, {"maxAge": 1, "endDate": "2019-03-31", "totalRevenue": 254755000, "costOfRevenue": 193497000, "grossProfit": 61258000, "researchDevelopment": {}, "sellingGeneralAdministrative": 41216000, "nonRecurring": {}, "otherOperatingExpenses": 20398000, "totalOperatingExpenses": 259488000, "operatingIncome": -4733000, "totalOtherIncomeExpenseNet": 14423000, "ebit": -4733000, "interestExpense": -306000, "incomeBeforeTax": 9690000, "incomeTaxExpense": 775000, "minorityInterest": {}, "netIncomeFromContinuingOps": 8915000, "discontinuedOperations": {}, "extraordinaryItems": {}, "effectOfAccountingCharges": {}, "otherItems": {}, "netIncome": 8915000, "netIncomeApplicableToCommonShares": 8915000}, {"maxAge": 1, "endDate": "2018-03-31", "totalRevenue": 268136000, "costOfRevenue": 189914000, "grossProfit": 78222000, "researchDevelopment": {}, "sellingGeneralAdministrative": 39693000, "nonRecurring": {}, "otherOperatingExpenses": 18863000, "totalOperatingExpenses": 253109000, "operatingIncome": 15027000, "totalOtherIncomeExpenseNet": 13263000, "ebit": 15027000, "interestExpense": -251000, "incomeBeforeTax": 28290000, "incomeTaxExpense": 7146000, "minorityInterest": {}, "netIncomeFromContinuingOps": 21144000, "discontinuedOperations": {}, "extraordinaryItems": {}, "effectOfAccountingCharges": {}, "otherItems": {}, "netIncome": 21144000, "netIncomeApplicableToCommonShares": 21144000}, {"maxAge": 1, "endDate": "2017-03-31", "totalRevenue": 232403000, "costOfRevenue": 179087000, "grossProfit": 53316000, "researchDevelopment": {}, "sellingGeneralAdministrative": 33921000, "nonRecurring": {}, "otherOperatingExpenses": 18529000, "totalOperatingExpenses": 236451000, "operatingIncome": -4048000, "totalOtherIncomeExpenseNet": 17001000, "ebit": -4048000, "interestExpense": -217000, "incomeBeforeTax": 12953000, "incomeTaxExpense": 3630000, "minorityInterest": {}, "netIncomeFromContinuingOps": 9323000, "discontinuedOperations": {}, "extraordinaryItems": {}, "effectOfAccountingCharges": {}, "otherItems": {}, "netIncome": 9323000, "netIncomeApplicableToCommonShares": 9323000}], "maxAge": 86400}, "fundOwnership": {"maxAge": 1, "ownershipList": []}, "summaryDetail": {"maxAge": 1, "priceHint": 2, "previousClose": 57.0, "open": 57.15, "dayLow": 57.15, "dayHigh": 58.95, "regularMarketPreviousClose": 57.0, "regularMarketOpen": 57.15, "regularMarketDayLow": 57.15, "regularMarketDayHigh": 58.95, "trailingPE": 18.51912, "volume": 540, "regularMarketVolume": 540, "averageVolume": 1791, "averageVolume10days": 2561, "averageDailyVolume10Day": 2561, "bid": 55.75, "ask": 57.15, "bidSize": 0, "askSize": 0, "marketCap": 165957312, "fiftyTwoWeekLow": 34.0, "fiftyTwoWeekHigh": 69.0, "fiftyDayAverage": 55.42143, "twoHundredDayAverage": 55.665695, "trailingAnnualDividendRate": 1.25, "trailingAnnualDividendYield": 0.021929825, "currency": "INR", "fromCurrency": null, "toCurrency": null, "lastMarket": null, "algorithm": null, "tradeable": false}, "incomeStatementHistoryQuarterly": {"incomeStatementHistory": [{"maxAge": 1, "endDate": "2020-06-30", "totalRevenue": 11733000, "costOfRevenue": 20636000, "grossProfit": -8903000, "researchDevelopment": {}, "sellingGeneralAdministrative": {}, "nonRecurring": {}, "otherOperatingExpenses": 6721000, "totalOperatingExpenses": 29333000, "operatingIncome": -17600000, "totalOtherIncomeExpenseNet": 7186000, "ebit": -17600000, "interestExpense": -85000, "incomeBeforeTax": -10414000, "incomeTaxExpense": -2685000, "minorityInterest": {}, "netIncomeFromContinuingOps": -7729000, "discontinuedOperations": {}, "extraordinaryItems": {}, "effectOfAccountingCharges": {}, "otherItems": {}, "netIncome": -7729000, "netIncomeApplicableToCommonShares": -7729000}, {"maxAge": 1, "endDate": "2020-03-31", "totalRevenue": 44647000, "costOfRevenue": 53252000, "grossProfit": -8605000, "researchDevelopment": {}, "sellingGeneralAdministrative": 22788000, "nonRecurring": {}, "otherOperatingExpenses": -28159000, "totalOperatingExpenses": 50511000, "operatingIncome": -5864000, "totalOtherIncomeExpenseNet": 4997000, "ebit": -5864000, "interestExpense": -467000, "incomeBeforeTax": -867000, "incomeTaxExpense": -608000, "minorityInterest": {}, "netIncomeFromContinuingOps": -259000, "discontinuedOperations": {}, "extraordinaryItems": {}, "effectOfAccountingCharges": {}, "otherItems": {}, "netIncome": -259000, "netIncomeApplicableToCommonShares": -259000}, {"maxAge": 1, "endDate": "2019-12-31", "totalRevenue": 61450000, "costOfRevenue": 38975000, "grossProfit": 22475000, "researchDevelopment": {}, "sellingGeneralAdministrative": 22788000, "nonRecurring": {}, "otherOperatingExpenses": 16720000, "totalOperatingExpenses": 57852000, "operatingIncome": 3598000, "totalOtherIncomeExpenseNet": 4064000, "ebit": 3598000, "interestExpense": -487000, "incomeBeforeTax": 7662000, "incomeTaxExpense": 1905000, "minorityInterest": {}, "netIncomeFromContinuingOps": 5757000, "discontinuedOperations": {}, "extraordinaryItems": {}, "effectOfAccountingCharges": {}, "otherItems": {}, "netIncome": 5757000, "netIncomeApplicableToCommonShares": 5757000}, {"maxAge": 1, "endDate": "2019-09-30", "totalRevenue": 72527000, "costOfRevenue": 43331000, "grossProfit": 29196000, "researchDevelopment": {}, "sellingGeneralAdministrative": 22788000, "nonRecurring": {}, "otherOperatingExpenses": 16142000, "totalOperatingExpenses": 61671000, "operatingIncome": 10856000, "totalOtherIncomeExpenseNet": 4171000, "ebit": 10856000, "interestExpense": -535000, "incomeBeforeTax": 15027000, "incomeTaxExpense": 3829000, "minorityInterest": {}, "netIncomeFromContinuingOps": 11198000, "discontinuedOperations": {}, "extraordinaryItems": {}, "effectOfAccountingCharges": {}, "otherItems": {}, "netIncome": 11198000, "netIncomeApplicableToCommonShares": 11198000}], "maxAge": 86400}, "cashflowStatementHistoryQuarterly": {"cashflowStatements": [{"maxAge": 1, "endDate": "2020-06-30", "netIncome": -7729000, "changeToLiabilities": 0}, {"maxAge": 1, "endDate": "2020-03-31", "netIncome": -259000, "changeToLiabilities": 0}, {"maxAge": 1, "endDate": "2019-12-31", "netIncome": 5757000, "changeToLiabilities": 0}, {"maxAge": 1, "endDate": "2019-09-30", "netIncome": 11198000, "changeToLiabilities": 0}], "maxAge": 86400}, "insiderHolders": {"holders": [{"maxAge": 1, "name": "Walchand & Company Pvt Ltd", "relation": "Promoter", "url": "", "transactionDescription": "Acquisition", "latestTransDate": "2018-08-28", "positionDirect": 1612512, "positionDirectDate": "2018-08-28"}], "maxAge": 1}, "calendarEvents": {"maxAge": 1, "earnings": {"earningsDate": ["2020-07-29 05:30:S"]}}, "price": {"maxAge": 1, "regularMarketChangePercent": 0.0026316056, "regularMarketChange": 0.15000153, "regularMarketTime": "2021-04-30 15:12:47", "priceHint": 2, "regularMarketPrice": 57.15, "regularMarketDayHigh": 58.95, "regularMarketDayLow": 57.15, "regularMarketVolume": 540, "averageDailyVolume10Day": 2561, "averageDailyVolume3Month": 1791, "regularMarketPreviousClose": 57.0, "regularMarketSource": "FREE_REALTIME", "regularMarketOpen": 57.15, "exchange": "BSE", "exchangeName": "BSE", "exchangeDataDelayedBy": 0, "marketState": "CLOSED", "quoteType": "EQUITY", "symbol": "WALCHPF.BO", "underlyingSymbol": null, "shortName": "WALCHAND PEOPLEFIRST LTD.", "longName": "Walchand PeopleFirst Limited", "currency": "INR", "quoteSourceName": "Delayed Quote", "currencySymbol": "\u20b9", "fromCurrency": null, "toCurrency": null, "lastMarket": null, "marketCap": 165957312}, "balanceSheetHistory": {"balanceSheetStatements": [{"maxAge": 1, "endDate": "2020-03-31", "cash": 95041000, "shortTermInvestments": 1138000, "netReceivables": 49099000, "otherCurrentAssets": 949000, "totalCurrentAssets": 147486000, "propertyPlantEquipment": 36735000, "intangibleAssets": 2376000, "otherAssets": 61260000, "deferredLongTermAssetCharges": 4349000, "totalAssets": 247857000, "accountsPayable": 8843000, "otherCurrentLiab": 4291000, "otherLiab": 4721000, "totalCurrentLiabilities": 50380000, "totalLiab": 72573000, "commonStock": 29039000, "retainedEarnings": 122300000, "treasuryStock": 850000, "capitalSurplus": 23095000, "otherStockholderEquity": 850000, "totalStockholderEquity": 175284000, "netTangibleAssets": 172908000}, {"maxAge": 1, "endDate": "2019-03-31", "cash": 76507000, "shortTermInvestments": 816000, "netReceivables": 53927000, "otherCurrentAssets": 962000, "totalCurrentAssets": 134005000, "longTermInvestments": 600000, "propertyPlantEquipment": 18990000, "intangibleAssets": 2647000, "otherAssets": 72394000, "deferredLongTermAssetCharges": 3936000, "totalAssets": 228636000, "accountsPayable": 6405000, "otherCurrentLiab": 5289000, "otherLiab": 2334000, "totalCurrentLiabilities": 52791000, "totalLiab": 55125000, "commonStock": 29039000, "retainedEarnings": 120527000, "treasuryStock": 850000, "capitalSurplus": 23095000, "otherStockholderEquity": 850000, "totalStockholderEquity": 173511000, "netTangibleAssets": 170864000}, {"maxAge": 1, "endDate": "2018-03-31", "cash": 60953000, "shortTermInvestments": 52000, "netReceivables": 106374000, "otherCurrentAssets": 662000, "totalCurrentAssets": 171001000, "longTermInvestments": 569000, "propertyPlantEquipment": 20354000, "intangibleAssets": 3331000, "otherAssets": 42163000, "deferredLongTermAssetCharges": 4409000, "totalAssets": 237418000, "accountsPayable": 12707000, "otherCurrentLiab": 7129000, "otherLiab": 4706000, "totalCurrentLiabilities": 67849000, "totalLiab": 72555000, "commonStock": 29039000, "retainedEarnings": 111879000, "treasuryStock": 850000, "capitalSurplus": 23095000, "otherStockholderEquity": 850000, "totalStockholderEquity": 164863000, "netTangibleAssets": 161532000}, {"maxAge": 1, "endDate": "2017-03-31", "cash": 67765000, "netReceivables": 44612000, "otherCurrentAssets": 3717000, "totalCurrentAssets": 118674000, "longTermInvestments": 1072000, "propertyPlantEquipment": 21940000, "intangibleAssets": 3756000, "otherAssets": 42912000, "deferredLongTermAssetCharges": 3079000, "totalAssets": 188354000, "accountsPayable": 8038000, "otherCurrentLiab": 4570000, "otherLiab": 2507000, "totalCurrentLiabilities": 42005000, "totalLiab": 44512000, "commonStock": 29039000, "retainedEarnings": 90858000, "treasuryStock": 850000, "capitalSurplus": 23095000, "otherStockholderEquity": 850000, "totalStockholderEquity": 143842000, "netTangibleAssets": 140086000}], "maxAge": 86400}, "financialData": {"maxAge": 86400, "currentPrice": 57.15, "recommendationKey": "none", "grossProfits": 42124000, "financialCurrency": "INR"}}}