{"WALCHANNAG.BO": {"cashflowStatementHistory": {"cashflowStatements": [{"maxAge": 1, "endDate": "2020-03-31", "netIncome": -654600000, "depreciation": 229400000, "changeToNetincome": 1050800000, "changeToAccountReceivables": 533200000, "changeToLiabilities": -73900000, "changeToInventory": -401700000, "changeToOperatingActivities": -98300000, "totalCashFromOperatingActivities": 585500000, "capitalExpenditures": -150700000, "investments": 296500000, "otherCashflowsFromInvestingActivities": 40900000, "totalCashflowsFromInvestingActivities": 390300000, "netBorrowings": -488500000, "otherCashflowsFromFinancingActivities": -722900000, "totalCashFromFinancingActivities": -1211400000, "changeInCash": -235600000}, {"maxAge": 1, "endDate": "2019-03-31", "netIncome": -21400000, "depreciation": 267800000, "changeToNetincome": 589600000, "changeToAccountReceivables": 724000000, "changeToLiabilities": -4700000, "changeToInventory": -236700000, "changeToOperatingActivities": 137500000, "totalCashFromOperatingActivities": 1458600000, "capitalExpenditures": -122400000, "investments": -395100000, "otherCashflowsFromInvestingActivities": 23400000, "totalCashflowsFromInvestingActivities": -492200000, "netBorrowings": -154800000, "otherCashflowsFromFinancingActivities": -628400000, "totalCashFromFinancingActivities": -783200000, "changeInCash": 183200000}, {"maxAge": 1, "endDate": "2018-03-31", "netIncome": -258200000, "depreciation": 328400000, "changeToNetincome": 730500000, "changeToAccountReceivables": -127200000, "changeToLiabilities": 82600000, "changeToInventory": 211700000, "changeToOperatingActivities": -475700000, "totalCashFromOperatingActivities": 498300000, "capitalExpenditures": -75400000, "investments": -144700000, "otherCashflowsFromInvestingActivities": 66200000, "totalCashflowsFromInvestingActivities": 33500000, "netBorrowings": 206500000, "otherCashflowsFromFinancingActivities": -761100000, "totalCashFromFinancingActivities": -554600000, "changeInCash": -22800000}, {"maxAge": 1, "endDate": "2017-03-31", "netIncome": -795200000, "depreciation": 349600000, "changeToNetincome": 1041200000, "changeToAccountReceivables": -189800000, "changeToLiabilities": 97300000, "changeToInventory": 277200000, "changeToOperatingActivities": -161900000, "totalCashFromOperatingActivities": 625500000, "capitalExpenditures": -34200000, "investments": -78200000, "otherCashflowsFromInvestingActivities": 15800000, "totalCashflowsFromInvestingActivities": -96400000, "netBorrowings": 30900000, "otherCashflowsFromFinancingActivities": -695000000, "totalCashFromFinancingActivities": -664100000, "changeInCash": -135000000}], "maxAge": 86400}, "institutionOwnership": {"ownershipList": [], "maxAge": 1}, "balanceSheetHistoryQuarterly": {"balanceSheetStatements": [{"maxAge": 1, "endDate": "2020-06-30", "totalStockholderEquity": 2690800000, "netTangibleAssets": 2681000000}, {"maxAge": 1, "endDate": "2020-03-31", "cash": 32100000, "shortTermInvestments": 39200000, "netReceivables": 2509900000, "inventory": 2349300000, "otherCurrentAssets": 813700000, "totalCurrentAssets": 5853700000, "longTermInvestments": 900000, "propertyPlantEquipment": 3514600000, "intangibleAssets": 9800000, "otherAssets": 1082300000, "totalAssets": 10461300000, "accountsPayable": 872400000, "shortLongTermDebt": 244500000, "otherCurrentLiab": 1297200000, "longTermDebt": 1591200000, "otherLiab": 1142800000, "totalCurrentLiabilities": 5036500000, "totalLiab": 7770500000, "commonStock": 76100000, "retainedEarnings": 2120900000, "treasuryStock": -5600000, "capitalSurplus": 499400000, "otherStockholderEquity": -5600000, "totalStockholderEquity": 2690800000, "netTangibleAssets": 2681000000}, {"maxAge": 1, "endDate": "2019-12-31", "totalStockholderEquity": 3160600000, "netTangibleAssets": 3150100000}, {"maxAge": 1, "endDate": "2019-09-30", "cash": 529100000, "shortTermInvestments": 871300000, "netReceivables": 2897400000, "inventory": 2240700000, "otherCurrentAssets": 1001500000, "totalCurrentAssets": 6668700000, "longTermInvestments": 52900000, "propertyPlantEquipment": 3472300000, "intangibleAssets": 10500000, "otherAssets": 1532400000, "totalAssets": 11736800000, "accountsPayable": 1064300000, "otherCurrentLiab": 2488600000, "longTermDebt": 1580500000, "otherLiab": 1162400000, "totalCurrentLiabilities": 5833300000, "totalLiab": 8576200000, "commonStock": 76100000, "treasuryStock": 3084500000, "otherStockholderEquity": 3084500000, "totalStockholderEquity": 3160600000, "netTangibleAssets": 3150100000}], "maxAge": 86400}, "indexTrend": {"maxAge": 1, "symbol": "SP5", "peRatio": 19.7411, "pegRatio": 1.34172, "estimates": [{"period": "0q", "growth": 0.549}, {"period": "+1q", "growth": 0.431}, {"period": "0y", "growth": 0.305}, {"period": "+1y", "growth": 0.109}, {"period": "+5y", "growth": 0.120865}, {"period": "-5y"}]}, "insiderTransactions": {"transactions": [{"maxAge": 1, "shares": 8310, "filerUrl": "", "transactionText": "", "filerName": "Walchand Kamdhenu Commercials Pvt Ltd", "filerRelation": "Promoter", "moneyText": "", "startDate": "2012-03-22", "ownership": "D"}], "maxAge": 1}, "quoteType": {"exchange": "BSE", "quoteType": "EQUITY", "symbol": "WALCHANNAG.BO", "underlyingSymbol": "WALCHANNAG.BO", "shortName": "WALCHANDNAGAR INDUSTRIES LTD.", "longName": "Walchandnagar Industries Limited", "firstTradeDateEpochUtc": "2000-11-13 09:15:00", "timeZoneFullName": "Asia/Kolkata", "timeZoneShortName": "IST", "uuid": "7fc320b2-a3cd-338a-ac57-bf5d5ab40a08", "gmtOffSetMilliseconds": 19800000, "maxAge": 1}, "incomeStatementHistory": {"incomeStatementHistory": [{"maxAge": 1, "endDate": "2020-03-31", "totalRevenue": 2980500000, "costOfRevenue": 1195500000, "grossProfit": 1785000000, "researchDevelopment": {}, "sellingGeneralAdministrative": 846300000, "nonRecurring": {}, "otherOperatingExpenses": 137800000, "totalOperatingExpenses": 2781700000, "operatingIncome": 198800000, "totalOtherIncomeExpenseNet": -853400000, "ebit": 198800000, "interestExpense": -671900000, "incomeBeforeTax": -654600000, "incomeTaxExpense": 0, "minorityInterest": {}, "netIncomeFromContinuingOps": -654600000, "discontinuedOperations": {}, "extraordinaryItems": {}, "effectOfAccountingCharges": {}, "otherItems": {}, "netIncome": -654600000, "netIncomeApplicableToCommonShares": -654600000}, {"maxAge": 1, "endDate": "2019-03-31", "totalRevenue": 3640500000, "costOfRevenue": 1626500000, "grossProfit": 2014000000, "researchDevelopment": {}, "sellingGeneralAdministrative": 852900000, "nonRecurring": {}, "otherOperatingExpenses": 6800000, "totalOperatingExpenses": 2997700000, "operatingIncome": 642800000, "totalOtherIncomeExpenseNet": -664200000, "ebit": 642800000, "interestExpense": -627400000, "incomeBeforeTax": -21400000, "incomeTaxExpense": 0, "minorityInterest": {}, "netIncomeFromContinuingOps": -21400000, "discontinuedOperations": {}, "extraordinaryItems": {}, "effectOfAccountingCharges": {}, "otherItems": {}, "netIncome": -21400000, "netIncomeApplicableToCommonShares": -21400000}, {"maxAge": 1, "endDate": "2018-03-31", "totalRevenue": 3984100000, "costOfRevenue": 2076200000, "grossProfit": 1907900000, "researchDevelopment": {}, "sellingGeneralAdministrative": 786500000, "nonRecurring": {}, "otherOperatingExpenses": 345500000, "totalOperatingExpenses": 3542800000, "operatingIncome": 441300000, "totalOtherIncomeExpenseNet": -699500000, "ebit": 441300000, "interestExpense": -607600000, "incomeBeforeTax": -258200000, "incomeTaxExpense": 0, "minorityInterest": {}, "netIncomeFromContinuingOps": -258200000, "discontinuedOperations": {}, "extraordinaryItems": {}, "effectOfAccountingCharges": {}, "otherItems": {}, "netIncome": -258200000, "netIncomeApplicableToCommonShares": -258200000}, {"maxAge": 1, "endDate": "2017-03-31", "totalRevenue": 3979100000, "costOfRevenue": 2162600000, "grossProfit": 1816500000, "researchDevelopment": {}, "sellingGeneralAdministrative": 838400000, "nonRecurring": {}, "otherOperatingExpenses": 474400000, "totalOperatingExpenses": 3832100000, "operatingIncome": 147000000, "totalOtherIncomeExpenseNet": -688900000, "ebit": 147000000, "interestExpense": -554000000, "incomeBeforeTax": -541900000, "incomeTaxExpense": 253300000, "minorityInterest": {}, "netIncomeFromContinuingOps": -795200000, "discontinuedOperations": {}, "extraordinaryItems": {}, "effectOfAccountingCharges": {}, "otherItems": {}, "netIncome": -795200000, "netIncomeApplicableToCommonShares": -795200000}], "maxAge": 86400}, "fundOwnership": {"ownershipList": [], "maxAge": 1}, "summaryDetail": {"maxAge": 1, "priceHint": 2, "previousClose": 59.5, "open": 58.8, "dayLow": 58.8, "dayHigh": 66.3, "regularMarketPreviousClose": 59.5, "regularMarketOpen": 58.8, "regularMarketDayLow": 58.8, "regularMarketDayHigh": 66.3, "volume": 123029, "regularMarketVolume": 123029, "averageVolume": 43942, "averageVolume10days": 10508, "averageDailyVolume10Day": 10508, "bid": 62.25, "ask": 62.8, "bidSize": 0, "askSize": 0, "marketCap": 2379484672, "fiftyTwoWeekLow": 22.15, "fiftyTwoWeekHigh": 80.0, "fiftyDayAverage": 65.07273, "twoHundredDayAverage": 56.19706, "currency": "INR", "fromCurrency": null, "lastMarket": null, "algorithm": null, "tradeable": false}, "incomeStatementHistoryQuarterly": {"incomeStatementHistory": [{"maxAge": 1, "endDate": "2020-06-30", "totalRevenue": 478300000, "costOfRevenue": 173000000, "grossProfit": 305300000, "researchDevelopment": {}, "sellingGeneralAdministrative": 201200000, "nonRecurring": {}, "otherOperatingExpenses": 98400000, "totalOperatingExpenses": 526600000, "operatingIncome": -48300000, "totalOtherIncomeExpenseNet": -176900000, "ebit": -48300000, "interestExpense": -190300000, "incomeBeforeTax": -225200000, "incomeTaxExpense": 0, "minorityInterest": {}, "netIncomeFromContinuingOps": -225200000, "discontinuedOperations": {}, "extraordinaryItems": {}, "effectOfAccountingCharges": {}, "otherItems": {}, "netIncome": -225200000, "netIncomeApplicableToCommonShares": -225200000}, {"maxAge": 1, "endDate": "2020-03-31", "totalRevenue": 604300000, "costOfRevenue": 329800000, "grossProfit": 274500000, "researchDevelopment": {}, "sellingGeneralAdministrative": 237100000, "nonRecurring": {}, "otherOperatingExpenses": -382400000, "totalOperatingExpenses": 610500000, "operatingIncome": -6200000, "totalOtherIncomeExpenseNet": -215200000, "ebit": -6200000, "interestExpense": -8300000, "incomeBeforeTax": -221400000, "incomeTaxExpense": 0, "minorityInterest": {}, "netIncomeFromContinuingOps": -221400000, "discontinuedOperations": {}, "extraordinaryItems": {}, "effectOfAccountingCharges": {}, "otherItems": {}, "netIncome": -221400000, "netIncomeApplicableToCommonShares": -221400000}, {"maxAge": 1, "endDate": "2019-12-31", "totalRevenue": 746600000, "costOfRevenue": 291800000, "grossProfit": 454800000, "researchDevelopment": {}, "sellingGeneralAdministrative": 210000000, "nonRecurring": {}, "otherOperatingExpenses": 163500000, "totalOperatingExpenses": 723400000, "operatingIncome": 23200000, "totalOtherIncomeExpenseNet": -262300000, "ebit": 23200000, "interestExpense": -214400000, "incomeBeforeTax": -239100000, "incomeTaxExpense": 0, "minorityInterest": {}, "netIncomeFromContinuingOps": -239100000, "discontinuedOperations": {}, "extraordinaryItems": {}, "effectOfAccountingCharges": {}, "otherItems": {}, "netIncome": -239100000, "netIncomeApplicableToCommonShares": -239100000}, {"maxAge": 1, "endDate": "2019-09-30", "totalRevenue": 1001700000, "costOfRevenue": 276600000, "grossProfit": 725100000, "researchDevelopment": {}, "sellingGeneralAdministrative": 197200000, "nonRecurring": {}, "otherOperatingExpenses": 259500000, "totalOperatingExpenses": 792100000, "operatingIncome": 209600000, "totalOtherIncomeExpenseNet": -198800000, "ebit": 209600000, "interestExpense": -226500000, "incomeBeforeTax": 10800000, "incomeTaxExpense": 0, "minorityInterest": {}, "netIncomeFromContinuingOps": 10800000, "discontinuedOperations": {}, "extraordinaryItems": {}, "effectOfAccountingCharges": {}, "otherItems": {}, "netIncome": 10800000, "netIncomeApplicableToCommonShares": 10800000}], "maxAge": 86400}, "cashflowStatementHistoryQuarterly": {"cashflowStatements": [{"maxAge": 1, "endDate": "2020-06-30", "netIncome": -225200000, "changeToLiabilities": 0}, {"maxAge": 1, "endDate": "2020-03-31", "netIncome": -221400000, "changeToLiabilities": 0}, {"maxAge": 1, "endDate": "2019-12-31", "netIncome": -239100000, "changeToLiabilities": 0}, {"maxAge": 1, "endDate": "2019-09-30", "netIncome": 10800000, "changeToLiabilities": 0}], "maxAge": 86400}, "insiderHolders": {"holders": [{"maxAge": 1, "name": "Walchand Kamdhenu Commercials Pvt Ltd", "relation": "Promoter", "url": "", "transactionDescription": "Acquisition", "latestTransDate": "2012-03-22", "positionDirect": 9869673, "positionDirectDate": "2012-03-22"}], "maxAge": 1}, "calendarEvents": {"maxAge": 1, "earnings": {"earningsDate": []}}, "upgradeDowngradeHistory": {"history": [], "maxAge": 86400}, "price": {"maxAge": 1, "regularMarketChangePercent": 0.052941203, "regularMarketChange": 3.1500015, "regularMarketTime": "2021-04-30 15:42:21", "priceHint": 2, "regularMarketPrice": 62.65, "regularMarketDayHigh": 66.3, "regularMarketDayLow": 58.8, "regularMarketVolume": 123029, "averageDailyVolume10Day": 10508, "averageDailyVolume3Month": 43942, "regularMarketPreviousClose": 59.5, "regularMarketSource": "FREE_REALTIME", "regularMarketOpen": 58.8, "exchange": "BSE", "exchangeName": "BSE", "exchangeDataDelayedBy": 0, "marketState": "CLOSED", "quoteType": "EQUITY", "symbol": "WALCHANNAG.BO", "underlyingSymbol": null, "shortName": "WALCHANDNAGAR INDUSTRIES LTD.", "longName": "Walchandnagar Industries Limited", "currency": "INR", "quoteSourceName": "Delayed Quote", "currencySymbol": "\u20b9", "fromCurrency": null, "lastMarket": null, "marketCap": 2379484672}, "balanceSheetHistory": {"balanceSheetStatements": [{"maxAge": 1, "endDate": "2020-03-31", "cash": 32100000, "shortTermInvestments": 39200000, "netReceivables": 2509900000, "inventory": 2349300000, "otherCurrentAssets": 813700000, "totalCurrentAssets": 5853700000, "longTermInvestments": 900000, "propertyPlantEquipment": 3514600000, "intangibleAssets": 9800000, "otherAssets": 1082300000, "totalAssets": 10461300000, "accountsPayable": 872400000, "shortLongTermDebt": 244500000, "otherCurrentLiab": 1297200000, "longTermDebt": 1591200000, "otherLiab": 1142800000, "totalCurrentLiabilities": 5036500000, "totalLiab": 7770500000, "commonStock": 76100000, "retainedEarnings": 2120900000, "treasuryStock": -5600000, "capitalSurplus": 499400000, "otherStockholderEquity": -5600000, "totalStockholderEquity": 2690800000, "netTangibleAssets": 2681000000}, {"maxAge": 1, "endDate": "2019-03-31", "cash": 267700000, "shortTermInvestments": 39400000, "netReceivables": 2724900000, "inventory": 1947600000, "otherCurrentAssets": 1410100000, "totalCurrentAssets": 6524100000, "longTermInvestments": 49400000, "propertyPlantEquipment": 3593200000, "intangibleAssets": 10600000, "otherAssets": 1483500000, "totalAssets": 11660800000, "accountsPayable": 946300000, "shortLongTermDebt": 350700000, "otherCurrentLiab": 1648900000, "longTermDebt": 2022000000, "otherLiab": 754500000, "totalCurrentLiabilities": 5530900000, "totalLiab": 8307400000, "commonStock": 76100000, "retainedEarnings": 2775500000, "treasuryStock": 2400000, "capitalSurplus": 499400000, "otherStockholderEquity": 2400000, "totalStockholderEquity": 3353400000, "netTangibleAssets": 3342800000}, {"maxAge": 1, "endDate": "2018-03-31", "cash": 84500000, "shortTermInvestments": 19100000, "netReceivables": 4120700000, "inventory": 1711000000, "otherCurrentAssets": 970500000, "totalCurrentAssets": 7081800000, "longTermInvestments": 49200000, "propertyPlantEquipment": 3622600000, "intangibleAssets": 15900000, "otherAssets": 776900000, "totalAssets": 11546400000, "accountsPayable": 954500000, "shortLongTermDebt": 300000, "otherCurrentLiab": 1483500000, "longTermDebt": 2485300000, "otherLiab": 611500000, "totalCurrentLiabilities": 5059200000, "totalLiab": 8156000000, "commonStock": 76100000, "retainedEarnings": 2796600000, "treasuryStock": 18300000, "capitalSurplus": 499400000, "otherStockholderEquity": 18300000, "totalStockholderEquity": 3390400000, "netTangibleAssets": 3374500000}, {"maxAge": 1, "endDate": "2017-03-31", "cash": 107300000, "netReceivables": 4172600000, "inventory": 1922800000, "otherCurrentAssets": 1339300000, "totalCurrentAssets": 7666900000, "longTermInvestments": 28700000, "propertyPlantEquipment": 3880700000, "intangibleAssets": 14600000, "otherAssets": 499800000, "totalAssets": 12090700000, "accountsPayable": 872000000, "shortLongTermDebt": 170300000, "otherCurrentLiab": 1722700000, "longTermDebt": 525500000, "otherLiab": 666600000, "totalCurrentLiabilities": 7254200000, "totalLiab": 8446300000, "commonStock": 76100000, "retainedEarnings": 3050100000, "treasuryStock": 18800000, "capitalSurplus": 499400000, "otherStockholderEquity": 18800000, "totalStockholderEquity": 3644400000, "netTangibleAssets": 3629800000}], "maxAge": 86400}, "financialData": {"maxAge": 86400, "currentPrice": 62.65, "recommendationKey": "none", "grossProfits": 1785000000, "financialCurrency": "INR"}}}