{"WANBURY.NS": {"assetProfile": {"address1": "BSEL Tech Park, B-Wing", "address2": "10th Floor Sector 30-A, Opp. Vashi Railway Sta Vashi", "city": "Navi Mumbai", "zip": "400703", "country": "India", "phone": "91 22 6794 2222", "fax": "91 22 6794 2111", "website": "http://www.wanbury.com", "industry": "Drug Manufacturers\u2014Specialty & Generic", "sector": "Healthcare", "longBusinessSummary": "Wanbury Limited manufactures and sells formulations and active pharmaceutical ingredients (API) in India. The company offers formulations for gynecology, orthopedics, heamatinics, anti-diabetic, nutraceuticals, gastro intestinal, stroke surgery, antibiotics, cough and cold solutions, anti-inflammatory, analgesics, and general practitioner purposes approximately under 70 brands. It also provides API products for anti-diabetic, anti-analgesic, anti-depressant, anti-histaminic, anti-inflammatory, anti-arthritis, anti-thrombotic, anti-epileptic, and anti-hypertensive therapeutic areas. Wanbury Limited also exports its products. The company was formerly known as Pearl Organics Limited and changed its name to Wanbury Limited in 2004. Wanbury Limited was incorporated in 1988 and is headquartered in Navi Mumbai, India.", "fullTimeEmployees": 1437, "companyOfficers": [{"maxAge": 1, "name": "Mr. K.  Chandran", "age": 62, "title": "Vice Chairman", "yearBorn": 1958, "fiscalYear": 2020, "totalPay": 0, "exercisedValue": 0, "unexercisedValue": 0}, {"maxAge": 1, "name": "Mr. Vinod R. Verma", "title": "Chief Financial Officer", "fiscalYear": 2020, "totalPay": 13037772, "exercisedValue": 0, "unexercisedValue": 0}, {"maxAge": 1, "name": "Mr. Jitendra J. Gandhi", "title": "Compliance Officer & Company Sec.", "fiscalYear": 2020, "totalPay": 3681268, "exercisedValue": 0, "unexercisedValue": 0}, {"maxAge": 1, "name": "Dr. Shireesh  Ambhaikar", "title": "Pres of Operations - API Bus.", "fiscalYear": 2020, "totalPay": 13721355, "exercisedValue": 0, "unexercisedValue": 0}, {"maxAge": 1, "name": "Mr. Nanasaheb  Gunjal", "age": 57, "title": "Sr. VP of QA,QC & RA", "yearBorn": 1963, "exercisedValue": 0, "unexercisedValue": 0}], "compensationAsOfEpochDate": "2020-12-31 05:30:00", "maxAge": 86400}, "recommendationTrend": {"trend": [{"period": "0m", "strongBuy": 0, "buy": 0, "hold": 0, "sell": 0, "strongSell": 0}, {"period": "-1m", "strongBuy": 0, "buy": 0, "hold": 0, "sell": 0, "strongSell": 0}, {"period": "-2m", "strongBuy": 0, "buy": 0, "hold": 0, "sell": 0, "strongSell": 0}, {"period": "-3m", "strongBuy": 0, "buy": 0, "hold": 0, "sell": 0, "strongSell": 0}], "maxAge": 86400}, "cashflowStatementHistory": {"cashflowStatements": [{"maxAge": 1, "endDate": "2020-03-31", "netIncome": 644618000, "depreciation": 94665000, "changeToNetincome": -509146000, "changeToAccountReceivables": -51644000, "changeToLiabilities": 85531000, "changeToInventory": 70757000, "changeToOperatingActivities": 104376000, "totalCashFromOperatingActivities": 441333000, "capitalExpenditures": -78306000, "otherCashflowsFromInvestingActivities": -113517000, "totalCashflowsFromInvestingActivities": 636600000, "netBorrowings": -970710000, "otherCashflowsFromFinancingActivities": -108263000, "totalCashFromFinancingActivities": -1078723000, "changeInCash": -790000, "issuanceOfStock": 250000}, {"maxAge": 1, "endDate": "2019-03-31", "netIncome": -248477000, "depreciation": 97566000, "changeToNetincome": 327336000, "changeToAccountReceivables": -137668000, "changeToLiabilities": 297292000, "changeToInventory": -62623000, "changeToOperatingActivities": 21757000, "totalCashFromOperatingActivities": 297308000, "capitalExpenditures": -47154000, "otherCashflowsFromInvestingActivities": 16268000, "totalCashflowsFromInvestingActivities": -30741000, "netBorrowings": -154043000, "otherCashflowsFromFinancingActivities": -113799000, "totalCashFromFinancingActivities": -267842000, "changeInCash": -1275000, "issuanceOfStock": 250000}, {"maxAge": 1, "endDate": "2018-03-31", "netIncome": -320079000, "depreciation": 100955000, "changeToNetincome": 281470000, "changeToAccountReceivables": 403136000, "changeToLiabilities": -322057000, "changeToInventory": 211569000, "changeToOperatingActivities": -32178000, "totalCashFromOperatingActivities": 324881000, "capitalExpenditures": -28443000, "otherCashflowsFromInvestingActivities": 14560000, "totalCashflowsFromInvestingActivities": -13883000, "netBorrowings": -264852000, "otherCashflowsFromFinancingActivities": -67725000, "totalCashFromFinancingActivities": -332577000, "changeInCash": -21579000, "issuanceOfStock": 250000}, {"maxAge": 1, "endDate": "2017-03-31", "netIncome": 620148000, "depreciation": 100093000, "changeToNetincome": -472708000, "changeToAccountReceivables": -167909000, "changeToLiabilities": 436589000, "changeToInventory": 3858000, "changeToOperatingActivities": -89275000, "totalCashFromOperatingActivities": 433858000, "capitalExpenditures": -147022000, "otherCashflowsFromInvestingActivities": 16433000, "totalCashflowsFromInvestingActivities": -130589000, "netBorrowings": -114080000, "otherCashflowsFromFinancingActivities": -155266000, "totalCashFromFinancingActivities": -269346000, "changeInCash": 33923000, "issuanceOfStock": 250000}], "maxAge": 86400}, "indexTrend": {"maxAge": 1, "symbol": "SP5", "peRatio": 19.7411, "pegRatio": 1.34172, "estimates": [{"period": "0q", "growth": 0.549}, {"period": "+1q", "growth": 0.431}, {"period": "0y", "growth": 0.305}, {"period": "+1y", "growth": 0.109}, {"period": "+5y", "growth": 0.120865}, {"period": "-5y"}]}, "defaultKeyStatistics": {"maxAge": 1, "priceHint": 2, "enterpriseValue": 3771493120, "profitMargins": 0.17317, "floatShares": 10532070, "sharesOutstanding": 32630500, "heldPercentInsiders": 0.65427, "heldPercentInstitutions": 0.01117, "beta": 0.906806, "category": null, "bookValue": -62.112, "fundFamily": null, "legalType": null, "lastFiscalYearEnd": "2020-03-31 05:30:00", "nextFiscalYearEnd": "2022-03-31 05:30:00", "mostRecentQuarter": "2020-12-31 05:30:00", "netIncomeToCommon": 587308032, "trailingEps": 23.501, "lastSplitFactor": null, "enterpriseToRevenue": 1.112, "enterpriseToEbitda": 32.685}, "industryTrend": {"maxAge": 1, "symbol": null, "estimates": []}, "quoteType": {"exchange": "NSI", "quoteType": "EQUITY", "symbol": "WANBURY.NS", "underlyingSymbol": "WANBURY.NS", "shortName": "WANBURY LTD", "longName": "Wanbury Limited", "firstTradeDateEpochUtc": "2007-01-29 09:15:00", "timeZoneFullName": "Asia/Kolkata", "timeZoneShortName": "IST", "uuid": "817fa7fa-a589-3aa6-a296-edb0baf1dc9c", "gmtOffSetMilliseconds": 19800000, "maxAge": 1}, "incomeStatementHistory": {"incomeStatementHistory": [{"maxAge": 1, "endDate": "2020-03-31", "totalRevenue": 3674547000, "costOfRevenue": 1859954000, "grossProfit": 1814593000, "researchDevelopment": {}, "sellingGeneralAdministrative": 795278000, "nonRecurring": {}, "otherOperatingExpenses": 339368000, "totalOperatingExpenses": 3536806000, "operatingIncome": 137741000, "totalOtherIncomeExpenseNet": 508964000, "ebit": 137741000, "interestExpense": -328707000, "incomeBeforeTax": 646705000, "incomeTaxExpense": 2087000, "minorityInterest": {}, "netIncomeFromContinuingOps": 644618000, "discontinuedOperations": {}, "extraordinaryItems": {}, "effectOfAccountingCharges": {}, "otherItems": {}, "netIncome": 644618000, "netIncomeApplicableToCommonShares": 644618000}, {"maxAge": 1, "endDate": "2019-03-31", "totalRevenue": 3913741000, "costOfRevenue": 2013272000, "grossProfit": 1900469000, "researchDevelopment": {}, "sellingGeneralAdministrative": 937164000, "nonRecurring": {}, "otherOperatingExpenses": 801718000, "totalOperatingExpenses": 3851845000, "operatingIncome": 61896000, "totalOtherIncomeExpenseNet": -311739000, "ebit": 61896000, "interestExpense": -398846000, "incomeBeforeTax": -249843000, "incomeTaxExpense": -1366000, "minorityInterest": {}, "netIncomeFromContinuingOps": -248477000, "discontinuedOperations": {}, "extraordinaryItems": {}, "effectOfAccountingCharges": {}, "otherItems": {}, "netIncome": -248477000, "netIncomeApplicableToCommonShares": -248477000}, {"maxAge": 1, "endDate": "2018-03-31", "totalRevenue": 3711030000, "costOfRevenue": 1783307000, "grossProfit": 1927723000, "researchDevelopment": {}, "sellingGeneralAdministrative": 1068412000, "nonRecurring": {}, "otherOperatingExpenses": 1536710000, "totalOperatingExpenses": 4490818000, "operatingIncome": -779788000, "totalOtherIncomeExpenseNet": 455933000, "ebit": -779788000, "interestExpense": -308628000, "incomeBeforeTax": -323855000, "incomeTaxExpense": -3776000, "minorityInterest": {}, "netIncomeFromContinuingOps": -320079000, "discontinuedOperations": {}, "extraordinaryItems": {}, "effectOfAccountingCharges": {}, "otherItems": {}, "netIncome": -320079000, "netIncomeApplicableToCommonShares": -320079000}, {"maxAge": 1, "endDate": "2017-03-31", "totalRevenue": 4338093000, "costOfRevenue": 1971619000, "grossProfit": 2366474000, "researchDevelopment": {}, "sellingGeneralAdministrative": 1114278000, "nonRecurring": {}, "otherOperatingExpenses": 1067566000, "totalOperatingExpenses": 4255987000, "operatingIncome": 82106000, "totalOtherIncomeExpenseNet": 541876000, "ebit": 82106000, "interestExpense": -355069000, "incomeBeforeTax": 623982000, "incomeTaxExpense": 3834000, "minorityInterest": {}, "netIncomeFromContinuingOps": 620148000, "discontinuedOperations": {}, "extraordinaryItems": {}, "effectOfAccountingCharges": {}, "otherItems": {}, "netIncome": 620148000, "netIncomeApplicableToCommonShares": 620148000}], "maxAge": 86400}, "fundOwnership": {"ownershipList": [], "maxAge": 1}, "summaryDetail": {"maxAge": 1, "priceHint": 2, "previousClose": 108.0, "open": 107.5, "dayLow": 105.0, "dayHigh": 107.5, "regularMarketPreviousClose": 108.0, "regularMarketOpen": 107.5, "regularMarketDayLow": 105.0, "regularMarketDayHigh": 107.5, "exDividendDate": "2010-07-29 05:30:00", "payoutRatio": 0.0, "beta": 0.906806, "trailingPE": 4.4849157, "volume": 28925, "regularMarketVolume": 28925, "averageVolume": 38694, "averageVolume10days": 21637, "averageDailyVolume10Day": 21637, "bid": 0.0, "ask": 0.0, "bidSize": 0, "askSize": 0, "marketCap": 3436071680, "fiftyTwoWeekLow": 16.65, "fiftyTwoWeekHigh": 113.9, "priceToSalesTrailing12Months": 1.0131699, "fiftyDayAverage": 86.19697, "twoHundredDayAverage": 52.458214, "currency": "INR", "fromCurrency": null, "lastMarket": null, "algorithm": null, "tradeable": false}, "insiderHolders": {"holders": [{"maxAge": 1, "name": "Expert Chemicals India Pvt. Ltd.", "relation": "Promoter", "url": "", "transactionDescription": "Other", "latestTransDate": "2017-02-10", "positionDirect": 10005561, "positionDirectDate": "2017-02-10"}], "maxAge": 1}, "calendarEvents": {"maxAge": 1, "earnings": {"earningsDate": ["2018-02-14 05:30:S", "2018-02-16 05:30:S"]}, "exDividendDate": "2010-07-29 05:30:00"}, "upgradeDowngradeHistory": {"history": [], "maxAge": 86400}, "price": {"maxAge": 1, "regularMarketChangePercent": -0.02407406, "regularMarketChange": -2.5999985, "regularMarketTime": "2021-04-30 15:29:17", "priceHint": 2, "regularMarketPrice": 105.4, "regularMarketDayHigh": 107.5, "regularMarketDayLow": 105.0, "regularMarketVolume": 28925, "averageDailyVolume10Day": 21637, "averageDailyVolume3Month": 38694, "regularMarketPreviousClose": 108.0, "regularMarketSource": "FREE_REALTIME", "regularMarketOpen": 107.5, "exchange": "NSI", "exchangeName": "NSE", "exchangeDataDelayedBy": 15, "marketState": "CLOSED", "quoteType": "EQUITY", "symbol": "WANBURY.NS", "underlyingSymbol": null, "shortName": "WANBURY LTD", "longName": "Wanbury Limited", "currency": "INR", "quoteSourceName": "Delayed Quote", "currencySymbol": "\u20b9", "fromCurrency": null, "lastMarket": null, "marketCap": 3436071680}, "balanceSheetHistory": {"balanceSheetStatements": [{"maxAge": 1, "endDate": "2020-03-31", "cash": 26610000, "shortTermInvestments": 120384000, "netReceivables": 553409000, "inventory": 122573000, "otherCurrentAssets": 102028000, "totalCurrentAssets": 936366000, "longTermInvestments": 68000, "propertyPlantEquipment": 1773760000, "intangibleAssets": 4129000, "otherAssets": 72601000, "deferredLongTermAssetCharges": 33638000, "totalAssets": 2786924000, "accountsPayable": 1218680000, "shortLongTermDebt": 571843000, "otherCurrentLiab": 578512000, "longTermDebt": 995416000, "otherLiab": 115617000, "totalCurrentLiabilities": 2843802000, "totalLiab": 3954835000, "commonStock": 249951000, "retainedEarnings": -2397186000, "treasuryStock": 112737000, "capitalSurplus": 599967000, "otherStockholderEquity": 112737000, "totalStockholderEquity": -1434531000, "netTangibleAssets": -1438660000}, {"maxAge": 1, "endDate": "2019-03-31", "cash": 27400000, "netReceivables": 658626000, "inventory": 193330000, "otherCurrentAssets": 92264000, "totalCurrentAssets": 981528000, "longTermInvestments": 198000, "propertyPlantEquipment": 1807531000, "intangibleAssets": 5765000, "otherAssets": 65451000, "deferredLongTermAssetCharges": 33638000, "totalAssets": 2860473000, "accountsPayable": 1122360000, "shortLongTermDebt": 527800000, "otherCurrentLiab": 628235000, "longTermDebt": 1230316000, "otherLiab": 106937000, "totalCurrentLiabilities": 3349355000, "totalLiab": 4686608000, "commonStock": 237201000, "retainedEarnings": -3037211000, "treasuryStock": 112228000, "capitalSurplus": 595025000, "otherStockholderEquity": 112228000, "totalStockholderEquity": -2092757000, "netTangibleAssets": -2098522000}, {"maxAge": 1, "endDate": "2018-03-31", "cash": 28675000, "netReceivables": 469347000, "inventory": 130707000, "otherCurrentAssets": 136023000, "totalCurrentAssets": 776970000, "longTermInvestments": 196000, "propertyPlantEquipment": 1876052000, "intangibleAssets": 7778000, "otherAssets": 66198000, "deferredLongTermAssetCharges": 33638000, "totalAssets": 2727194000, "accountsPayable": 831338000, "shortLongTermDebt": 704967000, "otherCurrentLiab": 627818000, "longTermDebt": 990111000, "otherLiab": 101438000, "totalCurrentLiabilities": 3215854000, "totalLiab": 4307403000, "commonStock": 237201000, "retainedEarnings": -2791787000, "treasuryStock": 112732000, "capitalSurplus": 595025000, "otherStockholderEquity": 112732000, "totalStockholderEquity": -1846829000, "netTangibleAssets": -1854607000}, {"maxAge": 1, "endDate": "2017-03-31", "cash": 50254000, "netReceivables": 1307445000, "inventory": 342276000, "otherCurrentAssets": 209301000, "totalCurrentAssets": 1917283000, "longTermInvestments": 261000, "propertyPlantEquipment": 1950266000, "intangibleAssets": 8908000, "otherAssets": 242525000, "deferredLongTermAssetCharges": 33638000, "totalAssets": 4119243000, "accountsPayable": 1401132000, "shortLongTermDebt": 851368000, "otherCurrentLiab": 660727000, "longTermDebt": 1537333000, "otherLiab": 95535000, "totalCurrentLiabilities": 3752527000, "totalLiab": 5385395000, "commonStock": 232201000, "retainedEarnings": -2473831000, "treasuryStock": 208831000, "capitalSurplus": 500023000, "otherStockholderEquity": 208831000, "totalStockholderEquity": -1532776000, "netTangibleAssets": -1541684000}], "maxAge": 86400}, "earningsTrend": {"trend": [{"maxAge": 1, "period": "0q", "endDate": null, "growth": {}, "earningsEstimate": {"avg": 0.0, "low": 0.0, "high": 0.0, "yearAgoEps": {}, "numberOfAnalysts": 0, "growth": {}}, "revenueEstimate": {"avg": 0, "low": 0, "high": 0, "numberOfAnalysts": 0, "yearAgoRevenue": {}, "growth": {}}, "epsTrend": {"current": 0.0, "7daysAgo": 0.0, "30daysAgo": 0.0, "60daysAgo": 0.0, "90daysAgo": 0.0}, "epsRevisions": {"upLast7days": 0, "upLast30days": 0, "downLast30days": 0, "downLast90days": {}}}, {"maxAge": 1, "period": "+1q", "endDate": null, "growth": {}, "earningsEstimate": {"avg": 0.0, "low": 0.0, "high": 0.0, "yearAgoEps": {}, "numberOfAnalysts": 0, "growth": {}}, "revenueEstimate": {"avg": 0, "low": 0, "high": 0, "numberOfAnalysts": 0, "yearAgoRevenue": {}, "growth": {}}, "epsTrend": {"current": 0.0, "7daysAgo": 0.0, "30daysAgo": 0.0, "60daysAgo": 0.0, "90daysAgo": 0.0}, "epsRevisions": {"upLast7days": 0, "upLast30days": 0, "downLast30days": 0, "downLast90days": {}}}, {"maxAge": 1, "period": "0y", "endDate": null, "growth": {}, "earningsEstimate": {"avg": 0.0, "low": 0.0, "high": 0.0, "yearAgoEps": {}, "numberOfAnalysts": 0, "growth": {}}, "revenueEstimate": {"avg": 0, "low": 0, "high": 0, "numberOfAnalysts": 0, "yearAgoRevenue": {}, "growth": {}}, "epsTrend": {"current": 0.0, "7daysAgo": 0.0, "30daysAgo": 0.0, "60daysAgo": 0.0, "90daysAgo": 0.0}, "epsRevisions": {"upLast7days": 0, "upLast30days": 0, "downLast30days": 0, "downLast90days": {}}}, {"maxAge": 1, "period": "+1y", "endDate": null, "growth": {}, "earningsEstimate": {"avg": 0.0, "low": 0.0, "high": 0.0, "yearAgoEps": {}, "numberOfAnalysts": 0, "growth": {}}, "revenueEstimate": {"avg": 0, "low": 0, "high": 0, "numberOfAnalysts": 0, "yearAgoRevenue": {}, "growth": {}}, "epsTrend": {"current": 0.0, "7daysAgo": 0.0, "30daysAgo": 0.0, "60daysAgo": 0.0, "90daysAgo": 0.0}, "epsRevisions": {"upLast7days": 0, "upLast30days": 0, "downLast30days": 0, "downLast90days": {}}}, {"maxAge": 1, "period": "+5y", "endDate": null, "growth": {}, "earningsEstimate": {"avg": {}, "low": {}, "high": {}, "yearAgoEps": {}, "numberOfAnalysts": {}, "growth": {}}, "revenueEstimate": {"avg": {}, "low": {}, "high": {}, "numberOfAnalysts": {}, "yearAgoRevenue": {}, "growth": {}}, "epsTrend": {"current": {}, "7daysAgo": {}, "30daysAgo": {}, "60daysAgo": {}, "90daysAgo": {}}, "epsRevisions": {"upLast7days": {}, "upLast30days": {}, "downLast30days": {}, "downLast90days": {}}}, {"maxAge": 1, "period": "-5y", "endDate": null, "growth": {}, "earningsEstimate": {"avg": {}, "low": {}, "high": {}, "yearAgoEps": {}, "numberOfAnalysts": {}, "growth": {}}, "revenueEstimate": {"avg": {}, "low": {}, "high": {}, "numberOfAnalysts": {}, "yearAgoRevenue": {}, "growth": {}}, "epsTrend": {"current": {}, "7daysAgo": {}, "30daysAgo": {}, "60daysAgo": {}, "90daysAgo": {}}, "epsRevisions": {"upLast7days": {}, "upLast30days": {}, "downLast30days": {}, "downLast90days": {}}}], "maxAge": 1}, "institutionOwnership": {"ownershipList": [], "maxAge": 1}, "majorHoldersBreakdown": {"maxAge": 1, "insidersPercentHeld": 0.65427, "institutionsPercentHeld": 0.01117, "institutionsFloatPercentHeld": 0.032309998, "institutionsCount": 1}, "balanceSheetHistoryQuarterly": {"balanceSheetStatements": [{"maxAge": 1, "endDate": "2020-12-31", "totalStockholderEquity": -1530926000, "netTangibleAssets": -1533976000}, {"maxAge": 1, "endDate": "2020-09-30", "cash": 24401000, "netReceivables": 589257000, "inventory": 173732000, "otherCurrentAssets": 291048000, "totalCurrentAssets": 1078438000, "longTermInvestments": 4906000, "propertyPlantEquipment": 1743312000, "intangibleAssets": 3050000, "otherAssets": 62047000, "deferredLongTermAssetCharges": 33638000, "totalAssets": 2891753000, "accountsPayable": 1384695000, "otherCurrentLiab": 1791955000, "longTermDebt": 868015000, "otherLiab": 124050000, "totalCurrentLiabilities": 3430614000, "totalLiab": 4422679000, "commonStock": 250151000, "treasuryStock": -1781077000, "otherStockholderEquity": -1781077000, "totalStockholderEquity": -1530926000, "netTangibleAssets": -1533976000}, {"maxAge": 1, "endDate": "2020-06-30", "totalStockholderEquity": -1434531000, "netTangibleAssets": -1438660000}, {"maxAge": 1, "endDate": "2020-03-31", "cash": 26610000, "shortTermInvestments": 120384000, "netReceivables": 553409000, "inventory": 122573000, "otherCurrentAssets": 102028000, "totalCurrentAssets": 936366000, "longTermInvestments": 68000, "propertyPlantEquipment": 1773760000, "intangibleAssets": 4129000, "otherAssets": 72601000, "deferredLongTermAssetCharges": 33638000, "totalAssets": 2786924000, "accountsPayable": 1218680000, "shortLongTermDebt": 571843000, "otherCurrentLiab": 578512000, "longTermDebt": 995416000, "otherLiab": 115617000, "totalCurrentLiabilities": 2843802000, "totalLiab": 3954835000, "commonStock": 249951000, "retainedEarnings": -2397186000, "treasuryStock": 112737000, "capitalSurplus": 599967000, "otherStockholderEquity": 112737000, "totalStockholderEquity": -1434531000, "netTangibleAssets": -1438660000}], "maxAge": 86400}, "earningsHistory": {"history": [{"maxAge": 1, "epsActual": {}, "epsEstimate": {}, "epsDifference": {}, "surprisePercent": {}, "quarter": {}, "period": "-4q"}, {"maxAge": 1, "epsActual": {}, "epsEstimate": {}, "epsDifference": {}, "surprisePercent": {}, "quarter": {}, "period": "-3q"}, {"maxAge": 1, "epsActual": {}, "epsEstimate": {}, "epsDifference": {}, "surprisePercent": {}, "quarter": {}, "period": "-2q"}, {"maxAge": 1, "epsActual": {}, "epsEstimate": {}, "epsDifference": {}, "surprisePercent": {}, "quarter": {}, "period": "-1q"}], "maxAge": 86400}, "summaryProfile": {"address1": "BSEL Tech Park, B-Wing", "address2": "10th Floor Sector 30-A, Opp. Vashi Railway Sta Vashi", "city": "Navi Mumbai", "zip": "400703", "country": "India", "phone": "91 22 6794 2222", "fax": "91 22 6794 2111", "website": "http://www.wanbury.com", "industry": "Drug Manufacturers\u2014Specialty & Generic", "sector": "Healthcare", "longBusinessSummary": "Wanbury Limited manufactures and sells formulations and active pharmaceutical ingredients (API) in India. The company offers formulations for gynecology, orthopedics, heamatinics, anti-diabetic, nutraceuticals, gastro intestinal, stroke surgery, antibiotics, cough and cold solutions, anti-inflammatory, analgesics, and general practitioner purposes approximately under 70 brands. It also provides API products for anti-diabetic, anti-analgesic, anti-depressant, anti-histaminic, anti-inflammatory, anti-arthritis, anti-thrombotic, anti-epileptic, and anti-hypertensive therapeutic areas. Wanbury Limited also exports its products. The company was formerly known as Pearl Organics Limited and changed its name to Wanbury Limited in 2004. Wanbury Limited was incorporated in 1988 and is headquartered in Navi Mumbai, India.", "fullTimeEmployees": 1437, "companyOfficers": [], "maxAge": 86400}, "netSharePurchaseActivity": {"maxAge": 1, "period": "6m", "buyInfoCount": 0, "buyInfoShares": 0, "sellInfoCount": 0, "netInfoCount": 0, "netInfoShares": 0, "netPercentInsiderShares": 0.0, "totalInsiderShares": 16384473}, "insiderTransactions": {"transactions": [{"maxAge": 1, "shares": 7411122, "filerUrl": "", "transactionText": "", "filerName": "Expert Chemicals India Pvt. Ltd.", "filerRelation": "Promoter", "moneyText": "", "startDate": "2017-02-10", "ownership": "D"}, {"maxAge": 1, "shares": 50000, "filerUrl": "", "transactionText": "", "filerName": "Expert Chemicals India Pvt. Ltd.", "filerRelation": "Institution- Corporation", "moneyText": "", "startDate": "2009-11-05", "ownership": "D"}], "maxAge": 1}, "sectorTrend": {"maxAge": 1, "symbol": null, "estimates": []}, "incomeStatementHistoryQuarterly": {"incomeStatementHistory": [{"maxAge": 1, "endDate": "2020-12-31", "totalRevenue": 1097004000, "costOfRevenue": 549503000, "grossProfit": 547501000, "researchDevelopment": {}, "sellingGeneralAdministrative": 157542000, "nonRecurring": {}, "otherOperatingExpenses": 252339000, "totalOperatingExpenses": 983306000, "operatingIncome": 113698000, "totalOtherIncomeExpenseNet": -54086000, "ebit": 113698000, "interestExpense": -62102000, "incomeBeforeTax": 59612000, "incomeTaxExpense": 512000, "minorityInterest": {}, "netIncomeFromContinuingOps": 59100000, "discontinuedOperations": {}, "extraordinaryItems": {}, "effectOfAccountingCharges": {}, "otherItems": {}, "netIncome": 59100000, "netIncomeApplicableToCommonShares": 59100000}, {"maxAge": 1, "endDate": "2020-09-30", "totalRevenue": 952085000, "costOfRevenue": 451281000, "grossProfit": 500804000, "researchDevelopment": {}, "sellingGeneralAdministrative": 167589000, "nonRecurring": {}, "otherOperatingExpenses": 243389000, "totalOperatingExpenses": 886278000, "operatingIncome": 65807000, "totalOtherIncomeExpenseNet": -48966000, "ebit": 65807000, "interestExpense": -50233000, "incomeBeforeTax": 16841000, "incomeTaxExpense": 820000, "minorityInterest": {}, "netIncomeFromContinuingOps": 16021000, "discontinuedOperations": {}, "extraordinaryItems": {}, "effectOfAccountingCharges": {}, "otherItems": {}, "netIncome": 16021000, "netIncomeApplicableToCommonShares": 16021000}, {"maxAge": 1, "endDate": "2020-06-30", "totalRevenue": 671612000, "costOfRevenue": 372565000, "grossProfit": 299047000, "researchDevelopment": {}, "sellingGeneralAdministrative": 169888000, "nonRecurring": {}, "otherOperatingExpenses": 158738000, "totalOperatingExpenses": 724921000, "operatingIncome": -53309000, "totalOtherIncomeExpenseNet": -57901000, "ebit": -53309000, "interestExpense": -60534000, "incomeBeforeTax": -111210000, "incomeTaxExpense": 420000, "minorityInterest": {}, "netIncomeFromContinuingOps": -111630000, "discontinuedOperations": {}, "extraordinaryItems": {}, "effectOfAccountingCharges": {}, "otherItems": {}, "netIncome": -111630000, "netIncomeApplicableToCommonShares": -111630000}, {"maxAge": 1, "endDate": "2020-03-31", "totalRevenue": 670706000, "costOfRevenue": 437891000, "grossProfit": 232815000, "researchDevelopment": {}, "sellingGeneralAdministrative": 260935000, "nonRecurring": {}, "otherOperatingExpenses": -394952000, "totalOperatingExpenses": 772897000, "operatingIncome": -102191000, "totalOtherIncomeExpenseNet": 728921000, "ebit": -102191000, "interestExpense": -104117000, "incomeBeforeTax": 626730000, "incomeTaxExpense": 2914000, "minorityInterest": {}, "netIncomeFromContinuingOps": 623816000, "discontinuedOperations": {}, "extraordinaryItems": {}, "effectOfAccountingCharges": {}, "otherItems": {}, "netIncome": 623816000, "netIncomeApplicableToCommonShares": 623816000}], "maxAge": 86400}, "cashflowStatementHistoryQuarterly": {"cashflowStatements": [{"maxAge": 1, "endDate": "2020-12-31", "netIncome": 59100000, "changeToLiabilities": 0}, {"maxAge": 1, "endDate": "2020-09-30", "netIncome": 16021000, "changeToLiabilities": 0}, {"maxAge": 1, "endDate": "2020-06-30", "netIncome": -111630000, "changeToLiabilities": 0}, {"maxAge": 1, "endDate": "2020-03-31", "netIncome": 623816000, "changeToLiabilities": 0}], "maxAge": 86400}, "earnings": {"maxAge": 86400, "earningsChart": {"quarterly": [], "earningsDate": ["2018-02-14 05:30:S", "2018-02-16 05:30:S"]}, "financialsChart": {"yearly": [{"date": 2017, "revenue": 4338093000, "earnings": 620148000}, {"date": 2018, "revenue": 3711030000, "earnings": -320079000}, {"date": 2019, "revenue": 3913741000, "earnings": -248477000}, {"date": 2020, "revenue": 3674547000, "earnings": 644618000}], "quarterly": [{"date": "1Q2020", "revenue": 670706000, "earnings": 623816000}, {"date": "2Q2020", "revenue": 671612000, "earnings": -111630000}, {"date": "3Q2020", "revenue": 952085000, "earnings": 16021000}, {"date": "4Q2020", "revenue": 1097004000, "earnings": 59100000}]}, "financialCurrency": "INR"}, "financialData": {"maxAge": 86400, "currentPrice": 105.4, "recommendationKey": "none", "totalCash": 24401000, "totalCashPerShare": 0.974, "ebitda": 115390000, "totalDebt": 1091318016, "totalRevenue": 3391407104, "revenuePerShare": 135.705, "grossProfits": 1814593000, "revenueGrowth": 0.132, "grossMargins": 0.46592999, "ebitdaMargins": 0.03402, "operatingMargins": 0.00708, "profitMargins": 0.17317, "financialCurrency": "INR"}}}