{"WATERBASE.NS": {"assetProfile": {"address1": "Thapar House", "address2": "No. 37, Montieth Road Egmore", "city": "Chennai", "zip": "600008", "country": "India", "phone": "91 44 4566 1700", "fax": "91 44 4566 1799", "website": "http://www.waterbaseindia.com", "industry": "Packaged Foods", "sector": "Consumer Defensive", "longBusinessSummary": "The Waterbase Limited operates as an aquaculture company in India. It produces and trades in shrimp feed, such as IQF, block frozen, and cooked Vannamei, tiger shrimp, and scampi feed; and other feed, as well as farm care products under the Baylife brand. The company also engages in shrimp hatchery activities. It markets its products under the BayWhite, Ultra XL, Tiger Bay XL, and Magnum brands. The company also exports its products to Japan, the United States, Europe, and internationally. The company was founded in 1987 and is based in Chennai, India. The Waterbase Limited is a subsidiary of Nav Srijit Shakti Telangana Private Limited.", "fullTimeEmployees": 260, "companyOfficers": [{"maxAge": 1, "name": "Mr. Ramakanth V. Akula", "age": 52, "title": "Chief Exec. Officer", "yearBorn": 1968, "fiscalYear": 2020, "totalPay": 21020000, "exercisedValue": 0, "unexercisedValue": 0}, {"maxAge": 1, "name": "Mr. R.  Sureshkumar", "title": "CFO & Compliance Officer", "fiscalYear": 2020, "totalPay": 7254000, "exercisedValue": 0, "unexercisedValue": 0}], "compensationAsOfEpochDate": "2020-12-31 05:30:00", "maxAge": 86400}, "cashflowStatementHistory": {"cashflowStatements": [{"maxAge": 1, "endDate": "2020-03-31", "netIncome": 184906000, "depreciation": 69473000, "changeToNetincome": 48144000, "changeToAccountReceivables": -53389000, "changeToLiabilities": -61075000, "changeToInventory": 258939000, "changeToOperatingActivities": -10580000, "totalCashFromOperatingActivities": 438364000, "capitalExpenditures": -35945000, "investments": -10397000, "otherCashflowsFromInvestingActivities": 9791000, "totalCashflowsFromInvestingActivities": -37101000, "dividendsPaid": -62140000, "netBorrowings": -97169000, "otherCashflowsFromFinancingActivities": -38822000, "totalCashFromFinancingActivities": -198131000, "changeInCash": 203210000}, {"maxAge": 1, "endDate": "2019-03-31", "netIncome": 308474000, "depreciation": 67354000, "changeToNetincome": 57658000, "changeToAccountReceivables": 114982000, "changeToLiabilities": -240238000, "changeToInventory": -58637000, "changeToOperatingActivities": -53760000, "totalCashFromOperatingActivities": 197758000, "capitalExpenditures": -103904000, "investments": 8158000, "otherCashflowsFromInvestingActivities": 13678000, "totalCashflowsFromInvestingActivities": -81572000, "dividendsPaid": -62140000, "netBorrowings": -25293000, "otherCashflowsFromFinancingActivities": -44405000, "totalCashFromFinancingActivities": -131838000, "changeInCash": -15652000}, {"maxAge": 1, "endDate": "2018-03-31", "netIncome": 299003000, "depreciation": 59748000, "changeToNetincome": 183653000, "changeToAccountReceivables": -151794000, "changeToLiabilities": 168801000, "changeToInventory": -138124000, "changeToOperatingActivities": 122396000, "totalCashFromOperatingActivities": 545505000, "capitalExpenditures": -116513000, "investments": 42978000, "otherCashflowsFromInvestingActivities": 17173000, "totalCashflowsFromInvestingActivities": -55040000, "dividendsPaid": -41426000, "netBorrowings": 83000, "otherCashflowsFromFinancingActivities": -52316000, "totalCashFromFinancingActivities": -93659000, "changeInCash": 396806000}, {"maxAge": 1, "endDate": "2017-03-31", "netIncome": 115738000, "depreciation": 53192000, "changeToNetincome": 99912000, "changeToAccountReceivables": -131238000, "changeToLiabilities": 127417000, "changeToInventory": -346287000, "changeToOperatingActivities": -51448000, "totalCashFromOperatingActivities": -131042000, "capitalExpenditures": -78196000, "investments": 42978000, "otherCashflowsFromInvestingActivities": 8007000, "totalCashflowsFromInvestingActivities": -69497000, "dividendsPaid": -41426000, "netBorrowings": -68607000, "otherCashflowsFromFinancingActivities": -86023000, "totalCashFromFinancingActivities": -154630000, "changeInCash": -355169000}], "maxAge": 86400}, "institutionOwnership": {"ownershipList": [], "maxAge": 1}, "majorHoldersBreakdown": {"maxAge": 1, "insidersPercentHeld": 0.68855006, "institutionsPercentHeld": 0.0, "institutionsFloatPercentHeld": 0.0, "institutionsCount": 0}, "balanceSheetHistoryQuarterly": {"balanceSheetStatements": [{"maxAge": 1, "endDate": "2020-12-31", "cash": 657241000, "netReceivables": 583689000, "inventory": 294612000, "otherCurrentAssets": 29673000, "totalCurrentAssets": 1565215000, "longTermInvestments": 100000, "propertyPlantEquipment": 658843000, "intangibleAssets": 11124000, "otherAssets": 65940000, "deferredLongTermAssetCharges": 37534000, "totalAssets": 2301222000, "accountsPayable": 132868000, "otherCurrentLiab": 176731000, "otherLiab": 49388000, "totalCurrentLiabilities": 329343000, "totalLiab": 378731000, "commonStock": 414268000, "treasuryStock": 1508223000, "otherStockholderEquity": 1508223000, "totalStockholderEquity": 1922491000, "netTangibleAssets": 1911367000}, {"maxAge": 1, "endDate": "2020-09-30", "cash": 607332000, "netReceivables": 810809000, "inventory": 287729000, "otherCurrentAssets": 28635000, "totalCurrentAssets": 1734505000, "longTermInvestments": 100000, "propertyPlantEquipment": 674639000, "intangibleAssets": 11657000, "otherAssets": 64167000, "deferredLongTermAssetCharges": 37676000, "totalAssets": 2485068000, "accountsPayable": 257102000, "otherCurrentLiab": 226926000, "longTermDebt": 98000, "otherLiab": 52222000, "totalCurrentLiabilities": 491916000, "totalLiab": 555248000, "commonStock": 414268000, "treasuryStock": 1515552000, "otherStockholderEquity": 1515552000, "totalStockholderEquity": 1929820000, "netTangibleAssets": 1918163000}, {"maxAge": 1, "endDate": "2020-06-30", "totalStockholderEquity": 1838363000, "netTangibleAssets": 1825881000}, {"maxAge": 1, "endDate": "2020-03-31", "cash": 155035000, "shortTermInvestments": 16200000, "netReceivables": 744991000, "inventory": 624141000, "otherCurrentAssets": 79213000, "totalCurrentAssets": 1628055000, "propertyPlantEquipment": 693982000, "intangibleAssets": 12482000, "otherAssets": 45817000, "deferredLongTermAssetCharges": 11539000, "totalAssets": 2380336000, "accountsPayable": 204345000, "shortLongTermDebt": 29715000, "otherCurrentLiab": 30250000, "longTermDebt": 52673000, "otherLiab": 46521000, "totalCurrentLiabilities": 442779000, "totalLiab": 541973000, "commonStock": 414268000, "retainedEarnings": 1174136000, "treasuryStock": 102610000, "capitalSurplus": 147349000, "otherStockholderEquity": 102610000, "totalStockholderEquity": 1838363000, "netTangibleAssets": 1825881000}], "maxAge": 86400}, "indexTrend": {"maxAge": 1, "symbol": "SP5", "peRatio": 19.7411, "pegRatio": 1.34172, "estimates": [{"period": "0q", "growth": 0.549}, {"period": "+1q", "growth": 0.431}, {"period": "0y", "growth": 0.305}, {"period": "+1y", "growth": 0.109}, {"period": "+5y", "growth": 0.120865}, {"period": "-5y"}]}, "defaultKeyStatistics": {"maxAge": 1, "priceHint": 2, "enterpriseValue": 3691663104, "profitMargins": 0.028080001, "floatShares": 11418013, "sharesOutstanding": 41426800, "heldPercentInsiders": 0.68855006, "heldPercentInstitutions": 0.0, "beta": 0.926907, "category": null, "bookValue": 47.621, "priceToBook": 2.220659, "fundFamily": null, "legalType": null, "lastFiscalYearEnd": "2020-03-31 05:30:00", "nextFiscalYearEnd": "2022-03-31 05:30:00", "mostRecentQuarter": "2020-12-31 05:30:00", "netIncomeToCommon": 60072000, "trailingEps": 1.444, "lastSplitFactor": null, "enterpriseToRevenue": 1.725, "enterpriseToEbitda": 23.476}, "summaryProfile": {"address1": "Thapar House", "address2": "No. 37, Montieth Road Egmore", "city": "Chennai", "zip": "600008", "country": "India", "phone": "91 44 4566 1700", "fax": "91 44 4566 1799", "website": "http://www.waterbaseindia.com", "industry": "Packaged Foods", "sector": "Consumer Defensive", "longBusinessSummary": "The Waterbase Limited operates as an aquaculture company in India. It produces and trades in shrimp feed, such as IQF, block frozen, and cooked Vannamei, tiger shrimp, and scampi feed; and other feed, as well as farm care products under the Baylife brand. The company also engages in shrimp hatchery activities. It markets its products under the BayWhite, Ultra XL, Tiger Bay XL, and Magnum brands. The company also exports its products to Japan, the United States, Europe, and internationally. The company was founded in 1987 and is based in Chennai, India. The Waterbase Limited is a subsidiary of Nav Srijit Shakti Telangana Private Limited.", "fullTimeEmployees": 260, "companyOfficers": [], "maxAge": 86400}, "netSharePurchaseActivity": {"maxAge": 1, "period": "6m", "buyInfoCount": 0, "buyInfoShares": 0, "sellInfoCount": 0, "netInfoCount": 0, "netInfoShares": 0, "netPercentInsiderShares": 0.0, "totalInsiderShares": 27797170}, "insiderTransactions": {"transactions": [{"maxAge": 1, "shares": 1215736, "filerUrl": "", "transactionText": "", "filerName": "Ecoedifice Realtors Pvt. Ltd.", "filerRelation": "Promoter", "moneyText": "", "startDate": "2017-08-04", "ownership": "D"}, {"maxAge": 1, "shares": 1215736, "filerUrl": "", "transactionText": "", "filerName": "Towerbase Services Pvt Ltd", "filerRelation": "Promoter", "moneyText": "", "startDate": "2017-08-04", "ownership": "D"}, {"maxAge": 1, "shares": 180000, "filerUrl": "", "transactionText": "", "filerName": "Doaba Industrial & Trading Company", "filerRelation": "Promoter", "moneyText": "", "startDate": "2017-02-03", "ownership": "D"}, {"maxAge": 1, "shares": 30000, "filerUrl": "", "transactionText": "", "filerName": "The Punjab Business & Supply Company Pvt Ltd", "filerRelation": "Promoter", "moneyText": "", "startDate": "2017-02-03", "ownership": "D"}], "maxAge": 1}, "quoteType": {"exchange": "NSI", "quoteType": "EQUITY", "symbol": "WATERBASE.NS", "underlyingSymbol": "WATERBASE.NS", "shortName": "WATERBASE", "longName": "The Waterbase Limited", "firstTradeDateEpochUtc": "2019-08-19 09:15:00", "timeZoneFullName": "Asia/Kolkata", "timeZoneShortName": "IST", "uuid": "5b4588de-ff7a-378e-897e-0bc2658d0707", "gmtOffSetMilliseconds": 19800000, "maxAge": 1}, "incomeStatementHistory": {"incomeStatementHistory": [{"maxAge": 1, "endDate": "2020-03-31", "totalRevenue": 3224322000, "costOfRevenue": 2298331000, "grossProfit": 925991000, "researchDevelopment": {}, "sellingGeneralAdministrative": 217564000, "nonRecurring": {}, "otherOperatingExpenses": 369495000, "totalOperatingExpenses": 2956856000, "operatingIncome": 267466000, "totalOtherIncomeExpenseNet": -19089000, "ebit": 267466000, "interestExpense": -20412000, "incomeBeforeTax": 248377000, "incomeTaxExpense": 63471000, "minorityInterest": {}, "netIncomeFromContinuingOps": 184906000, "discontinuedOperations": {}, "extraordinaryItems": {}, "effectOfAccountingCharges": {}, "otherItems": {}, "netIncome": 184906000, "netIncomeApplicableToCommonShares": 184906000}, {"maxAge": 1, "endDate": "2019-03-31", "totalRevenue": 3654824000, "costOfRevenue": 2491133000, "grossProfit": 1163691000, "researchDevelopment": {}, "sellingGeneralAdministrative": 220985000, "nonRecurring": {}, "otherOperatingExpenses": 425426000, "totalOperatingExpenses": 3207517000, "operatingIncome": 447307000, "totalOtherIncomeExpenseNet": 25976000, "ebit": 447307000, "interestExpense": -26641000, "incomeBeforeTax": 473283000, "incomeTaxExpense": 164809000, "minorityInterest": {}, "netIncomeFromContinuingOps": 308474000, "discontinuedOperations": {}, "extraordinaryItems": {}, "effectOfAccountingCharges": {}, "otherItems": {}, "netIncome": 308474000, "netIncomeApplicableToCommonShares": 308474000}, {"maxAge": 1, "endDate": "2018-03-31", "totalRevenue": 3427403000, "costOfRevenue": 2206539000, "grossProfit": 1220864000, "researchDevelopment": {}, "sellingGeneralAdministrative": 193797000, "nonRecurring": {}, "otherOperatingExpenses": 394337000, "totalOperatingExpenses": 2912343000, "operatingIncome": 515060000, "totalOtherIncomeExpenseNet": -28964000, "ebit": 515060000, "interestExpense": -34963000, "incomeBeforeTax": 486096000, "incomeTaxExpense": 187093000, "minorityInterest": {}, "netIncomeFromContinuingOps": 299003000, "discontinuedOperations": {}, "extraordinaryItems": {}, "effectOfAccountingCharges": {}, "otherItems": {}, "netIncome": 299003000, "netIncomeApplicableToCommonShares": 299003000}, {"maxAge": 1, "endDate": "2017-03-31", "totalRevenue": 3219085000, "costOfRevenue": 2404619000, "grossProfit": 814466000, "researchDevelopment": {}, "sellingGeneralAdministrative": 169266000, "nonRecurring": {}, "otherOperatingExpenses": 340270000, "totalOperatingExpenses": 2969019000, "operatingIncome": 250066000, "totalOtherIncomeExpenseNet": -70915000, "ebit": 250066000, "interestExpense": -73962000, "incomeBeforeTax": 179151000, "incomeTaxExpense": 63413000, "minorityInterest": {}, "netIncomeFromContinuingOps": 115738000, "discontinuedOperations": {}, "extraordinaryItems": {}, "effectOfAccountingCharges": {}, "otherItems": {}, "netIncome": 115738000, "netIncomeApplicableToCommonShares": 115738000}], "maxAge": 86400}, "fundOwnership": {"ownershipList": [], "maxAge": 1}, "summaryDetail": {"maxAge": 1, "priceHint": 2, "previousClose": 107.4, "open": 106.9, "dayLow": 105.5, "dayHigh": 108.35, "regularMarketPreviousClose": 107.4, "regularMarketOpen": 106.9, "regularMarketDayLow": 105.5, "regularMarketDayHigh": 108.35, "exDividendDate": "2019-09-12 05:30:00", "payoutRatio": 0.0, "beta": 0.926907, "trailingPE": 73.23407, "volume": 81483, "regularMarketVolume": 81483, "averageVolume": 148367, "averageVolume10days": 96459, "averageDailyVolume10Day": 96459, "bid": 0.0, "ask": 0.0, "marketCap": 4382925312, "fiftyTwoWeekLow": 85.0, "fiftyTwoWeekHigh": 145.9, "priceToSalesTrailing12Months": 2.0484195, "fiftyDayAverage": 109.06765, "twoHundredDayAverage": 111.05958, "currency": "INR", "fromCurrency": null, "lastMarket": null, "algorithm": null, "tradeable": false}, "incomeStatementHistoryQuarterly": {"incomeStatementHistory": [{"maxAge": 1, "endDate": "2020-12-31", "totalRevenue": 359159000, "costOfRevenue": 231305000, "grossProfit": 127854000, "researchDevelopment": {}, "sellingGeneralAdministrative": 49250000, "nonRecurring": {}, "otherOperatingExpenses": 68612000, "totalOperatingExpenses": 366803000, "operatingIncome": -7644000, "totalOtherIncomeExpenseNet": -2014000, "ebit": -7644000, "interestExpense": -2014000, "incomeBeforeTax": -9658000, "incomeTaxExpense": -2795000, "minorityInterest": {}, "netIncomeFromContinuingOps": -6863000, "discontinuedOperations": {}, "extraordinaryItems": {}, "effectOfAccountingCharges": {}, "otherItems": {}, "netIncome": -6863000, "netIncomeApplicableToCommonShares": -6863000}, {"maxAge": 1, "endDate": "2020-09-30", "totalRevenue": 678016000, "costOfRevenue": 450411000, "grossProfit": 227605000, "researchDevelopment": {}, "sellingGeneralAdministrative": 49177000, "nonRecurring": {}, "otherOperatingExpenses": 100433000, "totalOperatingExpenses": 619204000, "operatingIncome": 58812000, "totalOtherIncomeExpenseNet": -12000, "ebit": 58812000, "interestExpense": -12000, "incomeBeforeTax": 58800000, "incomeTaxExpense": 15446000, "minorityInterest": {}, "netIncomeFromContinuingOps": 43354000, "discontinuedOperations": {}, "extraordinaryItems": {}, "effectOfAccountingCharges": {}, "otherItems": {}, "netIncome": 43354000, "netIncomeApplicableToCommonShares": 43354000}, {"maxAge": 1, "endDate": "2020-06-30", "totalRevenue": 628478000, "costOfRevenue": 412094000, "grossProfit": 216384000, "researchDevelopment": {}, "sellingGeneralAdministrative": 49454000, "nonRecurring": {}, "otherOperatingExpenses": 75474000, "totalOperatingExpenses": 554814000, "operatingIncome": 73664000, "totalOtherIncomeExpenseNet": -7640000, "ebit": 73664000, "interestExpense": -7640000, "incomeBeforeTax": 66024000, "incomeTaxExpense": 16990000, "minorityInterest": {}, "netIncomeFromContinuingOps": 49034000, "discontinuedOperations": {}, "extraordinaryItems": {}, "effectOfAccountingCharges": {}, "otherItems": {}, "netIncome": 49034000, "netIncomeApplicableToCommonShares": 49034000}, {"maxAge": 1, "endDate": "2020-03-31", "totalRevenue": 474009000, "costOfRevenue": 348359000, "grossProfit": 125650000, "researchDevelopment": {}, "sellingGeneralAdministrative": 61625000, "nonRecurring": {}, "otherOperatingExpenses": 84688000, "totalOperatingExpenses": 511325000, "operatingIncome": -37316000, "totalOtherIncomeExpenseNet": 2940000, "ebit": -37316000, "interestExpense": -7640000, "incomeBeforeTax": -34376000, "incomeTaxExpense": -8923000, "minorityInterest": {}, "netIncomeFromContinuingOps": -25453000, "discontinuedOperations": {}, "extraordinaryItems": {}, "effectOfAccountingCharges": {}, "otherItems": {}, "netIncome": -25453000, "netIncomeApplicableToCommonShares": -25453000}], "maxAge": 86400}, "cashflowStatementHistoryQuarterly": {"cashflowStatements": [{"maxAge": 1, "endDate": "2020-12-31", "netIncome": -6863000, "depreciation": 17636000, "changeToNetincome": -11317000, "changeToAccountReceivables": 207398000, "changeToLiabilities": -127631000, "changeToInventory": -7222000, "changeToOperatingActivities": -31697000, "totalCashFromOperatingActivities": 40304000, "capitalExpenditures": 3377000, "investments": 35414000, "otherCashflowsFromInvestingActivities": 10359000, "totalCashflowsFromInvestingActivities": 49150000, "netBorrowings": -3049000, "otherCashflowsFromFinancingActivities": -1303000, "totalCashFromFinancingActivities": -4352000, "changeInCash": 85102000}, {"maxAge": 1, "endDate": "2020-09-30", "netIncome": 43354000, "depreciation": 17636000, "changeToNetincome": -11317000, "changeToAccountReceivables": 207398000, "changeToLiabilities": 0, "changeToInventory": -7222000, "changeToOperatingActivities": -31697000, "totalCashFromOperatingActivities": 40304000, "capitalExpenditures": 3377000, "investments": 35414000, "otherCashflowsFromInvestingActivities": 10359000, "totalCashflowsFromInvestingActivities": 49150000, "netBorrowings": -3049000, "otherCashflowsFromFinancingActivities": -1303000, "totalCashFromFinancingActivities": -4352000, "changeInCash": 85102000}, {"maxAge": 1, "endDate": "2020-06-30", "netIncome": 49034000, "depreciation": 17636000, "changeToNetincome": -11317000, "changeToAccountReceivables": 207398000, "changeToLiabilities": 0, "changeToInventory": -7222000, "changeToOperatingActivities": -31697000, "totalCashFromOperatingActivities": 40304000, "capitalExpenditures": 3377000, "investments": 35414000, "otherCashflowsFromInvestingActivities": 10359000, "totalCashflowsFromInvestingActivities": 49150000, "netBorrowings": -3049000, "otherCashflowsFromFinancingActivities": -1303000, "totalCashFromFinancingActivities": -4352000, "changeInCash": 85102000}, {"maxAge": 1, "endDate": "2020-03-31", "netIncome": -25453000, "depreciation": 17636000, "changeToNetincome": -11317000, "changeToAccountReceivables": 207398000, "changeToLiabilities": 0, "changeToInventory": -7222000, "changeToOperatingActivities": -31697000, "totalCashFromOperatingActivities": 40304000, "capitalExpenditures": 3377000, "investments": 35414000, "otherCashflowsFromInvestingActivities": 10359000, "totalCashflowsFromInvestingActivities": 49150000, "netBorrowings": -3049000, "otherCashflowsFromFinancingActivities": -1303000, "totalCashFromFinancingActivities": -4352000, "changeInCash": 85102000}], "maxAge": 86400}, "insiderHolders": {"holders": [{"maxAge": 1, "name": "Doaba Industrial & Trading Company", "relation": "Promoter", "url": "", "transactionDescription": "Sale", "latestTransDate": "2017-02-03", "positionDirect": 0, "positionDirectDate": "2017-02-03"}, {"maxAge": 1, "name": "Ecoedifice Realtors Pvt. Ltd.", "relation": "Promoter", "url": "", "transactionDescription": "Other", "latestTransDate": "2017-08-04", "positionDirect": 1215736, "positionDirectDate": "2017-08-04"}, {"maxAge": 1, "name": "The Punjab Business & Supply Company Pvt Ltd", "relation": "Promoter", "url": "", "transactionDescription": "Sale", "latestTransDate": "2017-02-03", "positionDirect": 0, "positionDirectDate": "2017-02-03"}, {"maxAge": 1, "name": "Towerbase Services Pvt Ltd", "relation": "Promoter", "url": "", "transactionDescription": "Other", "latestTransDate": "2017-08-04", "positionDirect": 0, "positionDirectDate": "2017-08-04"}], "maxAge": 1}, "calendarEvents": {"maxAge": 1, "earnings": {"earningsDate": []}, "exDividendDate": "2019-09-12 05:30:00"}, "upgradeDowngradeHistory": {"history": [], "maxAge": 86400}, "price": {"maxAge": 1, "regularMarketChangePercent": -0.015363143, "regularMarketChange": -1.6500015, "regularMarketTime": "2021-04-30 15:29:49", "priceHint": 2, "regularMarketPrice": 105.75, "regularMarketDayHigh": 108.35, "regularMarketDayLow": 105.5, "regularMarketVolume": 81483, "averageDailyVolume10Day": 96459, "averageDailyVolume3Month": 148367, "regularMarketPreviousClose": 107.4, "regularMarketSource": "FREE_REALTIME", "regularMarketOpen": 106.9, "exchange": "NSI", "exchangeName": "NSE", "exchangeDataDelayedBy": 15, "marketState": "CLOSED", "quoteType": "EQUITY", "symbol": "WATERBASE.NS", "underlyingSymbol": null, "shortName": "WATERBASE", "longName": "The Waterbase Limited", "currency": "INR", "quoteSourceName": "Delayed Quote", "currencySymbol": "\u20b9", "fromCurrency": null, "lastMarket": null, "marketCap": 4382925312}, "balanceSheetHistory": {"balanceSheetStatements": [{"maxAge": 1, "endDate": "2020-03-31", "cash": 155035000, "shortTermInvestments": 16200000, "netReceivables": 744991000, "inventory": 624141000, "otherCurrentAssets": 79213000, "totalCurrentAssets": 1628055000, "propertyPlantEquipment": 693982000, "intangibleAssets": 12482000, "otherAssets": 45817000, "deferredLongTermAssetCharges": 11539000, "totalAssets": 2380336000, "accountsPayable": 204345000, "shortLongTermDebt": 29715000, "otherCurrentLiab": 30250000, "longTermDebt": 52673000, "otherLiab": 46521000, "totalCurrentLiabilities": 442779000, "totalLiab": 541973000, "commonStock": 414268000, "retainedEarnings": 1174136000, "treasuryStock": 102610000, "capitalSurplus": 147349000, "otherStockholderEquity": 102610000, "totalStockholderEquity": 1838363000, "netTangibleAssets": 1825881000}, {"maxAge": 1, "endDate": "2019-03-31", "cash": 8985000, "netReceivables": 733258000, "inventory": 888567000, "otherCurrentAssets": 76941000, "totalCurrentAssets": 1716938000, "longTermInvestments": 1934000, "propertyPlantEquipment": 723784000, "intangibleAssets": 14428000, "otherAssets": 33381000, "deferredLongTermAssetCharges": 1432000, "totalAssets": 2488531000, "accountsPayable": 270315000, "shortLongTermDebt": 95024000, "otherCurrentLiab": 23570000, "longTermDebt": 82155000, "otherLiab": 22892000, "totalCurrentLiabilities": 652981000, "totalLiab": 758028000, "commonStock": 414268000, "retainedEarnings": 1066276000, "treasuryStock": 102610000, "capitalSurplus": 147349000, "otherStockholderEquity": 102610000, "totalStockholderEquity": 1730503000, "netTangibleAssets": 1716075000}, {"maxAge": 1, "endDate": "2018-03-31", "cash": 8131000, "shortTermInvestments": 8605000, "netReceivables": 905959000, "inventory": 828505000, "otherCurrentAssets": 70331000, "totalCurrentAssets": 1827890000, "propertyPlantEquipment": 683793000, "intangibleAssets": 15862000, "otherAssets": 49717000, "totalAssets": 2577262000, "accountsPayable": 518807000, "shortLongTermDebt": 68950000, "otherCurrentLiab": 39901000, "longTermDebt": 133522000, "otherLiab": 43077000, "totalCurrentLiabilities": 904419000, "totalLiab": 1081018000, "commonStock": 414268000, "retainedEarnings": 832017000, "treasuryStock": 102610000, "capitalSurplus": 147349000, "otherStockholderEquity": 102610000, "totalStockholderEquity": 1496244000, "netTangibleAssets": 1480382000}, {"maxAge": 1, "endDate": "2017-03-31", "cash": 8865000, "netReceivables": 825095000, "inventory": 705882000, "otherCurrentAssets": 141934000, "totalCurrentAssets": 1689205000, "propertyPlantEquipment": 635675000, "intangibleAssets": 15679000, "otherAssets": 110161000, "totalAssets": 2450720000, "accountsPayable": 351291000, "shortLongTermDebt": 67568000, "otherCurrentLiab": 16228000, "longTermDebt": 135750000, "otherLiab": 48803000, "totalCurrentLiabilities": 1020751000, "totalLiab": 1205304000, "commonStock": 386033000, "retainedEarnings": 581189000, "treasuryStock": 130845000, "capitalSurplus": 147349000, "otherStockholderEquity": 130845000, "totalStockholderEquity": 1245416000, "netTangibleAssets": 1229737000}], "maxAge": 86400}, "financialData": {"maxAge": 86400, "currentPrice": 105.75, "recommendationKey": "none", "totalCash": 657241024, "totalCashPerShare": 16.28, "ebitda": 157252496, "totalDebt": 13103000, "quickRatio": 3.768, "currentRatio": 4.753, "totalRevenue": 2139661952, "debtToEquity": 0.681, "revenuePerShare": 51.549, "returnOnEquity": 0.031770002, "grossProfits": 925991000, "revenueGrowth": -0.423, "grossMargins": 0.32598, "ebitdaMargins": 0.07349, "operatingMargins": 0.040900003, "profitMargins": 0.028080001, "financialCurrency": "INR"}}}