{"WATERBASE.BO": {"recommendationTrend": {"trend": [{"period": "0m", "strongBuy": 0, "buy": 0, "hold": 0, "sell": 0, "strongSell": 0}, {"period": "-1m", "strongBuy": 0, "buy": 0, "hold": 0, "sell": 0, "strongSell": 0}, {"period": "-2m", "strongBuy": 0, "buy": 0, "hold": 0, "sell": 0, "strongSell": 0}, {"period": "-3m", "strongBuy": 0, "buy": 0, "hold": 0, "sell": 0, "strongSell": 0}], "maxAge": 86400}, "cashflowStatementHistory": {"cashflowStatements": [{"maxAge": 1, "endDate": "2020-03-31", "netIncome": 184906000, "depreciation": 69473000, "changeToNetincome": 48144000, "changeToAccountReceivables": -53389000, "changeToLiabilities": -61075000, "changeToInventory": 258939000, "changeToOperatingActivities": -10580000, "totalCashFromOperatingActivities": 438364000, "capitalExpenditures": -35945000, "investments": -10397000, "otherCashflowsFromInvestingActivities": 9791000, "totalCashflowsFromInvestingActivities": -37101000, "dividendsPaid": -62140000, "netBorrowings": -97169000, "otherCashflowsFromFinancingActivities": -38822000, "totalCashFromFinancingActivities": -198131000, "changeInCash": 203210000}, {"maxAge": 1, "endDate": "2019-03-31", "netIncome": 308474000, "depreciation": 67354000, "changeToNetincome": 57658000, "changeToAccountReceivables": 114982000, "changeToLiabilities": -240238000, "changeToInventory": -58637000, "changeToOperatingActivities": -53760000, "totalCashFromOperatingActivities": 197758000, "capitalExpenditures": -103904000, "investments": 8158000, "otherCashflowsFromInvestingActivities": 13678000, "totalCashflowsFromInvestingActivities": -81572000, "dividendsPaid": -62140000, "netBorrowings": -25293000, "otherCashflowsFromFinancingActivities": -44405000, "totalCashFromFinancingActivities": -131838000, "changeInCash": -15652000}, {"maxAge": 1, "endDate": "2018-03-31", "netIncome": 299003000, "depreciation": 59748000, "changeToNetincome": 183653000, "changeToAccountReceivables": -151794000, "changeToLiabilities": 168801000, "changeToInventory": -138124000, "changeToOperatingActivities": 122396000, "totalCashFromOperatingActivities": 545505000, "capitalExpenditures": -116513000, "investments": 42978000, "otherCashflowsFromInvestingActivities": 17173000, "totalCashflowsFromInvestingActivities": -55040000, "dividendsPaid": -41426000, "netBorrowings": 83000, "otherCashflowsFromFinancingActivities": -52316000, "totalCashFromFinancingActivities": -93659000, "changeInCash": 396806000}, {"maxAge": 1, "endDate": "2017-03-31", "netIncome": 115738000, "depreciation": 53192000, "changeToNetincome": 99912000, "changeToAccountReceivables": -131238000, "changeToLiabilities": 127417000, "changeToInventory": -346287000, "changeToOperatingActivities": -51448000, "totalCashFromOperatingActivities": -131042000, "capitalExpenditures": -78196000, "investments": 42978000, "otherCashflowsFromInvestingActivities": 8007000, "totalCashflowsFromInvestingActivities": -69497000, "dividendsPaid": -41426000, "netBorrowings": -68607000, "otherCashflowsFromFinancingActivities": -86023000, "totalCashFromFinancingActivities": -154630000, "changeInCash": -355169000}], "maxAge": 86400}, "institutionOwnership": {"ownershipList": [], "maxAge": 1}, "balanceSheetHistoryQuarterly": {"balanceSheetStatements": [{"maxAge": 1, "endDate": "2020-06-30", "totalStockholderEquity": 1838363000, "netTangibleAssets": 1825881000}, {"maxAge": 1, "endDate": "2020-03-31", "cash": 155035000, "shortTermInvestments": 16200000, "netReceivables": 744991000, "inventory": 624141000, "otherCurrentAssets": 79213000, "totalCurrentAssets": 1628055000, "propertyPlantEquipment": 693982000, "intangibleAssets": 12482000, "otherAssets": 45817000, "deferredLongTermAssetCharges": 11539000, "totalAssets": 2380336000, "accountsPayable": 204345000, "shortLongTermDebt": 29715000, "otherCurrentLiab": 30250000, "longTermDebt": 52673000, "otherLiab": 46521000, "totalCurrentLiabilities": 442779000, "totalLiab": 541973000, "commonStock": 414268000, "retainedEarnings": 1174136000, "treasuryStock": 102610000, "capitalSurplus": 147349000, "otherStockholderEquity": 102610000, "totalStockholderEquity": 1838363000, "netTangibleAssets": 1825881000}, {"maxAge": 1, "endDate": "2019-12-31", "totalStockholderEquity": 1858614000, "netTangibleAssets": 1845159000}, {"maxAge": 1, "endDate": "2019-09-30", "cash": 74200000, "netReceivables": 1426070000, "inventory": 309384000, "otherCurrentAssets": 16675000, "totalCurrentAssets": 1826329000, "longTermInvestments": 100000, "propertyPlantEquipment": 707544000, "intangibleAssets": 13455000, "otherAssets": 26821000, "deferredLongTermAssetCharges": 2467000, "totalAssets": 2574249000, "accountsPayable": 233895000, "otherCurrentLiab": 355655000, "longTermDebt": 66678000, "otherLiab": 23078000, "totalCurrentLiabilities": 625879000, "totalLiab": 715635000, "commonStock": 414268000, "treasuryStock": 1444346000, "otherStockholderEquity": 1444346000, "totalStockholderEquity": 1858614000, "netTangibleAssets": 1845159000}], "maxAge": 86400}, "earningsHistory": {"history": [{"maxAge": 1, "epsActual": {}, "epsEstimate": {}, "epsDifference": {}, "surprisePercent": {}, "quarter": {}, "period": "-4q"}, {"maxAge": 1, "epsActual": {}, "epsEstimate": {}, "epsDifference": {}, "surprisePercent": {}, "quarter": {}, "period": "-3q"}, {"maxAge": 1, "epsActual": {}, "epsEstimate": {}, "epsDifference": {}, "surprisePercent": {}, "quarter": {}, "period": "-2q"}, {"maxAge": 1, "epsActual": 0.84, "epsEstimate": 1.24, "epsDifference": -0.4, "surprisePercent": -0.32299998, "quarter": "2017-12-31", "period": "-1q"}], "maxAge": 86400}, "indexTrend": {"maxAge": 1, "symbol": "SP5", "peRatio": 19.7411, "pegRatio": 1.34172, "estimates": [{"period": "0q", "growth": 0.549}, {"period": "+1q", "growth": 0.431}, {"period": "0y", "growth": 0.305}, {"period": "+1y", "growth": 0.109}, {"period": "+5y", "growth": 0.120865}, {"period": "-5y"}]}, "industryTrend": {"maxAge": 1, "symbol": null, "estimates": []}, "insiderTransactions": {"transactions": [{"maxAge": 1, "shares": 1215736, "filerUrl": "", "transactionText": "", "filerName": "Ecoedifice Realtors Pvt. Ltd.", "filerRelation": "Promoter", "moneyText": "", "startDate": "2017-08-04", "ownership": "D"}, {"maxAge": 1, "shares": 1215736, "filerUrl": "", "transactionText": "", "filerName": "Towerbase Services Pvt Ltd", "filerRelation": "Promoter", "moneyText": "", "startDate": "2017-08-04", "ownership": "D"}, {"maxAge": 1, "shares": 180000, "filerUrl": "", "transactionText": "", "filerName": "Doaba Industrial & Trading Company", "filerRelation": "Promoter", "moneyText": "", "startDate": "2017-02-03", "ownership": "D"}, {"maxAge": 1, "shares": 30000, "filerUrl": "", "transactionText": "", "filerName": "The Punjab Business & Supply Company Pvt Ltd", "filerRelation": "Promoter", "moneyText": "", "startDate": "2017-02-03", "ownership": "D"}], "maxAge": 1}, "quoteType": {"exchange": "BSE", "quoteType": "EQUITY", "symbol": "WATERBASE.BO", "underlyingSymbol": "WATERBASE.BO", "shortName": "WATERBASE LTD.", "longName": "The Waterbase Limited", "firstTradeDateEpochUtc": "2000-10-13 09:15:00", "timeZoneFullName": "Asia/Kolkata", "timeZoneShortName": "IST", "uuid": "5cf83770-18d0-3bea-a36e-62246abfded0", "gmtOffSetMilliseconds": 19800000, "maxAge": 1}, "incomeStatementHistory": {"incomeStatementHistory": [{"maxAge": 1, "endDate": "2020-03-31", "totalRevenue": 3224322000, "costOfRevenue": 2298331000, "grossProfit": 925991000, "researchDevelopment": {}, "sellingGeneralAdministrative": 217564000, "nonRecurring": {}, "otherOperatingExpenses": 369495000, "totalOperatingExpenses": 2956856000, "operatingIncome": 267466000, "totalOtherIncomeExpenseNet": -19089000, "ebit": 267466000, "interestExpense": -20412000, "incomeBeforeTax": 248377000, "incomeTaxExpense": 63471000, "minorityInterest": {}, "netIncomeFromContinuingOps": 184906000, "discontinuedOperations": {}, "extraordinaryItems": {}, "effectOfAccountingCharges": {}, "otherItems": {}, "netIncome": 184906000, "netIncomeApplicableToCommonShares": 184906000}, {"maxAge": 1, "endDate": "2019-03-31", "totalRevenue": 3654824000, "costOfRevenue": 2491133000, "grossProfit": 1163691000, "researchDevelopment": {}, "sellingGeneralAdministrative": 220985000, "nonRecurring": {}, "otherOperatingExpenses": 425426000, "totalOperatingExpenses": 3207517000, "operatingIncome": 447307000, "totalOtherIncomeExpenseNet": 25976000, "ebit": 447307000, "interestExpense": -26641000, "incomeBeforeTax": 473283000, "incomeTaxExpense": 164809000, "minorityInterest": {}, "netIncomeFromContinuingOps": 308474000, "discontinuedOperations": {}, "extraordinaryItems": {}, "effectOfAccountingCharges": {}, "otherItems": {}, "netIncome": 308474000, "netIncomeApplicableToCommonShares": 308474000}, {"maxAge": 1, "endDate": "2018-03-31", "totalRevenue": 3427403000, "costOfRevenue": 2206539000, "grossProfit": 1220864000, "researchDevelopment": {}, "sellingGeneralAdministrative": 193797000, "nonRecurring": {}, "otherOperatingExpenses": 394337000, "totalOperatingExpenses": 2912343000, "operatingIncome": 515060000, "totalOtherIncomeExpenseNet": -28964000, "ebit": 515060000, "interestExpense": -34963000, "incomeBeforeTax": 486096000, "incomeTaxExpense": 187093000, "minorityInterest": {}, "netIncomeFromContinuingOps": 299003000, "discontinuedOperations": {}, "extraordinaryItems": {}, "effectOfAccountingCharges": {}, "otherItems": {}, "netIncome": 299003000, "netIncomeApplicableToCommonShares": 299003000}, {"maxAge": 1, "endDate": "2017-03-31", "totalRevenue": 3219085000, "costOfRevenue": 2404619000, "grossProfit": 814466000, "researchDevelopment": {}, "sellingGeneralAdministrative": 169266000, "nonRecurring": {}, "otherOperatingExpenses": 340270000, "totalOperatingExpenses": 2969019000, "operatingIncome": 250066000, "totalOtherIncomeExpenseNet": -70915000, "ebit": 250066000, "interestExpense": -73962000, "incomeBeforeTax": 179151000, "incomeTaxExpense": 63413000, "minorityInterest": {}, "netIncomeFromContinuingOps": 115738000, "discontinuedOperations": {}, "extraordinaryItems": {}, "effectOfAccountingCharges": {}, "otherItems": {}, "netIncome": 115738000, "netIncomeApplicableToCommonShares": 115738000}], "maxAge": 86400}, "fundOwnership": {"ownershipList": [], "maxAge": 1}, "summaryDetail": {"maxAge": 1, "priceHint": 2, "previousClose": 107.45, "open": 106.4, "dayLow": 105.5, "dayHigh": 108.25, "regularMarketPreviousClose": 107.45, "regularMarketOpen": 106.4, "regularMarketDayLow": 105.5, "regularMarketDayHigh": 108.25, "trailingPE": 36.647038, "forwardPE": 9.697526, "volume": 9034, "regularMarketVolume": 9034, "averageVolume": 54128, "averageVolume10days": 11988, "averageDailyVolume10Day": 11988, "bid": 105.85, "ask": 105.95, "bidSize": 0, "askSize": 0, "marketCap": 4382955520, "fiftyTwoWeekLow": 65.0, "fiftyTwoWeekHigh": 152.45, "fiftyDayAverage": 124.27273, "twoHundredDayAverage": 107.952576, "trailingAnnualDividendRate": 1.5, "trailingAnnualDividendYield": 0.0139599815, "currency": "INR", "fromCurrency": null, "lastMarket": null, "algorithm": null, "tradeable": false}, "sectorTrend": {"maxAge": 1, "symbol": null, "estimates": []}, "incomeStatementHistoryQuarterly": {"incomeStatementHistory": [{"maxAge": 1, "endDate": "2020-06-30", "totalRevenue": 628478000, "costOfRevenue": 412094000, "grossProfit": 216384000, "researchDevelopment": {}, "sellingGeneralAdministrative": 49454000, "nonRecurring": {}, "otherOperatingExpenses": 77720000, "totalOperatingExpenses": 557060000, "operatingIncome": 71418000, "totalOtherIncomeExpenseNet": -5394000, "ebit": 71418000, "interestExpense": -7640000, "incomeBeforeTax": 66024000, "incomeTaxExpense": 16990000, "minorityInterest": {}, "netIncomeFromContinuingOps": 49034000, "discontinuedOperations": {}, "extraordinaryItems": {}, "effectOfAccountingCharges": {}, "otherItems": {}, "netIncome": 49034000, "netIncomeApplicableToCommonShares": 49034000}, {"maxAge": 1, "endDate": "2020-03-31", "totalRevenue": 474009000, "costOfRevenue": 348359000, "grossProfit": 125650000, "researchDevelopment": {}, "sellingGeneralAdministrative": 61625000, "nonRecurring": {}, "otherOperatingExpenses": 64967000, "totalOperatingExpenses": 491604000, "operatingIncome": -17595000, "totalOtherIncomeExpenseNet": -16781000, "ebit": -17595000, "interestExpense": -7640000, "incomeBeforeTax": -34376000, "incomeTaxExpense": -8923000, "minorityInterest": {}, "netIncomeFromContinuingOps": -25453000, "discontinuedOperations": {}, "extraordinaryItems": {}, "effectOfAccountingCharges": {}, "otherItems": {}, "netIncome": -25453000, "netIncomeApplicableToCommonShares": -25453000}, {"maxAge": 1, "endDate": "2019-12-31", "totalRevenue": 621987000, "costOfRevenue": 455256000, "grossProfit": 166731000, "researchDevelopment": {}, "sellingGeneralAdministrative": 54709000, "nonRecurring": {}, "otherOperatingExpenses": 81148000, "totalOperatingExpenses": 608572000, "operatingIncome": 13415000, "totalOtherIncomeExpenseNet": -3307000, "ebit": 13415000, "interestExpense": -5763000, "incomeBeforeTax": 10108000, "incomeTaxExpense": 2788000, "minorityInterest": {}, "netIncomeFromContinuingOps": 7320000, "discontinuedOperations": {}, "extraordinaryItems": {}, "effectOfAccountingCharges": {}, "otherItems": {}, "netIncome": 7320000, "netIncomeApplicableToCommonShares": 7320000}, {"maxAge": 1, "endDate": "2019-09-30", "totalRevenue": 933345000, "costOfRevenue": 653236000, "grossProfit": 280109000, "researchDevelopment": {}, "sellingGeneralAdministrative": 54384000, "nonRecurring": {}, "otherOperatingExpenses": 114203000, "totalOperatingExpenses": 839997000, "operatingIncome": 93348000, "totalOtherIncomeExpenseNet": 3663000, "ebit": 93348000, "interestExpense": -7877000, "incomeBeforeTax": 97011000, "incomeTaxExpense": 7850000, "minorityInterest": {}, "netIncomeFromContinuingOps": 89161000, "discontinuedOperations": {}, "extraordinaryItems": {}, "effectOfAccountingCharges": {}, "otherItems": {}, "netIncome": 89161000, "netIncomeApplicableToCommonShares": 89161000}], "maxAge": 86400}, "cashflowStatementHistoryQuarterly": {"cashflowStatements": [{"maxAge": 1, "endDate": "2020-06-30", "netIncome": 49034000, "changeToLiabilities": 0}, {"maxAge": 1, "endDate": "2020-03-31", "netIncome": -25453000, "changeToLiabilities": 0}, {"maxAge": 1, "endDate": "2019-12-31", "netIncome": 7320000, "changeToLiabilities": 0}, {"maxAge": 1, "endDate": "2019-09-30", "netIncome": 89161000, "changeToLiabilities": 0}], "maxAge": 86400}, "insiderHolders": {"holders": [{"maxAge": 1, "name": "Doaba Industrial & Trading Company", "relation": "Promoter", "url": "", "transactionDescription": "Sale", "latestTransDate": "2017-02-03", "positionDirect": 0, "positionDirectDate": "2017-02-03"}, {"maxAge": 1, "name": "Ecoedifice Realtors Pvt. Ltd.", "relation": "Promoter", "url": "", "transactionDescription": "Other", "latestTransDate": "2017-08-04", "positionDirect": 1215736, "positionDirectDate": "2017-08-04"}, {"maxAge": 1, "name": "The Punjab Business & Supply Company Pvt Ltd", "relation": "Promoter", "url": "", "transactionDescription": "Sale", "latestTransDate": "2017-02-03", "positionDirect": 0, "positionDirectDate": "2017-02-03"}, {"maxAge": 1, "name": "Towerbase Services Pvt Ltd", "relation": "Promoter", "url": "", "transactionDescription": "Other", "latestTransDate": "2017-08-04", "positionDirect": 0, "positionDirectDate": "2017-08-04"}], "maxAge": 1}, "earnings": {"maxAge": 86400, "earningsChart": {"quarterly": [{"date": "4Q2017", "actual": 0.84, "estimate": 1.24}], "currentQuarterEstimateDate": "1Q", "currentQuarterEstimateYear": 2018, "earningsDate": []}, "financialsChart": {"yearly": [{"date": 2017, "revenue": 3219085000, "earnings": 115738000}, {"date": 2018, "revenue": 3427403000, "earnings": 299003000}, {"date": 2019, "revenue": 3654824000, "earnings": 308474000}, {"date": 2020, "revenue": 3224322000, "earnings": 184906000}], "quarterly": [{"date": "3Q2019", "revenue": 933345000, "earnings": 89161000}, {"date": "4Q2019", "revenue": 621987000, "earnings": 7320000}, {"date": "1Q2020", "revenue": 474009000, "earnings": -25453000}, {"date": "2Q2020", "revenue": 628478000, "earnings": 49034000}]}, "financialCurrency": "INR"}, "calendarEvents": {"maxAge": 1, "earnings": {"earningsDate": [], "revenueAverage": 657883000}}, "upgradeDowngradeHistory": {"history": [], "maxAge": 86400}, "price": {"maxAge": 1, "regularMarketChangePercent": -0.015355923, "regularMarketChange": -1.6499939, "regularMarketTime": "2021-04-30 15:52:43", "priceHint": 2, "regularMarketPrice": 105.8, "regularMarketDayHigh": 108.25, "regularMarketDayLow": 105.5, "regularMarketVolume": 9034, "averageDailyVolume10Day": 11988, "averageDailyVolume3Month": 54128, "regularMarketPreviousClose": 107.45, "regularMarketSource": "FREE_REALTIME", "regularMarketOpen": 106.4, "exchange": "BSE", "exchangeName": "BSE", "exchangeDataDelayedBy": 0, "marketState": "CLOSED", "quoteType": "EQUITY", "symbol": "WATERBASE.BO", "underlyingSymbol": null, "shortName": "WATERBASE LTD.", "longName": "The Waterbase Limited", "currency": "INR", "quoteSourceName": "Delayed Quote", "currencySymbol": "\u20b9", "fromCurrency": null, "lastMarket": null, "marketCap": 4382955520}, "balanceSheetHistory": {"balanceSheetStatements": [{"maxAge": 1, "endDate": "2020-03-31", "cash": 155035000, "shortTermInvestments": 16200000, "netReceivables": 744991000, "inventory": 624141000, "otherCurrentAssets": 79213000, "totalCurrentAssets": 1628055000, "propertyPlantEquipment": 693982000, "intangibleAssets": 12482000, "otherAssets": 45817000, "deferredLongTermAssetCharges": 11539000, "totalAssets": 2380336000, "accountsPayable": 204345000, "shortLongTermDebt": 29715000, "otherCurrentLiab": 30250000, "longTermDebt": 52673000, "otherLiab": 46521000, "totalCurrentLiabilities": 442779000, "totalLiab": 541973000, "commonStock": 414268000, "retainedEarnings": 1174136000, "treasuryStock": 102610000, "capitalSurplus": 147349000, "otherStockholderEquity": 102610000, "totalStockholderEquity": 1838363000, "netTangibleAssets": 1825881000}, {"maxAge": 1, "endDate": "2019-03-31", "cash": 8985000, "netReceivables": 733258000, "inventory": 888567000, "otherCurrentAssets": 76941000, "totalCurrentAssets": 1716938000, "longTermInvestments": 1934000, "propertyPlantEquipment": 723784000, "intangibleAssets": 14428000, "otherAssets": 33381000, "deferredLongTermAssetCharges": 1432000, "totalAssets": 2488531000, "accountsPayable": 270315000, "shortLongTermDebt": 95024000, "otherCurrentLiab": 23570000, "longTermDebt": 82155000, "otherLiab": 22892000, "totalCurrentLiabilities": 652981000, "totalLiab": 758028000, "commonStock": 414268000, "retainedEarnings": 1066276000, "treasuryStock": 102610000, "capitalSurplus": 147349000, "otherStockholderEquity": 102610000, "totalStockholderEquity": 1730503000, "netTangibleAssets": 1716075000}, {"maxAge": 1, "endDate": "2018-03-31", "cash": 8131000, "shortTermInvestments": 8605000, "netReceivables": 905959000, "inventory": 828505000, "otherCurrentAssets": 70331000, "totalCurrentAssets": 1827890000, "propertyPlantEquipment": 683793000, "intangibleAssets": 15862000, "otherAssets": 49717000, "totalAssets": 2577262000, "accountsPayable": 518807000, "shortLongTermDebt": 68950000, "otherCurrentLiab": 39901000, "longTermDebt": 133522000, "otherLiab": 43077000, "totalCurrentLiabilities": 904419000, "totalLiab": 1081018000, "commonStock": 414268000, "retainedEarnings": 832017000, "treasuryStock": 102610000, "capitalSurplus": 147349000, "otherStockholderEquity": 102610000, "totalStockholderEquity": 1496244000, "netTangibleAssets": 1480382000}, {"maxAge": 1, "endDate": "2017-03-31", "cash": 8865000, "netReceivables": 825095000, "inventory": 705882000, "otherCurrentAssets": 141934000, "totalCurrentAssets": 1689205000, "propertyPlantEquipment": 635675000, "intangibleAssets": 15679000, "otherAssets": 110161000, "totalAssets": 2450720000, "accountsPayable": 351291000, "shortLongTermDebt": 67568000, "otherCurrentLiab": 16228000, "longTermDebt": 135750000, "otherLiab": 48803000, "totalCurrentLiabilities": 1020751000, "totalLiab": 1205304000, "commonStock": 386033000, "retainedEarnings": 581189000, "treasuryStock": 130845000, "capitalSurplus": 147349000, "otherStockholderEquity": 130845000, "totalStockholderEquity": 1245416000, "netTangibleAssets": 1229737000}], "maxAge": 86400}, "earningsTrend": {"trend": [{"maxAge": 1, "period": "0q", "endDate": "2018-03-31", "growth": {}, "earningsEstimate": {"avg": 0.0, "low": 0.0, "high": 0.0, "yearAgoEps": {}, "numberOfAnalysts": 0, "growth": {}}, "revenueEstimate": {"avg": 657883000, "low": 0, "high": 0, "numberOfAnalysts": 0, "yearAgoRevenue": {}, "growth": {}}, "epsTrend": {"current": 0.0, "7daysAgo": 0.0, "30daysAgo": 0.0, "60daysAgo": 0.0, "90daysAgo": 0.0}, "epsRevisions": {"upLast7days": 0, "upLast30days": 0, "downLast30days": 0, "downLast90days": {}}}, {"maxAge": 1, "period": "+1q", "endDate": "2018-06-30", "growth": {}, "earningsEstimate": {"avg": 0.0, "low": 0.0, "high": 0.0, "yearAgoEps": {}, "numberOfAnalysts": 0, "growth": {}}, "revenueEstimate": {"avg": 1584970000, "low": 0, "high": 0, "numberOfAnalysts": 0, "yearAgoRevenue": {}, "growth": {}}, "epsTrend": {"current": 0.0, "7daysAgo": 0.0, "30daysAgo": 0.0, "60daysAgo": 0.0, "90daysAgo": 0.0}, "epsRevisions": {"upLast7days": 0, "upLast30days": 0, "downLast30days": 0, "downLast90days": {}}}, {"maxAge": 1, "period": "0y", "endDate": "2018-03-31", "growth": {}, "earningsEstimate": {"avg": 0.0, "low": 0.0, "high": 0.0, "yearAgoEps": {}, "numberOfAnalysts": 0, "growth": {}}, "revenueEstimate": {"avg": 3427400000, "low": 3727110000, "high": 3727110000, "numberOfAnalysts": 1, "yearAgoRevenue": {}, "growth": {}}, "epsTrend": {"current": 0.0, "7daysAgo": 7.82, "30daysAgo": 7.82, "60daysAgo": 7.82, "90daysAgo": 7.82}, "epsRevisions": {"upLast7days": 0, "upLast30days": 0, "downLast30days": 0, "downLast90days": {}}}, {"maxAge": 1, "period": "+1y", "endDate": "2019-03-31", "growth": {}, "earningsEstimate": {"avg": 0.0, "low": 0.0, "high": 0.0, "yearAgoEps": {}, "numberOfAnalysts": 0, "growth": {}}, "revenueEstimate": {"avg": 4211630000, "low": 4211630000, "high": 4211630000, "numberOfAnalysts": 1, "yearAgoRevenue": 3427400000, "growth": 0.229}, "epsTrend": {"current": 0.0, "7daysAgo": 10.91, "30daysAgo": 10.91, "60daysAgo": 10.91, "90daysAgo": 10.91}, "epsRevisions": {"upLast7days": 0, "upLast30days": 0, "downLast30days": 0, "downLast90days": {}}}, {"maxAge": 1, "period": "+5y", "endDate": null, "growth": {}, "earningsEstimate": {"avg": {}, "low": {}, "high": {}, "yearAgoEps": {}, "numberOfAnalysts": {}, "growth": {}}, "revenueEstimate": {"avg": {}, "low": {}, "high": {}, "numberOfAnalysts": {}, "yearAgoRevenue": {}, "growth": {}}, "epsTrend": {"current": {}, "7daysAgo": {}, "30daysAgo": {}, "60daysAgo": {}, "90daysAgo": {}}, "epsRevisions": {"upLast7days": {}, "upLast30days": {}, "downLast30days": {}, "downLast90days": {}}}, {"maxAge": 1, "period": "-5y", "endDate": null, "growth": {}, "earningsEstimate": {"avg": {}, "low": {}, "high": {}, "yearAgoEps": {}, "numberOfAnalysts": {}, "growth": {}}, "revenueEstimate": {"avg": {}, "low": {}, "high": {}, "numberOfAnalysts": {}, "yearAgoRevenue": {}, "growth": {}}, "epsTrend": {"current": {}, "7daysAgo": {}, "30daysAgo": {}, "60daysAgo": {}, "90daysAgo": {}}, "epsRevisions": {"upLast7days": {}, "upLast30days": {}, "downLast30days": {}, "downLast90days": {}}}], "maxAge": 1}, "financialData": {"maxAge": 86400, "currentPrice": 105.8, "targetHighPrice": 120.0, "targetLowPrice": 120.0, "targetMeanPrice": 120.0, "targetMedianPrice": 120.0, "recommendationKey": "none", "numberOfAnalystOpinions": 1, "grossProfits": 925991000, "financialCurrency": "INR"}}}