{"WEALTH.NS": {"assetProfile": {"address1": "Capitol House", "address2": "10 Paras-II Near Campus Corner Prahaladnagar, Anand Nagar", "city": "Ahmedabad", "zip": "380015", "country": "India", "phone": "91 79 4024 0000", "fax": "91 79 4024 0081", "website": "http://www.wealth-firstonline.com", "industry": "Capital Markets", "sector": "Financial Services", "longBusinessSummary": "Wealth First Portfolio Managers Limited provides financial assets investment management solutions to corporate, institutional, retail, and HNI and NRI customers in India. Its products include fixed deposits, government securities, treasury and direct bonds, taxable and tax free bonds, direct equity, mutual funds, PMS and pension products, etc. The company also offers investment strategizing, asset research and allocation, trade-execution\u00c2\u0096 broking, portfolio review, portfolio accounting, tax and retirement planning, and treasury management services. Wealth First Portfolio Managers Limited was founded in 2002 and is headquartered in Ahmedabad, India.", "fullTimeEmployees": 50, "companyOfficers": [{"maxAge": 1, "name": "Mr. Ashish Navnitlal Shah", "age": 57, "title": "MD & Director", "yearBorn": 1963, "fiscalYear": 2020, "totalPay": 3645000, "exercisedValue": 0, "unexercisedValue": 0}, {"maxAge": 1, "name": "Mr. Manish Dhirajlal Kansara", "age": 47, "title": "Chief Financial Officer", "yearBorn": 1973, "fiscalYear": 2020, "totalPay": 1519700, "exercisedValue": 0, "unexercisedValue": 0}, {"maxAge": 1, "name": "Mr. Aayush Kamleshbhai Shah", "age": 28, "title": "Compliance Officer & Company Sec.", "yearBorn": 1992, "fiscalYear": 2020, "totalPay": 523717, "exercisedValue": 0, "unexercisedValue": 0}, {"maxAge": 1, "name": "Ms. Hena Ashish Shah", "age": 55, "title": "Whole-Time Director", "yearBorn": 1965, "fiscalYear": 2020, "totalPay": 1545000, "exercisedValue": 0, "unexercisedValue": 0}, {"maxAge": 1, "name": "Bhadresh  Shah", "age": 50, "title": "Sr. VP", "yearBorn": 1970, "exercisedValue": 0, "unexercisedValue": 0}, {"maxAge": 1, "name": "Rakesh  Shah", "age": 49, "title": "VP", "yearBorn": 1971, "exercisedValue": 0, "unexercisedValue": 0}, {"maxAge": 1, "name": "Swapneel  Shah", "age": 28, "title": "Chief Mang. of Operations", "yearBorn": 1992, "fiscalYear": 2019, "exercisedValue": 0, "unexercisedValue": 0}, {"maxAge": 1, "name": "Nirad  Shah", "age": 42, "title": "Head of Wealth Management", "yearBorn": 1978, "exercisedValue": 0, "unexercisedValue": 0}], "compensationAsOfEpochDate": "2020-12-31 05:30:00", "maxAge": 86400}, "cashflowStatementHistory": {"cashflowStatements": [{"maxAge": 1, "endDate": "2020-03-31", "netIncome": 12801930, "depreciation": 3328067, "changeToNetincome": -18825215, "changeToAccountReceivables": 13758460, "changeToLiabilities": 1108121, "changeToInventory": -84268385, "changeToOperatingActivities": 3555619, "totalCashFromOperatingActivities": -68541403, "capitalExpenditures": -1896573, "investments": -150000, "otherCashflowsFromInvestingActivities": 6730029, "totalCashflowsFromInvestingActivities": 4683456, "dividendsPaid": -7745461, "netBorrowings": 13076602, "otherCashflowsFromFinancingActivities": -4759780, "totalCashFromFinancingActivities": 571361, "changeInCash": -63286586}, {"maxAge": 1, "endDate": "2019-03-31", "netIncome": 70808599, "depreciation": 2887859, "changeToNetincome": -1145717, "changeToAccountReceivables": -3229588, "changeToLiabilities": -1248612, "changeToInventory": 8320312, "changeToOperatingActivities": 2635734, "totalCashFromOperatingActivities": 79028587, "capitalExpenditures": -7387944, "investments": -150000, "otherCashflowsFromInvestingActivities": 5038769, "totalCashflowsFromInvestingActivities": -2349175, "dividendsPaid": -7283461, "netBorrowings": -46453978, "otherCashflowsFromFinancingActivities": -2875613, "totalCashFromFinancingActivities": -56613052, "changeInCash": 20066360}, {"maxAge": 1, "endDate": "2018-03-31", "netIncome": 87486031, "depreciation": 1112546, "changeToNetincome": 4766412, "changeToAccountReceivables": -8429847, "changeToLiabilities": 2519412, "changeToInventory": 82160110, "changeToOperatingActivities": -9659416, "totalCashFromOperatingActivities": 159955248, "capitalExpenditures": -3277731, "investments": 3571925, "otherCashflowsFromInvestingActivities": 11185151, "totalCashflowsFromInvestingActivities": 11479345, "dividendsPaid": -8545461, "netBorrowings": -121509412, "otherCashflowsFromFinancingActivities": -11646440, "totalCashFromFinancingActivities": -141701313, "changeInCash": 29733280}, {"maxAge": 1, "endDate": "2017-03-31", "netIncome": 48021858, "depreciation": 359107, "changeToNetincome": -813811, "changeToAccountReceivables": -10047904, "changeToLiabilities": -95394476, "changeToInventory": 25642248, "changeToOperatingActivities": 35662341, "totalCashFromOperatingActivities": 3429363, "capitalExpenditures": -408609, "investments": 455025, "otherCashflowsFromInvestingActivities": 27728115, "totalCashflowsFromInvestingActivities": 27774531, "dividendsPaid": -3847307, "netBorrowings": 8574824, "otherCashflowsFromFinancingActivities": -20512003, "totalCashFromFinancingActivities": -15784486, "changeInCash": 15419408}], "maxAge": 86400}, "institutionOwnership": {"ownershipList": [], "maxAge": 1}, "majorHoldersBreakdown": {"maxAge": 1}, "balanceSheetHistoryQuarterly": {"balanceSheetStatements": [{"maxAge": 1, "endDate": "2020-12-31", "totalStockholderEquity": 450816000, "netTangibleAssets": 450816000}, {"maxAge": 1, "endDate": "2020-09-30", "cash": 76141000, "netReceivables": 14862000, "inventory": 284018000, "otherCurrentAssets": 386000, "totalCurrentAssets": 375407000, "longTermInvestments": 390000, "propertyPlantEquipment": 5234000, "otherAssets": 124230000, "deferredLongTermAssetCharges": 2018000, "totalAssets": 505261000, "accountsPayable": 188000, "otherCurrentLiab": 47471000, "otherLiab": 6786000, "totalCurrentLiabilities": 47659000, "totalLiab": 54445000, "commonStock": 63930000, "treasuryStock": 386886000, "otherStockholderEquity": 386886000, "totalStockholderEquity": 450816000, "netTangibleAssets": 450816000}, {"maxAge": 1, "endDate": "2020-06-30", "cash": 76141000, "netReceivables": 14862000, "inventory": 284018000, "otherCurrentAssets": 386000, "totalCurrentAssets": 375407000, "longTermInvestments": 390000, "propertyPlantEquipment": 5234000, "otherAssets": 124230000, "deferredLongTermAssetCharges": 2018000, "totalAssets": 505261000, "accountsPayable": 188000, "otherCurrentLiab": 47471000, "otherLiab": 6786000, "totalCurrentLiabilities": 47659000, "totalLiab": 54445000, "commonStock": 63930000, "treasuryStock": 386886000, "otherStockholderEquity": 386886000, "totalStockholderEquity": 450816000, "netTangibleAssets": 450816000}, {"maxAge": 1, "endDate": "2020-03-31", "cash": 14530000, "netReceivables": 12322000, "inventory": 326155000, "otherCurrentAssets": 2123000, "totalCurrentAssets": 355130000, "longTermInvestments": 150000, "propertyPlantEquipment": 6019000, "otherAssets": 37991000, "deferredLongTermAssetCharges": 2018000, "totalAssets": 399290000, "accountsPayable": 653000, "otherCurrentLiab": 20754000, "otherLiab": 6769000, "totalCurrentLiabilities": 47784000, "totalLiab": 54553000, "commonStock": 63930000, "treasuryStock": 280807000, "otherStockholderEquity": 280807000, "totalStockholderEquity": 344737000, "netTangibleAssets": 344737000}], "maxAge": 86400}, "indexTrend": {"maxAge": 1, "symbol": "SP5", "peRatio": 19.7411, "pegRatio": 1.34172, "estimates": [{"period": "0q", "growth": 0.549}, {"period": "+1q", "growth": 0.431}, {"period": "0y", "growth": 0.305}, {"period": "+1y", "growth": 0.109}, {"period": "+5y", "growth": 0.120865}, {"period": "-5y"}]}, "defaultKeyStatistics": {"maxAge": 1, "priceHint": 2, "enterpriseValue": 1170493952, "profitMargins": 0.031770002, "floatShares": 2115231, "sharesOutstanding": 6393000, "beta": -0.215238, "category": null, "bookValue": 42.312, "priceToBook": 2.9034317, "fundFamily": null, "legalType": null, "lastFiscalYearEnd": "2020-03-31 05:30:00", "nextFiscalYearEnd": "2022-03-31 05:30:00", "mostRecentQuarter": "2020-12-31 05:30:00", "earningsQuarterlyGrowth": 2.571, "netIncomeToCommon": 129902928, "trailingEps": 15.24, "lastSplitFactor": "5:3", "lastSplitDate": "2020-09-25 05:30:00", "enterpriseToRevenue": 0.286}, "summaryProfile": {"address1": "Capitol House", "address2": "10 Paras-II Near Campus Corner Prahaladnagar, Anand Nagar", "city": "Ahmedabad", "zip": "380015", "country": "India", "phone": "91 79 4024 0000", "fax": "91 79 4024 0081", "website": "http://www.wealth-firstonline.com", "industry": "Capital Markets", "sector": "Financial Services", "longBusinessSummary": "Wealth First Portfolio Managers Limited provides financial assets investment management solutions to corporate, institutional, retail, and HNI and NRI customers in India. Its products include fixed deposits, government securities, treasury and direct bonds, taxable and tax free bonds, direct equity, mutual funds, PMS and pension products, etc. The company also offers investment strategizing, asset research and allocation, trade-execution\u00c2\u0096 broking, portfolio review, portfolio accounting, tax and retirement planning, and treasury management services. Wealth First Portfolio Managers Limited was founded in 2002 and is headquartered in Ahmedabad, India.", "fullTimeEmployees": 50, "companyOfficers": [], "maxAge": 86400}, "netSharePurchaseActivity": {"maxAge": 1, "period": "6m", "buyInfoCount": 0, "buyInfoShares": 0, "sellInfoCount": 0, "netInfoCount": 0, "netInfoShares": 0, "totalInsiderShares": 0}, "quoteType": {"exchange": "NSI", "quoteType": "EQUITY", "symbol": "WEALTH.NS", "underlyingSymbol": "WEALTH.NS", "shortName": "Wealth Frst Port. Mg. Ltd", "longName": "Wealth First Portfolio Managers Limited", "firstTradeDateEpochUtc": "2017-03-21 09:15:00", "timeZoneFullName": "Asia/Kolkata", "timeZoneShortName": "IST", "uuid": "8fbd7ec5-0aad-3b33-9b1b-1f7ad126d386", "gmtOffSetMilliseconds": 19800000, "maxAge": 1}, "incomeStatementHistory": {"incomeStatementHistory": [{"maxAge": 1, "endDate": "2020-03-31", "totalRevenue": 3985986918, "costOfRevenue": 3888893130, "grossProfit": 97093788, "researchDevelopment": {}, "sellingGeneralAdministrative": 48218633, "nonRecurring": {}, "otherOperatingExpenses": 27600585, "totalOperatingExpenses": 3968166439, "operatingIncome": 17820479, "totalOtherIncomeExpenseNet": 0, "ebit": 0, "interestExpense": {}, "incomeBeforeTax": 17820479, "incomeTaxExpense": 5018549, "minorityInterest": {}, "netIncomeFromContinuingOps": 12801930, "discontinuedOperations": {}, "extraordinaryItems": {}, "effectOfAccountingCharges": {}, "otherItems": {}, "netIncome": 12801930, "netIncomeApplicableToCommonShares": 12801930}, {"maxAge": 1, "endDate": "2019-03-31", "totalRevenue": 3309444840, "costOfRevenue": 3154223149, "grossProfit": 155221691, "researchDevelopment": {}, "sellingGeneralAdministrative": 41261477, "nonRecurring": {}, "otherOperatingExpenses": 18667584, "totalOperatingExpenses": 3217166093, "operatingIncome": 92278747, "totalOtherIncomeExpenseNet": 2, "ebit": 0, "interestExpense": {}, "incomeBeforeTax": 92278749, "incomeTaxExpense": 21470150, "minorityInterest": {}, "netIncomeFromContinuingOps": 70808599, "discontinuedOperations": {}, "extraordinaryItems": {}, "effectOfAccountingCharges": {}, "otherItems": {}, "netIncome": 70808599, "netIncomeApplicableToCommonShares": 70808599}, {"maxAge": 1, "endDate": "2018-03-31", "totalRevenue": 2232695540, "costOfRevenue": 2068654075, "grossProfit": 164041465, "researchDevelopment": {}, "sellingGeneralAdministrative": 37165633, "nonRecurring": {}, "otherOperatingExpenses": 19143669, "totalOperatingExpenses": 2126201947, "operatingIncome": 106493593, "totalOtherIncomeExpenseNet": 1, "ebit": 0, "interestExpense": {}, "incomeBeforeTax": 106493594, "incomeTaxExpense": 19007563, "minorityInterest": {}, "netIncomeFromContinuingOps": 87486031, "discontinuedOperations": {}, "extraordinaryItems": {}, "effectOfAccountingCharges": {}, "otherItems": {}, "netIncome": 87486031, "netIncomeApplicableToCommonShares": 87486031}, {"maxAge": 1, "endDate": "2017-03-31", "totalRevenue": 1971085573, "costOfRevenue": 1866348647, "grossProfit": 104736926, "researchDevelopment": {}, "sellingGeneralAdministrative": 32373737, "nonRecurring": {}, "otherOperatingExpenses": 11697722, "totalOperatingExpenses": 1911071570, "operatingIncome": 60014003, "totalOtherIncomeExpenseNet": -40326, "ebit": 0, "interestExpense": {}, "incomeBeforeTax": 59973677, "incomeTaxExpense": 11951819, "minorityInterest": {}, "netIncomeFromContinuingOps": 48021858, "discontinuedOperations": {}, "extraordinaryItems": {}, "effectOfAccountingCharges": {}, "otherItems": {}, "netIncome": 48021858, "netIncomeApplicableToCommonShares": 48021858}], "maxAge": 86400}, "fundOwnership": {"ownershipList": [], "maxAge": 1}, "summaryDetail": {"maxAge": 1, "priceHint": 2, "previousClose": 117.0, "open": 121.4, "dayLow": 115.2, "dayHigh": 122.85, "regularMarketPreviousClose": 117.0, "regularMarketOpen": 121.4, "regularMarketDayLow": 115.2, "regularMarketDayHigh": 122.85, "dividendRate": 0.6, "dividendYield": 0.0064999997, "exDividendDate": "2020-09-04 05:30:00", "payoutRatio": 0.038900003, "beta": -0.215238, "trailingPE": 8.061024, "volume": 633, "regularMarketVolume": 633, "averageVolume": 161, "averageVolume10days": 0, "averageDailyVolume10Day": 0, "bid": 0.0, "ask": 0.0, "marketCap": 785380032, "fiftyTwoWeekLow": 53.99999, "fiftyTwoWeekHigh": 122.85, "priceToSalesTrailing12Months": 0.19209966, "fiftyDayAverage": 92.1, "twoHundredDayAverage": 89.94035, "currency": "INR", "fromCurrency": null, "lastMarket": null, "algorithm": null, "tradeable": false}, "incomeStatementHistoryQuarterly": {"incomeStatementHistory": [{"maxAge": 1, "endDate": "2020-12-31", "totalRevenue": 66043000, "costOfRevenue": 0, "grossProfit": 66043000, "researchDevelopment": {}, "sellingGeneralAdministrative": 10897000, "nonRecurring": {}, "otherOperatingExpenses": 5258000, "totalOperatingExpenses": 16739000, "operatingIncome": 49304000, "totalOtherIncomeExpenseNet": -1000, "ebit": 0, "interestExpense": {}, "incomeBeforeTax": 49303000, "incomeTaxExpense": 0, "minorityInterest": {}, "netIncomeFromContinuingOps": 49303000, "discontinuedOperations": {}, "extraordinaryItems": {}, "effectOfAccountingCharges": {}, "otherItems": {}, "netIncome": 49303000, "netIncomeApplicableToCommonShares": 49303000}, {"maxAge": 1, "endDate": "2020-09-30", "totalRevenue": 1216418000, "costOfRevenue": 1149204000, "grossProfit": 67214000, "researchDevelopment": {}, "sellingGeneralAdministrative": 9878000, "nonRecurring": {}, "otherOperatingExpenses": 4386500, "totalOperatingExpenses": 1164029500, "operatingIncome": 52388500, "totalOtherIncomeExpenseNet": 0, "ebit": 0, "interestExpense": {}, "incomeBeforeTax": 52388500, "incomeTaxExpense": 0, "minorityInterest": {}, "netIncomeFromContinuingOps": 52388500, "discontinuedOperations": {}, "extraordinaryItems": {}, "effectOfAccountingCharges": {}, "otherItems": {}, "netIncome": 52388500, "netIncomeApplicableToCommonShares": 52388500}, {"maxAge": 1, "endDate": "2020-06-30", "totalRevenue": 1216418000, "costOfRevenue": 1149204000, "grossProfit": 67214000, "researchDevelopment": {}, "sellingGeneralAdministrative": 9878000, "nonRecurring": {}, "otherOperatingExpenses": 4386500, "totalOperatingExpenses": 1164029500, "operatingIncome": 52388500, "totalOtherIncomeExpenseNet": 0, "ebit": 0, "interestExpense": {}, "incomeBeforeTax": 52388500, "incomeTaxExpense": 0, "minorityInterest": {}, "netIncomeFromContinuingOps": 52388500, "discontinuedOperations": {}, "extraordinaryItems": {}, "effectOfAccountingCharges": {}, "otherItems": {}, "netIncome": 52388500, "netIncomeApplicableToCommonShares": 52388500}, {"maxAge": 1, "endDate": "2020-03-31", "totalRevenue": 2181442000, "costOfRevenue": 2144043000, "grossProfit": 37399000, "researchDevelopment": {}, "sellingGeneralAdministrative": 24076000, "nonRecurring": {}, "otherOperatingExpenses": 16860000, "totalOperatingExpenses": 2186795000, "operatingIncome": -5353000, "totalOtherIncomeExpenseNet": 1000, "ebit": 0, "interestExpense": {}, "incomeBeforeTax": -5352000, "incomeTaxExpense": 5019000, "minorityInterest": {}, "netIncomeFromContinuingOps": -10371000, "discontinuedOperations": {}, "extraordinaryItems": {}, "effectOfAccountingCharges": {}, "otherItems": {}, "netIncome": -10371000, "netIncomeApplicableToCommonShares": -10371000}], "maxAge": 86400}, "cashflowStatementHistoryQuarterly": {"cashflowStatements": [{"maxAge": 1, "endDate": "2020-12-31", "netIncome": 49303000, "changeToLiabilities": 0}, {"maxAge": 1, "endDate": "2020-09-30", "netIncome": 52388500, "depreciation": 561000, "changeToNetincome": -2637000, "changeToAccountReceivables": -1270500, "changeToLiabilities": 16982500, "changeToInventory": 21068500, "changeToOperatingActivities": -42250500, "totalCashFromOperatingActivities": 44842500, "capitalExpenditures": -168500, "investments": -120000, "otherCashflowsFromInvestingActivities": 2901500, "totalCashflowsFromInvestingActivities": 2613000, "dividendsPaid": -3196500, "netBorrowings": -13188500, "otherCashflowsFromFinancingActivities": -265000, "totalCashFromFinancingActivities": -16650000, "changeInCash": 30805500}, {"maxAge": 1, "endDate": "2020-06-30", "netIncome": 52388500, "depreciation": 561000, "changeToNetincome": -2637000, "changeToAccountReceivables": -1270500, "changeToLiabilities": 16982500, "changeToInventory": 21068500, "changeToOperatingActivities": -42250500, "totalCashFromOperatingActivities": 44842500, "capitalExpenditures": -168500, "investments": -120000, "otherCashflowsFromInvestingActivities": 2901500, "totalCashflowsFromInvestingActivities": 2613000, "dividendsPaid": -3196500, "netBorrowings": -13188500, "otherCashflowsFromFinancingActivities": -265000, "totalCashFromFinancingActivities": -16650000, "changeInCash": 30805500}, {"maxAge": 1, "endDate": "2020-03-31", "netIncome": -10371000, "depreciation": 561000, "changeToNetincome": -2637000, "changeToAccountReceivables": -1270500, "changeToLiabilities": 0, "changeToInventory": 21068500, "changeToOperatingActivities": -42250500, "totalCashFromOperatingActivities": 44842500, "capitalExpenditures": -168500, "investments": -120000, "otherCashflowsFromInvestingActivities": 2901500, "totalCashflowsFromInvestingActivities": 2613000, "dividendsPaid": -3196500, "netBorrowings": -13188500, "otherCashflowsFromFinancingActivities": -265000, "totalCashFromFinancingActivities": -16650000, "changeInCash": 30805500}], "maxAge": 86400}, "insiderHolders": {"holders": [], "maxAge": 1}, "calendarEvents": {"maxAge": 1, "earnings": {"earningsDate": []}, "exDividendDate": "2020-09-04 05:30:00"}, "upgradeDowngradeHistory": {"history": [], "maxAge": 86400}, "price": {"maxAge": 1, "regularMarketChangePercent": 0.049999986, "regularMarketChange": 5.8499985, "regularMarketTime": "2021-04-30 14:21:07", "priceHint": 2, "regularMarketPrice": 122.85, "regularMarketDayHigh": 122.85, "regularMarketDayLow": 115.2, "regularMarketVolume": 633, "averageDailyVolume10Day": 0, "averageDailyVolume3Month": 161, "regularMarketPreviousClose": 117.0, "regularMarketSource": "FREE_REALTIME", "regularMarketOpen": 121.4, "exchange": "NSI", "exchangeName": "NSE", "exchangeDataDelayedBy": 15, "marketState": "CLOSED", "quoteType": "EQUITY", "symbol": "WEALTH.NS", "underlyingSymbol": null, "shortName": "Wealth Frst Port. Mg. Ltd", "longName": "Wealth First Portfolio Managers Limited", "currency": "INR", "quoteSourceName": "Delayed Quote", "currencySymbol": "\u20b9", "fromCurrency": null, "lastMarket": null, "marketCap": 785380032}, "balanceSheetHistory": {"balanceSheetStatements": [{"maxAge": 1, "endDate": "2020-03-31", "cash": 14529757, "netReceivables": 12381604, "otherCurrentAssets": 2063453, "totalCurrentAssets": 355129963, "longTermInvestments": 150250, "propertyPlantEquipment": 6019407, "otherAssets": 37990356, "deferredLongTermAssetCharges": 2018104, "totalAssets": 399289976, "accountsPayable": 652998, "otherCurrentLiab": 14538942, "otherLiab": 6768599, "totalCurrentLiabilities": 47783910, "totalLiab": 54552509, "commonStock": 63930000, "retainedEarnings": 214658295, "capitalSurplus": 66149172, "totalStockholderEquity": 344737467, "netTangibleAssets": 344737467}, {"maxAge": 1, "endDate": "2019-03-31", "cash": 77816343, "netReceivables": 26302908, "inventory": 241887000, "otherCurrentAssets": 3420921, "totalCurrentAssets": 349426936, "longTermInvestments": 250, "propertyPlantEquipment": 7450901, "otherAssets": 39719212, "deferredLongTermAssetCharges": 1711653, "totalAssets": 396597299, "accountsPayable": 29500, "otherCurrentLiab": 30474383, "otherLiab": 6435601, "totalCurrentLiabilities": 50278186, "totalLiab": 56713787, "commonStock": 63930000, "retainedEarnings": 209804340, "treasuryStock": 275954000, "capitalSurplus": 66149172, "otherStockholderEquity": 275954000, "totalStockholderEquity": 339883512, "netTangibleAssets": 339883512}, {"maxAge": 1, "endDate": "2018-03-31", "cash": 57749983, "netReceivables": 23048458, "otherCurrentAssets": 1670687, "totalCurrentAssets": 332676204, "longTermInvestments": 250, "propertyPlantEquipment": 2950816, "otherAssets": 43980192, "deferredLongTermAssetCharges": 1561803, "totalAssets": 379607462, "accountsPayable": 248195, "otherCurrentLiab": 27864240, "otherLiab": 5289600, "totalCurrentLiabilities": 95557776, "totalLiab": 100847376, "commonStock": 63930000, "retainedEarnings": 148680914, "capitalSurplus": 66149172, "totalStockholderEquity": 278760086, "netTangibleAssets": 278760086}, {"maxAge": 1, "endDate": "2017-03-31", "cash": 28016702, "netReceivables": 17595328, "otherCurrentAssets": 281850, "totalCurrentAssets": 378261065, "longTermInvestments": 2205303, "propertyPlantEquipment": 785631, "otherAssets": 32740461, "deferredLongTermAssetCharges": 1569366, "totalAssets": 413992460, "accountsPayable": 39540, "otherCurrentLiab": 29396330, "otherLiab": 3503001, "totalCurrentLiabilities": 214925388, "totalLiab": 218428389, "commonStock": 63930000, "retainedEarnings": 65484899, "capitalSurplus": 66149172, "totalStockholderEquity": 195564071, "netTangibleAssets": 195564071}], "maxAge": 86400}, "financialData": {"maxAge": 86400, "currentPrice": 122.85, "recommendationKey": "none", "totalCash": 76141000, "totalCashPerShare": 7.146, "totalDebt": 0, "totalRevenue": 4088398848, "revenuePerShare": 479.634, "grossProfits": 97093788, "earningsGrowth": 2.571, "revenueGrowth": 0.813, "grossMargins": 0.048800003, "ebitdaMargins": 0.0, "operatingMargins": 0.033, "profitMargins": 0.031770002, "financialCurrency": "INR"}}}