{"WEBELSOLAR.BO": {"cashflowStatementHistory": {"cashflowStatements": [{"maxAge": 1, "endDate": "2020-03-31", "netIncome": 65700000, "depreciation": 154700000, "changeToNetincome": -118200000, "changeToAccountReceivables": -87000000, "changeToLiabilities": -228300000, "changeToInventory": 218600000, "changeToOperatingActivities": 11700000, "totalCashFromOperatingActivities": 17200000, "capitalExpenditures": -12200000, "investments": 100000, "otherCashflowsFromInvestingActivities": 24800000, "totalCashflowsFromInvestingActivities": 133500000, "netBorrowings": -84300000, "otherCashflowsFromFinancingActivities": -61900000, "totalCashFromFinancingActivities": -146200000, "changeInCash": 4500000}, {"maxAge": 1, "endDate": "2019-03-31", "netIncome": -289455000, "depreciation": 154789000, "changeToNetincome": -77667000, "changeToAccountReceivables": 92419000, "changeToLiabilities": 277693000, "changeToInventory": -157343000, "changeToOperatingActivities": 48945000, "totalCashFromOperatingActivities": 49527000, "capitalExpenditures": -15483000, "investments": 100000, "otherCashflowsFromInvestingActivities": 20285000, "totalCashflowsFromInvestingActivities": 58894000, "netBorrowings": -47241000, "otherCashflowsFromFinancingActivities": -61143000, "totalCashFromFinancingActivities": -108384000, "changeInCash": 37000}, {"maxAge": 1, "endDate": "2018-03-31", "netIncome": 47831000, "depreciation": 142328000, "changeToNetincome": -43219000, "changeToAccountReceivables": -200443000, "changeToLiabilities": 279175000, "changeToInventory": -139349000, "changeToOperatingActivities": 16227000, "totalCashFromOperatingActivities": 102661000, "capitalExpenditures": -62144000, "investments": 1179000, "otherCashflowsFromInvestingActivities": 24206000, "totalCashflowsFromInvestingActivities": -11952000, "netBorrowings": -87605000, "otherCashflowsFromFinancingActivities": -32760000, "totalCashFromFinancingActivities": -120365000, "changeInCash": -29656000}, {"maxAge": 1, "endDate": "2017-03-31", "netIncome": 787406000, "depreciation": 151386000, "changeToNetincome": 174877000, "changeToAccountReceivables": 1041844000, "changeToLiabilities": -1236879000, "changeToInventory": 163284000, "changeToOperatingActivities": 338433000, "totalCashFromOperatingActivities": 1420457000, "capitalExpenditures": -62144000, "investments": -66000, "otherCashflowsFromInvestingActivities": 25594000, "totalCashflowsFromInvestingActivities": 281656000, "netBorrowings": -1584505000, "otherCashflowsFromFinancingActivities": -92867000, "totalCashFromFinancingActivities": -1677372000, "changeInCash": 24740000}], "maxAge": 86400}, "institutionOwnership": {"ownershipList": [], "maxAge": 1}, "balanceSheetHistoryQuarterly": {"balanceSheetStatements": [{"maxAge": 1, "endDate": "2020-06-30"}, {"maxAge": 1, "endDate": "2020-03-31", "cash": 5200000, "netReceivables": 232600000, "inventory": 120400000, "otherCurrentAssets": 173900000, "totalCurrentAssets": 532100000, "propertyPlantEquipment": 2542100000, "intangibleAssets": 200000, "otherAssets": 32800000, "totalAssets": 3107200000, "accountsPayable": 557100000, "otherCurrentLiab": 41300000, "longTermDebt": 398000000, "otherLiab": 391100000, "totalCurrentLiabilities": 1047000000, "totalLiab": 1836100000, "commonStock": 305900000, "treasuryStock": 965200000, "otherStockholderEquity": 965200000, "totalStockholderEquity": 1271100000, "netTangibleAssets": 1270900000}, {"maxAge": 1, "endDate": "2019-12-31", "totalStockholderEquity": 928900000, "netTangibleAssets": 928700000}, {"maxAge": 1, "endDate": "2019-09-30", "cash": 2800000, "netReceivables": 406300000, "inventory": 122300000, "otherCurrentAssets": 25800000, "totalCurrentAssets": 557200000, "longTermInvestments": 33100000, "propertyPlantEquipment": 2802300000, "intangibleAssets": 200000, "otherAssets": 130900000, "totalAssets": 3490600000, "accountsPayable": 696700000, "otherCurrentLiab": 131300000, "longTermDebt": 966000000, "otherLiab": 544300000, "totalCurrentLiabilities": 1051400000, "totalLiab": 2561700000, "commonStock": 290300000, "treasuryStock": 638600000, "otherStockholderEquity": 638600000, "totalStockholderEquity": 928900000, "netTangibleAssets": 928700000}], "maxAge": 86400}, "indexTrend": {"maxAge": 1, "symbol": "SP5", "peRatio": 19.7411, "pegRatio": 1.34172, "estimates": [{"period": "0q", "growth": 0.549}, {"period": "+1q", "growth": 0.431}, {"period": "0y", "growth": 0.305}, {"period": "+1y", "growth": 0.109}, {"period": "+5y", "growth": 0.120865}, {"period": "-5y"}]}, "insiderTransactions": {"transactions": [{"maxAge": 1, "shares": 3153, "filerUrl": "", "transactionText": "", "filerName": "Agarwal (Sohan Lal)", "filerRelation": "Chief Executive Officer", "moneyText": "", "startDate": "2020-02-18", "ownership": "D"}, {"maxAge": 1, "shares": 22124, "filerUrl": "", "transactionText": "", "filerName": "Agarwal (Sohan Lal)", "filerRelation": "Director (Executive)", "moneyText": "", "startDate": "2020-02-17", "ownership": "D"}, {"maxAge": 1, "shares": 11723, "filerUrl": "", "transactionText": "", "filerName": "Agarwal (Sohan Lal)", "filerRelation": "Director (Executive)", "moneyText": "", "startDate": "2020-02-14", "ownership": "D"}, {"maxAge": 1, "shares": 75000, "filerUrl": "", "transactionText": "", "filerName": "Agarwal (Sohan Lal)", "filerRelation": "Chief Executive Officer", "moneyText": "", "startDate": "2019-12-06", "ownership": "D"}, {"maxAge": 1, "shares": 100000, "filerUrl": "", "transactionText": "", "filerName": "Agarwal (Sohan Lal)", "filerRelation": "Chief Executive Officer", "moneyText": "", "startDate": "2019-11-19", "ownership": "D"}, {"maxAge": 1, "shares": 25000, "filerUrl": "", "transactionText": "", "filerName": "Agarwal (Sohan Lal)", "filerRelation": "Chief Executive Officer", "moneyText": "", "startDate": "2019-01-15", "ownership": "D"}, {"maxAge": 1, "shares": 20000, "filerUrl": "", "transactionText": "", "filerName": "Agarwal (Sohan Lal)", "filerRelation": "Chief Executive Officer", "moneyText": "", "startDate": "2018-11-28", "ownership": "D"}, {"maxAge": 1, "shares": 10000, "filerUrl": "", "transactionText": "", "filerName": "Agarwal (Sohan Lal)", "filerRelation": "Chief Executive Officer", "moneyText": "", "startDate": "2018-11-26", "ownership": "D"}, {"maxAge": 1, "shares": 10000, "filerUrl": "", "transactionText": "", "filerName": "Agarwal (Sohan Lal)", "filerRelation": "Chief Executive Officer", "moneyText": "", "startDate": "2018-10-16", "ownership": "D"}, {"maxAge": 1, "shares": 71100, "filerUrl": "", "transactionText": "", "filerName": "Agarwal (Sohan Lal)", "filerRelation": "Chief Executive Officer", "moneyText": "", "startDate": "2018-09-21", "ownership": "D"}, {"maxAge": 1, "shares": 17400, "filerUrl": "", "transactionText": "", "filerName": "Agarwal (Sohan Lal)", "filerRelation": "Chief Executive Officer", "moneyText": "", "startDate": "2018-08-20", "ownership": "D"}, {"maxAge": 1, "shares": 42600, "filerUrl": "", "transactionText": "", "filerName": "Agarwal (Indermani Devi)", "filerRelation": "Promoter", "moneyText": "", "startDate": "2018-05-07", "ownership": "D"}, {"maxAge": 1, "shares": 42600, "filerUrl": "", "transactionText": "", "filerName": "Agarwal (Sohan Lal)", "filerRelation": "Promoter", "moneyText": "", "startDate": "2018-05-07", "ownership": "D"}, {"maxAge": 1, "shares": 300000, "filerUrl": "", "transactionText": "", "filerName": "Agarwal (Sohan Lal)", "filerRelation": "Promoter", "moneyText": "", "startDate": "2018-03-28", "ownership": "D"}, {"maxAge": 1, "shares": 100000, "filerUrl": "", "transactionText": "", "filerName": "Agarwal (Sohan Lal)", "filerRelation": "Promoter", "moneyText": "", "startDate": "2018-03-23", "ownership": "D"}, {"maxAge": 1, "shares": 100000, "filerUrl": "", "transactionText": "", "filerName": "Agarwal (Sohan Lal)", "filerRelation": "Promoter", "moneyText": "", "startDate": "2018-03-22", "ownership": "D"}, {"maxAge": 1, "shares": 100000, "filerUrl": "", "transactionText": "", "filerName": "Agarwal (Sohan Lal)", "filerRelation": "Promoter", "moneyText": "", "startDate": "2018-03-19", "ownership": "D"}, {"maxAge": 1, "shares": 100000, "filerUrl": "", "transactionText": "", "filerName": "Agarwal (Sohan Lal)", "filerRelation": "Promoter", "moneyText": "", "startDate": "2017-03-29", "ownership": "D"}, {"maxAge": 1, "shares": 1000, "filerUrl": "", "transactionText": "", "filerName": "Agarwal (Sohan Lal)", "filerRelation": "Promoter", "moneyText": "", "startDate": "2017-03-19", "ownership": "D"}, {"maxAge": 1, "shares": 102000, "filerUrl": "", "transactionText": "", "filerName": "Kalyan (Atul)", "filerRelation": "UNREPORTED", "moneyText": "", "startDate": "2013-11-01", "ownership": "D"}, {"maxAge": 1, "shares": 10000, "filerUrl": "", "transactionText": "", "filerName": "Kalyan (Rahul)", "filerRelation": "UNREPORTED", "moneyText": "", "startDate": "2013-11-01", "ownership": "D"}, {"maxAge": 1, "shares": 930000, "filerUrl": "", "transactionText": "", "filerName": "Kalyan (Ajay Kumar)", "filerRelation": "UNREPORTED", "moneyText": "", "startDate": "2013-10-23", "ownership": "D"}, {"maxAge": 1, "shares": 930000, "filerUrl": "", "transactionText": "", "filerName": "Mavi Investment Fund Ltd", "filerRelation": "UNREPORTED", "moneyText": "", "startDate": "2013-10-23", "ownership": "D"}, {"maxAge": 1, "shares": 688394, "filerUrl": "", "transactionText": "", "filerName": "India Fund Inc", "filerRelation": "Investment Advisor", "moneyText": "", "startDate": "2011-05-12", "ownership": "D"}], "maxAge": 1}, "quoteType": {"exchange": "BSE", "quoteType": "EQUITY", "symbol": "WEBELSOLAR.BO", "underlyingSymbol": "WEBELSOLAR.BO", "shortName": "WEBSOL ENERGY SYSTEM LTD.", "longName": "Websol Energy System Limited", "firstTradeDateEpochUtc": "2002-02-15 09:15:00", "timeZoneFullName": "Asia/Kolkata", "timeZoneShortName": "IST", "uuid": "ab2aeb6c-3a07-3d65-ae1b-17d5eb2b13d4", "gmtOffSetMilliseconds": 19800000, "maxAge": 1}, "incomeStatementHistory": {"incomeStatementHistory": [{"maxAge": 1, "endDate": "2020-03-31", "totalRevenue": 1955400000, "costOfRevenue": 1690800000, "grossProfit": 264600000, "researchDevelopment": {}, "sellingGeneralAdministrative": 94500000, "nonRecurring": {}, "otherOperatingExpenses": 118100000, "totalOperatingExpenses": 2058100000, "operatingIncome": -102700000, "totalOtherIncomeExpenseNet": -25500000, "ebit": -102700000, "interestExpense": -61900000, "incomeBeforeTax": -128200000, "incomeTaxExpense": -193900000, "minorityInterest": {}, "netIncomeFromContinuingOps": 65700000, "discontinuedOperations": {}, "extraordinaryItems": {}, "effectOfAccountingCharges": {}, "otherItems": {}, "netIncome": 65700000, "netIncomeApplicableToCommonShares": 65700000}, {"maxAge": 1, "endDate": "2019-03-31", "totalRevenue": 685584000, "costOfRevenue": 686871000, "grossProfit": -1287000, "researchDevelopment": {}, "sellingGeneralAdministrative": 100992000, "nonRecurring": {}, "otherOperatingExpenses": 89891000, "totalOperatingExpenses": 1032689000, "operatingIncome": -347105000, "totalOtherIncomeExpenseNet": 58158000, "ebit": -347105000, "interestExpense": -28417000, "incomeBeforeTax": -288947000, "incomeTaxExpense": 508000, "minorityInterest": {}, "netIncomeFromContinuingOps": -289455000, "discontinuedOperations": {}, "extraordinaryItems": {}, "effectOfAccountingCharges": {}, "otherItems": {}, "netIncome": -289455000, "netIncomeApplicableToCommonShares": -289455000}, {"maxAge": 1, "endDate": "2018-03-31", "totalRevenue": 1832725000, "costOfRevenue": 1512222000, "grossProfit": 320503000, "researchDevelopment": {}, "sellingGeneralAdministrative": 95158000, "nonRecurring": {}, "otherOperatingExpenses": 59313000, "totalOperatingExpenses": 1809132000, "operatingIncome": 23593000, "totalOtherIncomeExpenseNet": 24334000, "ebit": 23593000, "interestExpense": -57554000, "incomeBeforeTax": 47927000, "incomeTaxExpense": 96000, "minorityInterest": {}, "netIncomeFromContinuingOps": 47831000, "discontinuedOperations": {}, "extraordinaryItems": {}, "effectOfAccountingCharges": {}, "otherItems": {}, "netIncome": 47831000, "netIncomeApplicableToCommonShares": 47831000}, {"maxAge": 1, "endDate": "2017-03-31", "totalRevenue": 2960804000, "costOfRevenue": 2437719000, "grossProfit": 523085000, "researchDevelopment": {}, "sellingGeneralAdministrative": 83700000, "nonRecurring": {}, "otherOperatingExpenses": 157384000, "totalOperatingExpenses": 2830295000, "operatingIncome": 130509000, "totalOtherIncomeExpenseNet": 658101000, "ebit": 130509000, "interestExpense": -31522000, "incomeBeforeTax": 788610000, "incomeTaxExpense": 1204000, "minorityInterest": {}, "netIncomeFromContinuingOps": 787406000, "discontinuedOperations": {}, "extraordinaryItems": {}, "effectOfAccountingCharges": {}, "otherItems": {}, "netIncome": 787406000, "netIncomeApplicableToCommonShares": 787406000}], "maxAge": 86400}, "fundOwnership": {"ownershipList": [], "maxAge": 1}, "summaryDetail": {"maxAge": 1, "priceHint": 2, "previousClose": 40.3, "open": 39.8, "dayLow": 39.55, "dayHigh": 40.95, "regularMarketPreviousClose": 40.3, "regularMarketOpen": 39.8, "regularMarketDayLow": 39.55, "regularMarketDayHigh": 40.95, "trailingPE": 15.607843, "volume": 12841, "regularMarketVolume": 12841, "averageVolume": 62384, "averageVolume10days": 61238, "averageDailyVolume10Day": 61238, "bid": 39.55, "ask": 39.95, "bidSize": 0, "askSize": 0, "marketCap": 1155278592, "fiftyTwoWeekLow": 11.88, "fiftyTwoWeekHigh": 51.0, "fiftyDayAverage": 43.086365, "twoHundredDayAverage": 26.298162, "currency": "INR", "fromCurrency": null, "lastMarket": null, "algorithm": null, "tradeable": false}, "incomeStatementHistoryQuarterly": {"incomeStatementHistory": [{"maxAge": 1, "endDate": "2020-06-30", "totalRevenue": 198200000, "costOfRevenue": 61900000, "grossProfit": 136300000, "researchDevelopment": {}, "sellingGeneralAdministrative": 17600000, "nonRecurring": {}, "otherOperatingExpenses": 9300000, "totalOperatingExpenses": 127100000, "operatingIncome": 71100000, "totalOtherIncomeExpenseNet": -23000000, "ebit": 71100000, "interestExpense": -13200000, "incomeBeforeTax": 48100000, "incomeTaxExpense": 12100000, "minorityInterest": {}, "netIncomeFromContinuingOps": 36000000, "discontinuedOperations": {}, "extraordinaryItems": {}, "effectOfAccountingCharges": {}, "otherItems": {}, "netIncome": 36000000, "netIncomeApplicableToCommonShares": 36000000}, {"maxAge": 1, "endDate": "2020-03-31", "totalRevenue": 206400000, "costOfRevenue": 263300000, "grossProfit": -56900000, "researchDevelopment": {}, "sellingGeneralAdministrative": 31500000, "nonRecurring": {}, "otherOperatingExpenses": 44000000, "totalOperatingExpenses": 377200000, "operatingIncome": -170800000, "totalOtherIncomeExpenseNet": -91800000, "ebit": -170800000, "interestExpense": -23200000, "incomeBeforeTax": -262600000, "incomeTaxExpense": -211900000, "minorityInterest": {}, "netIncomeFromContinuingOps": -50700000, "discontinuedOperations": {}, "extraordinaryItems": {}, "effectOfAccountingCharges": {}, "otherItems": {}, "netIncome": -50700000, "netIncomeApplicableToCommonShares": -50700000}, {"maxAge": 1, "endDate": "2019-12-31", "totalRevenue": 376200000, "costOfRevenue": 286100000, "grossProfit": 90100000, "researchDevelopment": {}, "sellingGeneralAdministrative": 22900000, "nonRecurring": {}, "otherOperatingExpenses": 15800000, "totalOperatingExpenses": 364900000, "operatingIncome": 11300000, "totalOtherIncomeExpenseNet": 48500000, "ebit": 11300000, "interestExpense": -16900000, "incomeBeforeTax": 59800000, "incomeTaxExpense": 12300000, "minorityInterest": {}, "netIncomeFromContinuingOps": 47500000, "discontinuedOperations": {}, "extraordinaryItems": {}, "effectOfAccountingCharges": {}, "otherItems": {}, "netIncome": 47500000, "netIncomeApplicableToCommonShares": 47500000}, {"maxAge": 1, "endDate": "2019-09-30", "totalRevenue": 863600000, "costOfRevenue": 718500000, "grossProfit": 145100000, "researchDevelopment": {}, "sellingGeneralAdministrative": 20900000, "nonRecurring": {}, "otherOperatingExpenses": 48600000, "totalOperatingExpenses": 826000000, "operatingIncome": 37600000, "totalOtherIncomeExpenseNet": 21500000, "ebit": 37600000, "interestExpense": -12900000, "incomeBeforeTax": 59100000, "incomeTaxExpense": 5700000, "minorityInterest": {}, "netIncomeFromContinuingOps": 53400000, "discontinuedOperations": {}, "extraordinaryItems": {}, "effectOfAccountingCharges": {}, "otherItems": {}, "netIncome": 53400000, "netIncomeApplicableToCommonShares": 53400000}], "maxAge": 86400}, "cashflowStatementHistoryQuarterly": {"cashflowStatements": [{"maxAge": 1, "endDate": "2020-06-30", "netIncome": 36000000, "changeToLiabilities": 0}, {"maxAge": 1, "endDate": "2020-03-31", "netIncome": -50700000, "changeToLiabilities": 0}, {"maxAge": 1, "endDate": "2019-12-31", "netIncome": 47500000, "changeToLiabilities": 0}, {"maxAge": 1, "endDate": "2019-09-30", "netIncome": 53400000, "changeToLiabilities": 0}], "maxAge": 86400}, "insiderHolders": {"holders": [{"maxAge": 1, "name": "Agarwal (Indermani Devi)", "relation": "Promoter", "url": "", "transactionDescription": "Sale", "latestTransDate": "2018-05-07", "positionDirect": 0, "positionDirectDate": "2018-05-07"}, {"maxAge": 1, "name": "Agarwal (Sohan Lal)", "relation": "Chief Executive Officer", "url": "", "transactionDescription": "Acquisition", "latestTransDate": "2020-02-18", "positionDirect": 2281208, "positionDirectDate": "2020-02-18"}, {"maxAge": 1, "name": "India Fund Inc", "relation": "Investment Advisor", "url": "", "transactionDescription": "Sale", "latestTransDate": "2011-05-12", "positionDirect": 0, "positionDirectDate": "2011-05-12"}, {"maxAge": 1, "name": "Kalyan (Ajay Kumar)", "relation": "UNREPORTED", "url": "", "transactionDescription": "Acquisition", "latestTransDate": "2013-10-23", "positionDirect": 1060000, "positionDirectDate": "2013-10-23"}, {"maxAge": 1, "name": "Kalyan (Atul)", "relation": "UNREPORTED", "url": "", "transactionDescription": "Other", "latestTransDate": "2013-11-01", "positionDirect": 102000, "positionDirectDate": "2013-11-01"}, {"maxAge": 1, "name": "Kalyan (Rahul)", "relation": "UNREPORTED", "url": "", "transactionDescription": "Other", "latestTransDate": "2013-11-01", "positionDirect": 10000, "positionDirectDate": "2013-11-01"}, {"maxAge": 1, "name": "Mavi Investment Fund Ltd", "relation": "UNREPORTED", "url": "", "transactionDescription": "Sale", "latestTransDate": "2013-10-23", "positionDirect": 562500, "positionDirectDate": "2013-10-23"}], "maxAge": 1}, "calendarEvents": {"maxAge": 1, "earnings": {"earningsDate": []}}, "upgradeDowngradeHistory": {"history": [], "maxAge": 86400}, "price": {"maxAge": 1, "regularMarketChangePercent": -0.012406948, "regularMarketChange": -0.5, "regularMarketTime": "2021-04-30 15:27:55", "priceHint": 2, "regularMarketPrice": 39.8, "regularMarketDayHigh": 40.95, "regularMarketDayLow": 39.55, "regularMarketVolume": 12841, "averageDailyVolume10Day": 61238, "averageDailyVolume3Month": 62384, "regularMarketPreviousClose": 40.3, "regularMarketSource": "FREE_REALTIME", "regularMarketOpen": 39.8, "exchange": "BSE", "exchangeName": "BSE", "exchangeDataDelayedBy": 0, "marketState": "CLOSED", "quoteType": "EQUITY", "symbol": "WEBELSOLAR.BO", "underlyingSymbol": null, "shortName": "WEBSOL ENERGY SYSTEM LTD.", "longName": "Websol Energy System Limited", "currency": "INR", "quoteSourceName": "Delayed Quote", "currencySymbol": "\u20b9", "fromCurrency": null, "lastMarket": null, "marketCap": 1155278592}, "balanceSheetHistory": {"balanceSheetStatements": [{"maxAge": 1, "endDate": "2020-03-31", "cash": 5200000, "netReceivables": 232600000, "inventory": 120400000, "otherCurrentAssets": 173900000, "totalCurrentAssets": 532100000, "propertyPlantEquipment": 2542100000, "intangibleAssets": 200000, "otherAssets": 32800000, "totalAssets": 3107200000, "accountsPayable": 557100000, "otherCurrentLiab": 41300000, "longTermDebt": 398000000, "otherLiab": 391100000, "totalCurrentLiabilities": 1047000000, "totalLiab": 1836100000, "commonStock": 305900000, "treasuryStock": 965200000, "otherStockholderEquity": 965200000, "totalStockholderEquity": 1271100000, "netTangibleAssets": 1270900000}, {"maxAge": 1, "endDate": "2019-03-31", "cash": 749000, "shortTermInvestments": 35000, "netReceivables": 155342000, "inventory": 339010000, "otherCurrentAssets": 10586000, "totalCurrentAssets": 506434000, "propertyPlantEquipment": 2878002000, "intangibleAssets": 268000, "otherAssets": 132374000, "totalAssets": 3517078000, "accountsPayable": 810292000, "otherCurrentLiab": 18881000, "longTermDebt": 918170000, "otherLiab": 575035000, "totalCurrentLiabilities": 1164150000, "totalLiab": 2657364000, "commonStock": 290271000, "retainedEarnings": -2777940000, "treasuryStock": 1910928000, "capitalSurplus": 1436455000, "otherStockholderEquity": 1910928000, "totalStockholderEquity": 859714000, "netTangibleAssets": 859446000}, {"maxAge": 1, "endDate": "2018-03-31", "cash": 712000, "shortTermInvestments": 35000, "netReceivables": 309226000, "inventory": 181667000, "otherCurrentAssets": 20261000, "totalCurrentAssets": 512447000, "propertyPlantEquipment": 3040093000, "intangibleAssets": 326000, "otherAssets": 134499000, "totalAssets": 3687365000, "accountsPayable": 614581000, "otherCurrentLiab": 34337000, "longTermDebt": 1083332000, "otherLiab": 594019000, "totalCurrentLiabilities": 1003855000, "totalLiab": 2681216000, "commonStock": 266757000, "retainedEarnings": -2485722000, "treasuryStock": 1910928000, "capitalSurplus": 1314186000, "otherStockholderEquity": 1910928000, "totalStockholderEquity": 1006149000, "netTangibleAssets": 1005823000}, {"maxAge": 1, "endDate": "2017-03-31", "cash": 30368000, "shortTermInvestments": 1214000, "netReceivables": 25833000, "inventory": 42318000, "otherCurrentAssets": 97426000, "totalCurrentAssets": 216810000, "propertyPlantEquipment": 2827707000, "intangibleAssets": 213000, "otherAssets": 123408000, "totalAssets": 3168138000, "accountsPayable": 385609000, "shortLongTermDebt": 816384000, "otherCurrentLiab": 89224000, "longTermDebt": 509013000, "otherLiab": 412455000, "totalCurrentLiabilities": 1666383000, "totalLiab": 2587862000, "commonStock": 219731000, "retainedEarnings": -2620031000, "treasuryStock": 1910929000, "capitalSurplus": 1069647000, "otherStockholderEquity": 1910929000, "totalStockholderEquity": 580276000, "netTangibleAssets": 580063000}], "maxAge": 86400}, "financialData": {"maxAge": 86400, "currentPrice": 39.8, "recommendationKey": "none", "grossProfits": 264600000, "financialCurrency": "INR"}}}