{"WEBELSOLAR.NS": {"assetProfile": {"address1": "Falta Special Economic Zone", "address2": "Sector-II 24 Parganas (South)", "city": "Falta", "zip": "743504", "country": "India", "phone": "91 31 7422 2932", "fax": "91 31 7422 2933", "website": "http://www.webelsolar.com", "industry": "Solar", "sector": "Technology", "longBusinessSummary": "Websol Energy System Limited manufactures and sells photovoltaic (PV) crystalline solar cells and modules in India. Its modules are used across sectors, such as solar PV power plants, remote communication, and rural electrification. The company was formerly known as Websol Energy Systems Ltd. and changed its name to Websol Energy System Limited in October 2011. Websol Energy System Limited was incorporated in 1990 and is based in Falta, India.", "fullTimeEmployees": 330, "companyOfficers": [{"maxAge": 1, "name": "Mr. Sohan Lal Agarwal", "age": 74, "title": "Chairman, CEO & MD", "yearBorn": 1946, "fiscalYear": 2020, "totalPay": 9000000, "exercisedValue": 0, "unexercisedValue": 0}, {"maxAge": 1, "name": "Mr. Sumit Kumar Shaw", "title": "CFO, Whole Time Company Sec., Compliance Officer & Additional Director", "exercisedValue": 0, "unexercisedValue": 0}, {"maxAge": 1, "name": "Ms. Vasanthi  Sreeram", "age": 51, "title": "Technical Director & Women Exec. Director", "yearBorn": 1969, "fiscalYear": 2013, "exercisedValue": 0, "unexercisedValue": 0}, {"maxAge": 1, "name": "Modaswar  Hossain", "title": "Sr. Mang. of HR & Admin", "exercisedValue": 0, "unexercisedValue": 0}, {"maxAge": 1, "name": "C. J. Sukh", "title": "Director of Marketing", "exercisedValue": 0, "unexercisedValue": 0}, {"maxAge": 1, "name": "Mr. Soumak Deb Mallick", "age": 41, "title": "Head of Production Planning & Procurement", "yearBorn": 1979, "exercisedValue": 0, "unexercisedValue": 0}], "compensationAsOfEpochDate": "2020-12-31 05:30:00", "maxAge": 86400}, "cashflowStatementHistory": {"cashflowStatements": [{"maxAge": 1, "endDate": "2020-03-31", "netIncome": 65598000, "depreciation": 154631000, "changeToNetincome": -118080000, "changeToAccountReceivables": -87013000, "changeToLiabilities": -226621000, "changeToInventory": 218617000, "changeToOperatingActivities": -376000, "totalCashFromOperatingActivities": 6814000, "capitalExpenditures": -12164000, "investments": 35000, "otherCashflowsFromInvestingActivities": 24803000, "totalCashflowsFromInvestingActivities": 133460000, "netBorrowings": -73915000, "otherCashflowsFromFinancingActivities": -61911000, "totalCashFromFinancingActivities": -135826000, "changeInCash": 4448000}, {"maxAge": 1, "endDate": "2019-03-31", "netIncome": -289455000, "depreciation": 154789000, "changeToNetincome": -77667000, "changeToAccountReceivables": 92419000, "changeToLiabilities": 277693000, "changeToInventory": -157343000, "changeToOperatingActivities": 48945000, "totalCashFromOperatingActivities": 49527000, "capitalExpenditures": -15483000, "investments": 35000, "otherCashflowsFromInvestingActivities": 20285000, "totalCashflowsFromInvestingActivities": 58894000, "netBorrowings": -47241000, "otherCashflowsFromFinancingActivities": -61143000, "totalCashFromFinancingActivities": -108384000, "changeInCash": 37000}, {"maxAge": 1, "endDate": "2018-03-31", "netIncome": 47831000, "depreciation": 142328000, "changeToNetincome": -43219000, "changeToAccountReceivables": -200443000, "changeToLiabilities": 279175000, "changeToInventory": -139349000, "changeToOperatingActivities": 16227000, "totalCashFromOperatingActivities": 102661000, "capitalExpenditures": -62144000, "investments": 1179000, "otherCashflowsFromInvestingActivities": 24206000, "totalCashflowsFromInvestingActivities": -11952000, "netBorrowings": -87605000, "otherCashflowsFromFinancingActivities": -32760000, "totalCashFromFinancingActivities": -120365000, "changeInCash": -29656000}, {"maxAge": 1, "endDate": "2017-03-31", "netIncome": 787406000, "depreciation": 151386000, "changeToNetincome": 174877000, "changeToAccountReceivables": 1041844000, "changeToLiabilities": -1236879000, "changeToInventory": 163284000, "changeToOperatingActivities": 338433000, "totalCashFromOperatingActivities": 1420457000, "capitalExpenditures": -62144000, "investments": -66000, "otherCashflowsFromInvestingActivities": 25594000, "totalCashflowsFromInvestingActivities": 281656000, "netBorrowings": -1584505000, "otherCashflowsFromFinancingActivities": -92867000, "totalCashFromFinancingActivities": -1677372000, "changeInCash": 24740000}], "maxAge": 86400}, "institutionOwnership": {"ownershipList": [], "maxAge": 1}, "majorHoldersBreakdown": {"maxAge": 1, "insidersPercentHeld": 0.46793, "institutionsPercentHeld": 0.1031, "institutionsFloatPercentHeld": 0.19376, "institutionsCount": 3}, "balanceSheetHistoryQuarterly": {"balanceSheetStatements": [{"maxAge": 1, "endDate": "2020-12-31", "totalStockholderEquity": 1377800000, "netTangibleAssets": 1377600000}, {"maxAge": 1, "endDate": "2020-09-30", "cash": 10200000, "netReceivables": 208300000, "inventory": 278700000, "otherCurrentAssets": 116800000, "totalCurrentAssets": 614000000, "propertyPlantEquipment": 2466100000, "intangibleAssets": 200000, "otherAssets": 32400000, "totalAssets": 3112700000, "accountsPayable": 617900000, "otherCurrentLiab": 55400000, "longTermDebt": 172300000, "otherLiab": 378400000, "totalCurrentLiabilities": 1184200000, "totalLiab": 1734900000, "commonStock": 305900000, "treasuryStock": 1071900000, "otherStockholderEquity": 1071900000, "totalStockholderEquity": 1377800000, "netTangibleAssets": 1377600000}, {"maxAge": 1, "endDate": "2020-06-30", "totalStockholderEquity": 1271100000, "netTangibleAssets": 1270900000}, {"maxAge": 1, "endDate": "2020-03-31", "cash": 5197000, "netReceivables": 235074000, "inventory": 215447000, "otherCurrentAssets": 16821000, "totalCurrentAssets": 532099000, "propertyPlantEquipment": 2542146000, "intangibleAssets": 210000, "otherAssets": 32807000, "totalAssets": 3107262000, "accountsPayable": 557059000, "shortLongTermDebt": 95000000, "otherCurrentLiab": 31528000, "longTermDebt": 398075000, "otherLiab": 384879000, "totalCurrentLiabilities": 1046965000, "totalLiab": 1836123000, "commonStock": 305946000, "retainedEarnings": -2745550000, "treasuryStock": 2192775000, "capitalSurplus": 1517968000, "otherStockholderEquity": 2192775000, "totalStockholderEquity": 1271139000, "netTangibleAssets": 1270929000}], "maxAge": 86400}, "indexTrend": {"maxAge": 1, "symbol": "SP5", "peRatio": 19.7411, "pegRatio": 1.34172, "estimates": [{"period": "0q", "growth": 0.549}, {"period": "+1q", "growth": 0.431}, {"period": "0y", "growth": 0.305}, {"period": "+1y", "growth": 0.109}, {"period": "+5y", "growth": 0.120865}, {"period": "-5y"}]}, "defaultKeyStatistics": {"maxAge": 1, "priceHint": 2, "enterpriseValue": 1729479040, "profitMargins": 0.46627998, "floatShares": 20741930, "sharesOutstanding": 31143300, "heldPercentInsiders": 0.46793, "heldPercentInstitutions": 0.1031, "beta": 1.698949, "category": null, "bookValue": 45.017, "priceToBook": 0.8818891, "fundFamily": null, "legalType": null, "lastFiscalYearEnd": "2020-03-31 05:30:00", "nextFiscalYearEnd": "2022-03-31 05:30:00", "mostRecentQuarter": "2020-12-31 05:30:00", "earningsQuarterlyGrowth": 10.291, "netIncomeToCommon": 591998016, "trailingEps": 17.173, "lastSplitFactor": "2:1", "lastSplitDate": "2009-12-29 05:30:00", "enterpriseToRevenue": 1.362, "enterpriseToEbitda": 15.345}, "summaryProfile": {"address1": "Falta Special Economic Zone", "address2": "Sector-II 24 Parganas (South)", "city": "Falta", "zip": "743504", "country": "India", "phone": "91 31 7422 2932", "fax": "91 31 7422 2933", "website": "http://www.webelsolar.com", "industry": "Solar", "sector": "Technology", "longBusinessSummary": "Websol Energy System Limited manufactures and sells photovoltaic (PV) crystalline solar cells and modules in India. Its modules are used across sectors, such as solar PV power plants, remote communication, and rural electrification. The company was formerly known as Websol Energy Systems Ltd. and changed its name to Websol Energy System Limited in October 2011. Websol Energy System Limited was incorporated in 1990 and is based in Falta, India.", "fullTimeEmployees": 330, "companyOfficers": [], "maxAge": 86400}, "netSharePurchaseActivity": {"maxAge": 1, "period": "6m", "buyInfoCount": 0, "buyInfoShares": 0, "sellInfoCount": 0, "netInfoCount": 0, "netInfoShares": 0, "netPercentInsiderShares": 0.0, "totalInsiderShares": 14315508}, "insiderTransactions": {"transactions": [{"maxAge": 1, "shares": 9500, "value": 5530, "filerUrl": "", "transactionText": "Acquisition at price 0.58 per share.", "filerName": "Agarwal (Sohan Lal)", "filerRelation": "Promoter", "moneyText": "", "startDate": "2021-01-21", "ownership": "D"}, {"maxAge": 1, "shares": 25000, "value": 14482, "filerUrl": "", "transactionText": "Acquisition at price 0.58 per share.", "filerName": "Agarwal (Sohan Lal)", "filerRelation": "Promoter", "moneyText": "", "startDate": "2021-01-19", "ownership": "D"}, {"maxAge": 1, "shares": 5000, "value": 2725, "filerUrl": "", "transactionText": "Acquisition at price 0.55 per share.", "filerName": "Agarwal (Sohan Lal)", "filerRelation": "Promoter", "moneyText": "", "startDate": "2020-12-29", "ownership": "D"}, {"maxAge": 1, "shares": 52500, "value": 28990, "filerUrl": "", "transactionText": "Acquisition at price 0.55 per share.", "filerName": "Agarwal (Sohan Lal)", "filerRelation": "Promoter", "moneyText": "", "startDate": "2020-12-29", "ownership": "D"}, {"maxAge": 1, "shares": 3153, "filerUrl": "", "transactionText": "", "filerName": "Agarwal (Sohan Lal)", "filerRelation": "Chief Executive Officer", "moneyText": "", "startDate": "2020-02-18", "ownership": "D"}, {"maxAge": 1, "shares": 22124, "filerUrl": "", "transactionText": "", "filerName": "Agarwal (Sohan Lal)", "filerRelation": "Director (Executive)", "moneyText": "", "startDate": "2020-02-17", "ownership": "D"}, {"maxAge": 1, "shares": 11723, "filerUrl": "", "transactionText": "", "filerName": "Agarwal (Sohan Lal)", "filerRelation": "Director (Executive)", "moneyText": "", "startDate": "2020-02-14", "ownership": "D"}, {"maxAge": 1, "shares": 4000000, "filerUrl": "", "transactionText": "", "filerName": "Shakti Finvest Pvt.Ltd", "filerRelation": "Promoter", "moneyText": "", "startDate": "2020-01-06", "ownership": "D"}, {"maxAge": 1, "shares": 75000, "filerUrl": "", "transactionText": "", "filerName": "Agarwal (Sohan Lal)", "filerRelation": "Chief Executive Officer", "moneyText": "", "startDate": "2019-12-06", "ownership": "D"}, {"maxAge": 1, "shares": 100000, "filerUrl": "", "transactionText": "", "filerName": "Agarwal (Sohan Lal)", "filerRelation": "Chief Executive Officer", "moneyText": "", "startDate": "2019-11-19", "ownership": "D"}, {"maxAge": 1, "shares": 25000, "filerUrl": "", "transactionText": "", "filerName": "Agarwal (Sohan Lal)", "filerRelation": "Chief Executive Officer", "moneyText": "", "startDate": "2019-01-15", "ownership": "D"}, {"maxAge": 1, "shares": 20000, "filerUrl": "", "transactionText": "", "filerName": "Agarwal (Sohan Lal)", "filerRelation": "Chief Executive Officer", "moneyText": "", "startDate": "2018-11-28", "ownership": "D"}, {"maxAge": 1, "shares": 10000, "filerUrl": "", "transactionText": "", "filerName": "Agarwal (Sohan Lal)", "filerRelation": "Chief Executive Officer", "moneyText": "", "startDate": "2018-11-26", "ownership": "D"}, {"maxAge": 1, "shares": 10000, "filerUrl": "", "transactionText": "", "filerName": "Agarwal (Sohan Lal)", "filerRelation": "Chief Executive Officer", "moneyText": "", "startDate": "2018-10-16", "ownership": "D"}, {"maxAge": 1, "shares": 71100, "filerUrl": "", "transactionText": "", "filerName": "Agarwal (Sohan Lal)", "filerRelation": "Chief Executive Officer", "moneyText": "", "startDate": "2018-09-21", "ownership": "D"}, {"maxAge": 1, "shares": 17400, "filerUrl": "", "transactionText": "", "filerName": "Agarwal (Sohan Lal)", "filerRelation": "Chief Executive Officer", "moneyText": "", "startDate": "2018-08-20", "ownership": "D"}, {"maxAge": 1, "shares": 42600, "filerUrl": "", "transactionText": "", "filerName": "Agarwal (Indermani Devi)", "filerRelation": "Promoter", "moneyText": "", "startDate": "2018-05-07", "ownership": "D"}, {"maxAge": 1, "shares": 42600, "filerUrl": "", "transactionText": "", "filerName": "Agarwal (Sohan Lal)", "filerRelation": "Promoter", "moneyText": "", "startDate": "2018-05-07", "ownership": "D"}, {"maxAge": 1, "shares": 300000, "filerUrl": "", "transactionText": "", "filerName": "Agarwal (Sohan Lal)", "filerRelation": "Promoter", "moneyText": "", "startDate": "2018-03-28", "ownership": "D"}, {"maxAge": 1, "shares": 100000, "filerUrl": "", "transactionText": "", "filerName": "Agarwal (Sohan Lal)", "filerRelation": "Promoter", "moneyText": "", "startDate": "2018-03-23", "ownership": "D"}, {"maxAge": 1, "shares": 100000, "filerUrl": "", "transactionText": "", "filerName": "Agarwal (Sohan Lal)", "filerRelation": "Promoter", "moneyText": "", "startDate": "2018-03-22", "ownership": "D"}, {"maxAge": 1, "shares": 100000, "filerUrl": "", "transactionText": "", "filerName": "Agarwal (Sohan Lal)", "filerRelation": "Promoter", "moneyText": "", "startDate": "2018-03-19", "ownership": "D"}, {"maxAge": 1, "shares": 100000, "filerUrl": "", "transactionText": "", "filerName": "Agarwal (Sohan Lal)", "filerRelation": "Promoter", "moneyText": "", "startDate": "2017-03-29", "ownership": "D"}, {"maxAge": 1, "shares": 1000, "filerUrl": "", "transactionText": "", "filerName": "Agarwal (Sohan Lal)", "filerRelation": "Promoter", "moneyText": "", "startDate": "2017-03-19", "ownership": "D"}, {"maxAge": 1, "shares": 102000, "filerUrl": "", "transactionText": "", "filerName": "Kalyan (Atul)", "filerRelation": "UNREPORTED", "moneyText": "", "startDate": "2013-11-01", "ownership": "D"}, {"maxAge": 1, "shares": 10000, "filerUrl": "", "transactionText": "", "filerName": "Kalyan (Rahul)", "filerRelation": "UNREPORTED", "moneyText": "", "startDate": "2013-11-01", "ownership": "D"}, {"maxAge": 1, "shares": 930000, "filerUrl": "", "transactionText": "", "filerName": "Kalyan (Ajay Kumar)", "filerRelation": "UNREPORTED", "moneyText": "", "startDate": "2013-10-23", "ownership": "D"}, {"maxAge": 1, "shares": 930000, "filerUrl": "", "transactionText": "", "filerName": "Mavi Investment Fund Ltd", "filerRelation": "UNREPORTED", "moneyText": "", "startDate": "2013-10-23", "ownership": "D"}, {"maxAge": 1, "shares": 688394, "filerUrl": "", "transactionText": "", "filerName": "India Fund Inc", "filerRelation": "Investment Advisor", "moneyText": "", "startDate": "2011-05-12", "ownership": "D"}], "maxAge": 1}, "quoteType": {"exchange": "NSI", "quoteType": "EQUITY", "symbol": "WEBELSOLAR.NS", "underlyingSymbol": "WEBELSOLAR.NS", "shortName": "WEBSOL ENERGY SYST", "longName": "Websol Energy System Limited", "firstTradeDateEpochUtc": "2007-05-15 09:15:00", "timeZoneFullName": "Asia/Kolkata", "timeZoneShortName": "IST", "uuid": "1f7c7685-9b5c-393b-8e46-6fe9b761fb4e", "gmtOffSetMilliseconds": 19800000, "maxAge": 1}, "incomeStatementHistory": {"incomeStatementHistory": [{"maxAge": 1, "endDate": "2020-03-31", "totalRevenue": 1955417000, "costOfRevenue": 1698280000, "grossProfit": 257137000, "researchDevelopment": {}, "sellingGeneralAdministrative": 97947000, "nonRecurring": {}, "otherOperatingExpenses": 104990000, "totalOperatingExpenses": 2055906000, "operatingIncome": -100489000, "totalOtherIncomeExpenseNet": -27795000, "ebit": -100489000, "interestExpense": -56332000, "incomeBeforeTax": -128284000, "incomeTaxExpense": -193882000, "minorityInterest": {}, "netIncomeFromContinuingOps": 65598000, "discontinuedOperations": {}, "extraordinaryItems": {}, "effectOfAccountingCharges": {}, "otherItems": {}, "netIncome": 65598000, "netIncomeApplicableToCommonShares": 65598000}, {"maxAge": 1, "endDate": "2019-03-31", "totalRevenue": 685584000, "costOfRevenue": 686871000, "grossProfit": -1287000, "researchDevelopment": {}, "sellingGeneralAdministrative": 100992000, "nonRecurring": {}, "otherOperatingExpenses": 89891000, "totalOperatingExpenses": 1032689000, "operatingIncome": -347105000, "totalOtherIncomeExpenseNet": 58158000, "ebit": -347105000, "interestExpense": -56681000, "incomeBeforeTax": -288947000, "incomeTaxExpense": 508000, "minorityInterest": {}, "netIncomeFromContinuingOps": -289455000, "discontinuedOperations": {}, "extraordinaryItems": {}, "effectOfAccountingCharges": {}, "otherItems": {}, "netIncome": -289455000, "netIncomeApplicableToCommonShares": -289455000}, {"maxAge": 1, "endDate": "2018-03-31", "totalRevenue": 1832725000, "costOfRevenue": 1512222000, "grossProfit": 320503000, "researchDevelopment": {}, "sellingGeneralAdministrative": 95158000, "nonRecurring": {}, "otherOperatingExpenses": 59313000, "totalOperatingExpenses": 1809132000, "operatingIncome": 23593000, "totalOtherIncomeExpenseNet": 24334000, "ebit": 23593000, "interestExpense": -57554000, "incomeBeforeTax": 47927000, "incomeTaxExpense": 96000, "minorityInterest": {}, "netIncomeFromContinuingOps": 47831000, "discontinuedOperations": {}, "extraordinaryItems": {}, "effectOfAccountingCharges": {}, "otherItems": {}, "netIncome": 47831000, "netIncomeApplicableToCommonShares": 47831000}, {"maxAge": 1, "endDate": "2017-03-31", "totalRevenue": 2960804000, "costOfRevenue": 2437719000, "grossProfit": 523085000, "researchDevelopment": {}, "sellingGeneralAdministrative": 83700000, "nonRecurring": {}, "otherOperatingExpenses": 157384000, "totalOperatingExpenses": 2830295000, "operatingIncome": 130509000, "totalOtherIncomeExpenseNet": 658101000, "ebit": 130509000, "interestExpense": -31522000, "incomeBeforeTax": 788610000, "incomeTaxExpense": 1204000, "minorityInterest": {}, "netIncomeFromContinuingOps": 787406000, "discontinuedOperations": {}, "extraordinaryItems": {}, "effectOfAccountingCharges": {}, "otherItems": {}, "netIncome": 787406000, "netIncomeApplicableToCommonShares": 787406000}], "maxAge": 86400}, "fundOwnership": {"ownershipList": [], "maxAge": 1}, "summaryDetail": {"maxAge": 1, "priceHint": 2, "previousClose": 40.25, "open": 39.05, "dayLow": 39.05, "dayHigh": 41.2, "regularMarketPreviousClose": 40.25, "regularMarketOpen": 39.05, "regularMarketDayLow": 39.05, "regularMarketDayHigh": 41.2, "exDividendDate": "2009-09-14 05:30:00", "payoutRatio": 0.0, "beta": 1.698949, "trailingPE": 2.3117685, "volume": 135333, "regularMarketVolume": 135333, "averageVolume": 251125, "averageVolume10days": 100283, "averageDailyVolume10Day": 100283, "bid": 39.7, "ask": 0.0, "bidSize": 0, "askSize": 0, "marketCap": 1237925376, "fiftyTwoWeekLow": 12.55, "fiftyTwoWeekHigh": 51.0, "priceToSalesTrailing12Months": 0.9750384, "fiftyDayAverage": 41.14853, "twoHundredDayAverage": 32.742554, "currency": "INR", "fromCurrency": null, "lastMarket": null, "algorithm": null, "tradeable": false}, "incomeStatementHistoryQuarterly": {"incomeStatementHistory": [{"maxAge": 1, "endDate": "2020-12-31", "totalRevenue": 477600000, "costOfRevenue": 398200000, "grossProfit": 79400000, "researchDevelopment": {}, "sellingGeneralAdministrative": 22000000, "nonRecurring": {}, "otherOperatingExpenses": 22700000, "totalOperatingExpenses": 481700000, "operatingIncome": -4100000, "totalOtherIncomeExpenseNet": 540400000, "ebit": -4100000, "interestExpense": -27700000, "incomeBeforeTax": 536300000, "incomeTaxExpense": 0, "minorityInterest": {}, "netIncomeFromContinuingOps": 536300000, "discontinuedOperations": {}, "extraordinaryItems": {}, "effectOfAccountingCharges": {}, "otherItems": {}, "netIncome": 536300000, "netIncomeApplicableToCommonShares": 536300000}, {"maxAge": 1, "endDate": "2020-09-30", "totalRevenue": 393700000, "costOfRevenue": 249400000, "grossProfit": 144300000, "researchDevelopment": {}, "sellingGeneralAdministrative": 20300000, "nonRecurring": {}, "otherOperatingExpenses": 14300000, "totalOperatingExpenses": 322700000, "operatingIncome": 71000000, "totalOtherIncomeExpenseNet": -12400000, "ebit": 71000000, "interestExpense": -29900000, "incomeBeforeTax": 58600000, "incomeTaxExpense": -12100000, "minorityInterest": {}, "netIncomeFromContinuingOps": 70700000, "discontinuedOperations": {}, "extraordinaryItems": {}, "effectOfAccountingCharges": {}, "otherItems": {}, "netIncome": 70700000, "netIncomeApplicableToCommonShares": 70700000}, {"maxAge": 1, "endDate": "2020-06-30", "totalRevenue": 192000000, "costOfRevenue": 61900000, "grossProfit": 130100000, "researchDevelopment": {}, "sellingGeneralAdministrative": 17600000, "nonRecurring": {}, "otherOperatingExpenses": 9300000, "totalOperatingExpenses": 127100000, "operatingIncome": 64900000, "totalOtherIncomeExpenseNet": -16800000, "ebit": 64900000, "interestExpense": -13200000, "incomeBeforeTax": 48100000, "incomeTaxExpense": 12100000, "minorityInterest": {}, "netIncomeFromContinuingOps": 36000000, "discontinuedOperations": {}, "extraordinaryItems": {}, "effectOfAccountingCharges": {}, "otherItems": {}, "netIncome": 36000000, "netIncomeApplicableToCommonShares": 36000000}, {"maxAge": 1, "endDate": "2020-03-31", "totalRevenue": 206317000, "costOfRevenue": 270780000, "grossProfit": -64463000, "researchDevelopment": {}, "sellingGeneralAdministrative": 34947000, "nonRecurring": {}, "otherOperatingExpenses": 30790000, "totalOperatingExpenses": 374906000, "operatingIncome": -168589000, "totalOtherIncomeExpenseNet": -94295000, "ebit": -168589000, "interestExpense": -17632000, "incomeBeforeTax": -262884000, "incomeTaxExpense": -211882000, "minorityInterest": {}, "netIncomeFromContinuingOps": -51002000, "discontinuedOperations": {}, "extraordinaryItems": {}, "effectOfAccountingCharges": {}, "otherItems": {}, "netIncome": -51002000, "netIncomeApplicableToCommonShares": -51002000}], "maxAge": 86400}, "cashflowStatementHistoryQuarterly": {"cashflowStatements": [{"maxAge": 1, "endDate": "2020-12-31", "netIncome": 536300000, "changeToLiabilities": 0}, {"maxAge": 1, "endDate": "2020-09-30", "netIncome": 70700000, "changeToLiabilities": 0}, {"maxAge": 1, "endDate": "2020-06-30", "netIncome": 36000000, "changeToLiabilities": 0}, {"maxAge": 1, "endDate": "2020-03-31", "netIncome": -51002000, "changeToLiabilities": 0}], "maxAge": 86400}, "insiderHolders": {"holders": [{"maxAge": 1, "name": "Agarwal (Indermani Devi)", "relation": "Promoter", "url": "", "transactionDescription": "Sale", "latestTransDate": "2018-05-07", "positionDirect": 0, "positionDirectDate": "2018-05-07"}, {"maxAge": 1, "name": "Agarwal (Sohan Lal)", "relation": "Promoter", "url": "", "transactionDescription": "Acquisition", "latestTransDate": "2021-01-21", "positionDirect": 2363208, "positionDirectDate": "2021-01-21"}, {"maxAge": 1, "name": "India Fund Inc", "relation": "Investment Advisor", "url": "", "transactionDescription": "Sale", "latestTransDate": "2011-05-12", "positionDirect": 0, "positionDirectDate": "2011-05-12"}, {"maxAge": 1, "name": "Kalyan (Ajay Kumar)", "relation": "UNREPORTED", "url": "", "transactionDescription": "Acquisition", "latestTransDate": "2013-10-23", "positionDirect": 1060000, "positionDirectDate": "2013-10-23"}, {"maxAge": 1, "name": "Kalyan (Atul)", "relation": "UNREPORTED", "url": "", "transactionDescription": "Other", "latestTransDate": "2013-11-01", "positionDirect": 102000, "positionDirectDate": "2013-11-01"}, {"maxAge": 1, "name": "Kalyan (Rahul)", "relation": "UNREPORTED", "url": "", "transactionDescription": "Other", "latestTransDate": "2013-11-01", "positionDirect": 10000, "positionDirectDate": "2013-11-01"}, {"maxAge": 1, "name": "Mavi Investment Fund Ltd", "relation": "UNREPORTED", "url": "", "transactionDescription": "Sale", "latestTransDate": "2013-10-23", "positionDirect": 562500, "positionDirectDate": "2013-10-23"}, {"maxAge": 1, "name": "Shakti Finvest Pvt.Ltd", "relation": "Promoter", "url": "", "transactionDescription": "Acquisition", "latestTransDate": "2020-01-06", "positionDirect": 5419000, "positionDirectDate": "2020-01-06"}], "maxAge": 1}, "calendarEvents": {"maxAge": 1, "earnings": {"earningsDate": []}, "exDividendDate": "2009-09-14 05:30:00"}, "upgradeDowngradeHistory": {"history": [], "maxAge": 86400}, "price": {"maxAge": 1, "regularMarketChangePercent": -0.013664577, "regularMarketChange": -0.54999924, "regularMarketTime": "2021-04-30 15:29:26", "priceHint": 2, "regularMarketPrice": 39.7, "regularMarketDayHigh": 41.2, "regularMarketDayLow": 39.05, "regularMarketVolume": 135333, "averageDailyVolume10Day": 100283, "averageDailyVolume3Month": 251125, "regularMarketPreviousClose": 40.25, "regularMarketSource": "FREE_REALTIME", "regularMarketOpen": 39.05, "exchange": "NSI", "exchangeName": "NSE", "exchangeDataDelayedBy": 15, "marketState": "CLOSED", "quoteType": "EQUITY", "symbol": "WEBELSOLAR.NS", "underlyingSymbol": null, "shortName": "WEBSOL ENERGY SYST", "longName": "Websol Energy System Limited", "currency": "INR", "quoteSourceName": "Delayed Quote", "currencySymbol": "\u20b9", "fromCurrency": null, "lastMarket": null, "marketCap": 1237925376}, "balanceSheetHistory": {"balanceSheetStatements": [{"maxAge": 1, "endDate": "2020-03-31", "cash": 5197000, "netReceivables": 235074000, "inventory": 215447000, "otherCurrentAssets": 16821000, "totalCurrentAssets": 532099000, "propertyPlantEquipment": 2542146000, "intangibleAssets": 210000, "otherAssets": 32807000, "totalAssets": 3107262000, "accountsPayable": 557059000, "shortLongTermDebt": 95000000, "otherCurrentLiab": 31528000, "longTermDebt": 398075000, "otherLiab": 384879000, "totalCurrentLiabilities": 1046965000, "totalLiab": 1836123000, "commonStock": 305946000, "retainedEarnings": -2745550000, "treasuryStock": 2192775000, "capitalSurplus": 1517968000, "otherStockholderEquity": 2192775000, "totalStockholderEquity": 1271139000, "netTangibleAssets": 1270929000}, {"maxAge": 1, "endDate": "2019-03-31", "cash": 749000, "shortTermInvestments": 35000, "netReceivables": 155342000, "inventory": 424832000, "otherCurrentAssets": 24451000, "totalCurrentAssets": 606121000, "propertyPlantEquipment": 2878002000, "intangibleAssets": 268000, "otherAssets": 32687000, "totalAssets": 3517078000, "accountsPayable": 810292000, "otherCurrentLiab": 18881000, "longTermDebt": 352613000, "otherLiab": 575035000, "totalCurrentLiabilities": 1350671000, "totalLiab": 2278328000, "commonStock": 290271000, "retainedEarnings": -2777940000, "treasuryStock": 2289964000, "capitalSurplus": 1436455000, "otherStockholderEquity": 2289964000, "totalStockholderEquity": 1238750000, "netTangibleAssets": 1238482000}, {"maxAge": 1, "endDate": "2018-03-31", "cash": 712000, "shortTermInvestments": 35000, "netReceivables": 309226000, "inventory": 181667000, "otherCurrentAssets": 20261000, "totalCurrentAssets": 512447000, "propertyPlantEquipment": 3040093000, "intangibleAssets": 326000, "otherAssets": 134499000, "totalAssets": 3687365000, "accountsPayable": 614581000, "otherCurrentLiab": 34337000, "longTermDebt": 1083332000, "otherLiab": 594019000, "totalCurrentLiabilities": 1003855000, "totalLiab": 2681216000, "commonStock": 266757000, "retainedEarnings": -2485722000, "treasuryStock": 1910928000, "capitalSurplus": 1314186000, "otherStockholderEquity": 1910928000, "totalStockholderEquity": 1006149000, "netTangibleAssets": 1005823000}, {"maxAge": 1, "endDate": "2017-03-31", "cash": 30368000, "shortTermInvestments": 1214000, "netReceivables": 25833000, "inventory": 42318000, "otherCurrentAssets": 97426000, "totalCurrentAssets": 216810000, "propertyPlantEquipment": 2827707000, "intangibleAssets": 213000, "otherAssets": 123408000, "totalAssets": 3168138000, "accountsPayable": 385609000, "shortLongTermDebt": 816384000, "otherCurrentLiab": 89224000, "longTermDebt": 509013000, "otherLiab": 412455000, "totalCurrentLiabilities": 1666383000, "totalLiab": 2587862000, "commonStock": 219731000, "retainedEarnings": -2620031000, "treasuryStock": 1910929000, "capitalSurplus": 1069647000, "otherStockholderEquity": 1910929000, "totalStockholderEquity": 580276000, "netTangibleAssets": 580063000}], "maxAge": 86400}, "financialData": {"maxAge": 86400, "currentPrice": 39.7, "recommendationKey": "none", "totalCash": 10200000, "totalCashPerShare": 0.333, "ebitda": 112704496, "totalDebt": 508300000, "totalRevenue": 1269617024, "debtToEquity": 36.892, "revenuePerShare": 41.633, "grossProfits": 257137000, "earningsGrowth": 10.058, "revenueGrowth": 0.27, "grossMargins": 0.22789, "ebitdaMargins": 0.08877, "operatingMargins": -0.02898, "profitMargins": 0.46627998, "financialCurrency": "INR"}}}