{"WEIZMANIND.NS": {"assetProfile": {"address1": "Empire House", "address2": "214, Dr. D.N. Road Ent. A.K. Nayak Marg Fort", "city": "Mumbai", "zip": "400001", "country": "India", "phone": "91 22 2207 1501", "fax": "91 22 2207 1514", "website": "http://www.weizmann.co.in", "industry": "Textile Manufacturing", "sector": "Consumer Cyclical", "longBusinessSummary": "Weizmann Limited engages in the textile processing business in India. The company provides cotton voiles, pracales, and African prints. Weizmann Limited also exports its products primarily to Africa. The company was formerly known as Weizmann Industries Ltd and changed its name to Weizmann Limited in 1994. Weizmann Limited was incorporated in 1985 and is based in Mumbai, India.", "companyOfficers": [{"maxAge": 1, "name": "Mr. Neelkamal Vrajlal Siraj", "age": 67, "title": "Vice Chairman & MD", "yearBorn": 1953, "fiscalYear": 2020, "totalPay": 5000000, "exercisedValue": 0, "unexercisedValue": 0}, {"maxAge": 1, "name": "Mr. Prakash Kumar Mewara", "age": 46, "title": "Chief Financial Officer", "yearBorn": 1974, "fiscalYear": 2020, "totalPay": 1883000, "exercisedValue": 0, "unexercisedValue": 0}, {"maxAge": 1, "name": "Ms. Ami  Purohit", "title": "Company Sec. & Compliance Officer", "fiscalYear": 2020, "totalPay": 404000, "exercisedValue": 0, "unexercisedValue": 0}, {"maxAge": 1, "name": "Mr. Jivanraj M. Ranka", "title": "Pres", "exercisedValue": 0, "unexercisedValue": 0}], "compensationAsOfEpochDate": "2020-12-31 05:30:00", "maxAge": 86400}, "recommendationTrend": {"trend": [{"period": "0m", "strongBuy": 0, "buy": 0, "hold": 0, "sell": 0, "strongSell": 0}, {"period": "-1m", "strongBuy": 0, "buy": 0, "hold": 0, "sell": 0, "strongSell": 0}, {"period": "-2m", "strongBuy": 0, "buy": 0, "hold": 0, "sell": 0, "strongSell": 0}, {"period": "-3m", "strongBuy": 0, "buy": 0, "hold": 0, "sell": 0, "strongSell": 0}], "maxAge": 86400}, "cashflowStatementHistory": {"cashflowStatements": [{"maxAge": 1, "endDate": "2020-03-31", "netIncome": 29838000, "depreciation": 24095000, "changeToNetincome": 13385000, "changeToAccountReceivables": -3414000, "changeToLiabilities": -64066000, "changeToInventory": 2695000, "changeToOperatingActivities": -18674000, "totalCashFromOperatingActivities": -16141000, "capitalExpenditures": -31767000, "investments": 131750000, "otherCashflowsFromInvestingActivities": 2659000, "totalCashflowsFromInvestingActivities": 102818000, "dividendsPaid": -181351000, "netBorrowings": 155948000, "otherCashflowsFromFinancingActivities": -55096000, "totalCashFromFinancingActivities": -80499000, "changeInCash": 6177000}, {"maxAge": 1, "endDate": "2019-03-31", "netIncome": 63269000, "depreciation": 17198000, "changeToNetincome": -6410000, "changeToAccountReceivables": -62787000, "changeToLiabilities": 71638000, "changeToInventory": 46251000, "changeToOperatingActivities": 233254000, "totalCashFromOperatingActivities": 362413000, "capitalExpenditures": -54502000, "investments": -317357000, "otherCashflowsFromInvestingActivities": 14401000, "totalCashflowsFromInvestingActivities": -356775000, "dividendsPaid": -8636000, "netBorrowings": 15419000, "otherCashflowsFromFinancingActivities": -11645000, "totalCashFromFinancingActivities": -4862000, "changeInCash": 776000}, {"maxAge": 1, "endDate": "2018-03-31", "netIncome": 30627000, "depreciation": 13566000, "changeToNetincome": -14274000, "changeToAccountReceivables": 32622000, "changeToLiabilities": 67104000, "changeToInventory": -67912000, "changeToOperatingActivities": -15519000, "totalCashFromOperatingActivities": 46214000, "capitalExpenditures": -38734000, "investments": -30615000, "otherCashflowsFromInvestingActivities": 24530000, "totalCashflowsFromInvestingActivities": -42741000, "dividendsPaid": -8618000, "netBorrowings": 4277000, "otherCashflowsFromFinancingActivities": -2979000, "totalCashFromFinancingActivities": -7320000, "changeInCash": -3847000}, {"maxAge": 1, "endDate": "2017-03-31", "netIncome": 35128000, "depreciation": 11709000, "changeToNetincome": -33763000, "changeToAccountReceivables": -10497000, "changeToLiabilities": 27689000, "changeToInventory": -3986000, "changeToOperatingActivities": -16869000, "totalCashFromOperatingActivities": 9411000, "capitalExpenditures": -22664000, "investments": 103000, "otherCashflowsFromInvestingActivities": 22270000, "totalCashflowsFromInvestingActivities": 923000, "dividendsPaid": -8618000, "netBorrowings": 642000, "otherCashflowsFromFinancingActivities": -7994000, "totalCashFromFinancingActivities": -7352000, "changeInCash": 2979000}], "maxAge": 86400}, "indexTrend": {"maxAge": 1, "symbol": "SP5", "peRatio": 19.7411, "pegRatio": 1.34172, "estimates": [{"period": "0q", "growth": 0.549}, {"period": "+1q", "growth": 0.431}, {"period": "0y", "growth": 0.305}, {"period": "+1y", "growth": 0.109}, {"period": "+5y", "growth": 0.120865}, {"period": "-5y"}]}, "defaultKeyStatistics": {"maxAge": 1, "priceHint": 2, "enterpriseValue": 842986368, "profitMargins": 0.067930005, "floatShares": 2041882, "sharesOutstanding": 17271500, "heldPercentInsiders": 0.87223, "heldPercentInstitutions": 0.0, "beta": 0.391959, "category": null, "bookValue": 32.307, "priceToBook": 1.3232427, "fundFamily": null, "legalType": null, "lastFiscalYearEnd": "2020-03-31 05:30:00", "nextFiscalYearEnd": "2022-03-31 05:30:00", "mostRecentQuarter": "2020-12-31 05:30:00", "earningsQuarterlyGrowth": 1.279, "netIncomeToCommon": 59653000, "trailingEps": 3.459, "lastSplitFactor": null, "enterpriseToRevenue": 0.96, "enterpriseToEbitda": 9.381}, "industryTrend": {"maxAge": 1, "symbol": null, "estimates": []}, "quoteType": {"exchange": "NSI", "quoteType": "EQUITY", "symbol": "WEIZMANIND.NS", "underlyingSymbol": "WEIZMANIND.NS", "shortName": "WEIZMANN", "longName": "Weizmann Limited", "firstTradeDateEpochUtc": "2002-07-02 09:15:00", "timeZoneFullName": "Asia/Kolkata", "timeZoneShortName": "IST", "uuid": "ea5eb4af-f044-3e35-a182-5f2aee476180", "gmtOffSetMilliseconds": 19800000, "maxAge": 1}, "incomeStatementHistory": {"incomeStatementHistory": [{"maxAge": 1, "endDate": "2020-03-31", "totalRevenue": 963505000, "costOfRevenue": 691339000, "grossProfit": 272166000, "researchDevelopment": {}, "sellingGeneralAdministrative": 113407000, "nonRecurring": {}, "otherOperatingExpenses": 68168000, "totalOperatingExpenses": 897009000, "operatingIncome": 66496000, "totalOtherIncomeExpenseNet": -19655000, "ebit": 66496000, "interestExpense": -4573000, "incomeBeforeTax": 46841000, "incomeTaxExpense": 17003000, "minorityInterest": {}, "netIncomeFromContinuingOps": 29838000, "discontinuedOperations": {}, "extraordinaryItems": {}, "effectOfAccountingCharges": {}, "otherItems": {}, "netIncome": 29838000, "netIncomeApplicableToCommonShares": 29838000}, {"maxAge": 1, "endDate": "2019-03-31", "totalRevenue": 1047264000, "costOfRevenue": 755548000, "grossProfit": 291716000, "researchDevelopment": {}, "sellingGeneralAdministrative": 120233000, "nonRecurring": {}, "otherOperatingExpenses": 58278000, "totalOperatingExpenses": 951257000, "operatingIncome": 96007000, "totalOtherIncomeExpenseNet": -6674000, "ebit": 96007000, "interestExpense": -870000, "incomeBeforeTax": 89333000, "incomeTaxExpense": 26064000, "minorityInterest": {}, "netIncomeFromContinuingOps": 63269000, "discontinuedOperations": {}, "extraordinaryItems": {}, "effectOfAccountingCharges": {}, "otherItems": {}, "netIncome": 63269000, "netIncomeApplicableToCommonShares": 63269000}, {"maxAge": 1, "endDate": "2018-03-31", "totalRevenue": 868560000, "costOfRevenue": 707637000, "grossProfit": 160923000, "researchDevelopment": {}, "sellingGeneralAdministrative": 71446000, "nonRecurring": {}, "otherOperatingExpenses": 51373000, "totalOperatingExpenses": 844022000, "operatingIncome": 24538000, "totalOtherIncomeExpenseNet": 23617000, "ebit": 24538000, "interestExpense": -1221000, "incomeBeforeTax": 48155000, "incomeTaxExpense": 17528000, "minorityInterest": {}, "netIncomeFromContinuingOps": 30627000, "discontinuedOperations": {}, "extraordinaryItems": {}, "effectOfAccountingCharges": {}, "otherItems": {}, "netIncome": 30627000, "netIncomeApplicableToCommonShares": 30627000}, {"maxAge": 1, "endDate": "2017-03-31", "totalRevenue": 861631000, "costOfRevenue": 709575000, "grossProfit": 152056000, "researchDevelopment": {}, "sellingGeneralAdministrative": 44927000, "nonRecurring": {}, "otherOperatingExpenses": 34775000, "totalOperatingExpenses": 800986000, "operatingIncome": 60645000, "totalOtherIncomeExpenseNet": -1197000, "ebit": 60645000, "interestExpense": -495000, "incomeBeforeTax": 59448000, "incomeTaxExpense": 24320000, "minorityInterest": {}, "netIncomeFromContinuingOps": 35128000, "discontinuedOperations": {}, "extraordinaryItems": {}, "effectOfAccountingCharges": {}, "otherItems": {}, "netIncome": 35128000, "netIncomeApplicableToCommonShares": 35128000}], "maxAge": 86400}, "fundOwnership": {"ownershipList": [], "maxAge": 1}, "summaryDetail": {"maxAge": 1, "priceHint": 2, "previousClose": 41.5, "open": 42.4, "dayLow": 41.35, "dayHigh": 43.35, "regularMarketPreviousClose": 41.5, "regularMarketOpen": 42.4, "regularMarketDayLow": 41.35, "regularMarketDayHigh": 43.35, "exDividendDate": "2020-03-16 05:30:00", "payoutRatio": 2.8902, "beta": 0.391959, "trailingPE": 12.359063, "volume": 2718, "regularMarketVolume": 2718, "averageVolume": 13432, "averageVolume10days": 4420, "averageDailyVolume10Day": 4420, "bid": 0.0, "ask": 0.0, "bidSize": 0, "askSize": 0, "marketCap": 754370752, "fiftyTwoWeekLow": 21.0, "fiftyTwoWeekHigh": 68.85, "priceToSalesTrailing12Months": 0.85899556, "fiftyDayAverage": 45.678787, "twoHundredDayAverage": 39.978573, "trailingAnnualDividendRate": 0.5, "trailingAnnualDividendYield": 0.012048192, "currency": "INR", "fromCurrency": null, "lastMarket": null, "algorithm": null, "tradeable": false}, "insiderHolders": {"holders": [{"maxAge": 1, "name": "Hansneel Impex Pvt. Ltd.", "relation": "Promoter", "url": "", "transactionDescription": "Sale", "latestTransDate": "2015-01-22", "positionDirect": 3415585, "positionDirectDate": "2015-01-22"}, {"maxAge": 1, "name": "Kotta Enterprises Ltd.", "relation": "Promoter", "url": "", "transactionDescription": "Acquisition", "latestTransDate": "2015-01-22", "positionDirect": 104963, "positionDirectDate": "2015-01-22"}, {"maxAge": 1, "name": "Mehra (Chetan)", "relation": "Managing Director", "url": "", "transactionDescription": "Sale", "latestTransDate": "2014-01-31", "positionDirect": 1000, "positionDirectDate": "2014-01-31"}, {"maxAge": 1, "name": "Mehra (Radhika)", "relation": "Promoter", "url": "", "transactionDescription": "Sale", "latestTransDate": "2014-01-31", "positionDirect": 900, "positionDirectDate": "2014-01-31"}, {"maxAge": 1, "name": "Mehta (Shweta Siraj)", "relation": "Promoter", "url": "", "transactionDescription": "Sale", "latestTransDate": "2018-04-06", "positionDirect": 0, "positionDirectDate": "2018-04-06"}, {"maxAge": 1, "name": "Prabhanjan Multitrade Pvt Ltd", "relation": "Promoter", "url": "", "transactionDescription": "Acquisition", "latestTransDate": "2014-12-19", "positionDirect": 2472110, "positionDirectDate": "2014-12-19"}, {"maxAge": 1, "name": "Purvaja Projects Ltd", "relation": "Promoter", "url": "", "transactionDescription": "Sale", "latestTransDate": "2014-01-31", "positionDirect": 648744, "positionDirectDate": "2014-01-31"}, {"maxAge": 1, "name": "Siraj (Dharmendra Gulabchand)", "relation": "Promoter", "url": "", "transactionDescription": "Purchase", "latestTransDate": "2018-04-06", "positionDirect": 1393020, "positionDirectDate": "2018-04-06"}, {"maxAge": 1, "name": "Sitex India Pvt. Ltd.", "relation": "Promoter", "url": "", "transactionDescription": "Sale", "latestTransDate": "2015-01-22", "positionDirect": 1851517, "positionDirectDate": "2015-01-22"}, {"maxAge": 1, "name": "Windia Infrastructure Finance Ltd", "relation": "Promoter", "url": "", "transactionDescription": "Acquisition", "latestTransDate": "2020-02-26", "positionDirect": 2000, "positionDirectDate": "2020-02-26"}], "maxAge": 1}, "calendarEvents": {"maxAge": 1, "earnings": {"earningsDate": []}, "exDividendDate": "2020-03-16 05:30:00"}, "upgradeDowngradeHistory": {"history": [], "maxAge": 86400}, "price": {"maxAge": 1, "regularMarketChangePercent": 0.030120483, "regularMarketChange": 1.25, "regularMarketTime": "2021-04-30 15:27:37", "priceHint": 2, "regularMarketPrice": 42.75, "regularMarketDayHigh": 43.35, "regularMarketDayLow": 41.35, "regularMarketVolume": 2718, "averageDailyVolume10Day": 4420, "averageDailyVolume3Month": 13432, "regularMarketPreviousClose": 41.5, "regularMarketSource": "FREE_REALTIME", "regularMarketOpen": 42.4, "exchange": "NSI", "exchangeName": "NSE", "exchangeDataDelayedBy": 15, "marketState": "CLOSED", "quoteType": "EQUITY", "symbol": "WEIZMANIND.NS", "underlyingSymbol": null, "shortName": "WEIZMANN", "longName": "Weizmann Limited", "currency": "INR", "quoteSourceName": "Delayed Quote", "currencySymbol": "\u20b9", "fromCurrency": null, "lastMarket": null, "marketCap": 754370752}, "balanceSheetHistory": {"balanceSheetStatements": [{"maxAge": 1, "endDate": "2020-03-31", "cash": 12957000, "shortTermInvestments": 61000, "netReceivables": 128159000, "inventory": 71100000, "otherCurrentAssets": 13908000, "totalCurrentAssets": 232681000, "longTermInvestments": 474362000, "propertyPlantEquipment": 248490000, "otherAssets": 132621000, "totalAssets": 1088154000, "accountsPayable": 159204000, "shortLongTermDebt": 6043000, "otherCurrentLiab": 15025000, "longTermDebt": 7916000, "otherLiab": 16847000, "totalCurrentLiabilities": 360036000, "totalLiab": 384799000, "commonStock": 172715000, "retainedEarnings": 340579000, "treasuryStock": 190061000, "otherStockholderEquity": 190061000, "totalStockholderEquity": 703355000, "netTangibleAssets": 703355000}, {"maxAge": 1, "endDate": "2019-03-31", "cash": 6780000, "shortTermInvestments": 7179000, "netReceivables": 127615000, "inventory": 73796000, "otherCurrentAssets": 5735000, "totalCurrentAssets": 272363000, "longTermInvestments": 587215000, "propertyPlantEquipment": 235512000, "otherAssets": 76832000, "totalAssets": 1171922000, "accountsPayable": 223270000, "shortLongTermDebt": 4555000, "otherCurrentLiab": 38679000, "longTermDebt": 13959000, "otherLiab": 21871000, "totalCurrentLiabilities": 280853000, "totalLiab": 316683000, "commonStock": 172715000, "retainedEarnings": 542378000, "treasuryStock": 140146000, "otherStockholderEquity": 140146000, "totalStockholderEquity": 855239000, "netTangibleAssets": 855239000}, {"maxAge": 1, "endDate": "2018-03-31", "cash": 6006000, "shortTermInvestments": 6726000, "netReceivables": 392217000, "inventory": 120046000, "otherCurrentAssets": 2250000, "totalCurrentAssets": 538573000, "longTermInvestments": 676166000, "propertyPlantEquipment": 200149000, "otherAssets": 38307000, "totalAssets": 1453195000, "accountsPayable": 151631000, "shortLongTermDebt": 1517000, "otherCurrentLiab": 38381000, "longTermDebt": 5475000, "otherLiab": 62121000, "totalCurrentLiabilities": 204239000, "totalLiab": 271835000, "commonStock": 172715000, "retainedEarnings": 489278000, "treasuryStock": 519367000, "otherStockholderEquity": 519367000, "totalStockholderEquity": 1181360000, "netTangibleAssets": 1181360000}, {"maxAge": 1, "endDate": "2017-03-31", "cash": 9852000, "netReceivables": 326174000, "inventory": 52134000, "otherCurrentAssets": 2330000, "totalCurrentAssets": 400972000, "longTermInvestments": 297981000, "propertyPlantEquipment": 177626000, "otherAssets": 93820000, "totalAssets": 970399000, "accountsPayable": 84331000, "shortLongTermDebt": 244000, "otherCurrentLiab": 20204000, "longTermDebt": 1198000, "otherLiab": 39746000, "totalCurrentLiabilities": 111163000, "totalLiab": 152107000, "commonStock": 172715000, "retainedEarnings": 469270000, "treasuryStock": 176307000, "otherStockholderEquity": 176307000, "totalStockholderEquity": 818292000, "netTangibleAssets": 818292000}], "maxAge": 86400}, "earningsTrend": {"trend": [{"maxAge": 1, "period": "0q", "endDate": "2018-06-30", "growth": {}, "earningsEstimate": {"avg": 0.0, "low": 0.0, "high": 0.0, "yearAgoEps": {}, "numberOfAnalysts": 0, "growth": {}}, "revenueEstimate": {"avg": 0, "low": 0, "high": 0, "numberOfAnalysts": 0, "yearAgoRevenue": {}, "growth": {}}, "epsTrend": {"current": 0.0, "7daysAgo": 0.0, "30daysAgo": 0.0, "60daysAgo": 0.0, "90daysAgo": 0.0}, "epsRevisions": {"upLast7days": 0, "upLast30days": 0, "downLast30days": 0, "downLast90days": {}}}, {"maxAge": 1, "period": "+1q", "endDate": "2018-09-30", "growth": {}, "earningsEstimate": {"avg": 0.0, "low": 0.0, "high": 0.0, "yearAgoEps": {}, "numberOfAnalysts": 0, "growth": {}}, "revenueEstimate": {"avg": 0, "low": 0, "high": 0, "numberOfAnalysts": 0, "yearAgoRevenue": {}, "growth": {}}, "epsTrend": {"current": 0.0, "7daysAgo": 0.0, "30daysAgo": 0.0, "60daysAgo": 0.0, "90daysAgo": 0.0}, "epsRevisions": {"upLast7days": 0, "upLast30days": 0, "downLast30days": 0, "downLast90days": {}}}, {"maxAge": 1, "period": "0y", "endDate": "2019-03-31", "growth": {}, "earningsEstimate": {"avg": 0.0, "low": 0.0, "high": 0.0, "yearAgoEps": {}, "numberOfAnalysts": 0, "growth": {}}, "revenueEstimate": {"avg": 892300000, "low": 892300000, "high": 892300000, "numberOfAnalysts": 1, "yearAgoRevenue": 868560000, "growth": 0.027}, "epsTrend": {"current": 0.0, "7daysAgo": 2.24, "30daysAgo": 2.24, "60daysAgo": 2.24, "90daysAgo": 2.24}, "epsRevisions": {"upLast7days": 0, "upLast30days": 0, "downLast30days": 0, "downLast90days": {}}}, {"maxAge": 1, "period": "+1y", "endDate": "2020-03-31", "growth": {}, "earningsEstimate": {"avg": 0.0, "low": 0.0, "high": 0.0, "yearAgoEps": {}, "numberOfAnalysts": 0, "growth": {}}, "revenueEstimate": {"avg": 0, "low": 0, "high": 0, "numberOfAnalysts": 0, "yearAgoRevenue": 892300000, "growth": {}}, "epsTrend": {"current": 0.0, "7daysAgo": 0.0, "30daysAgo": 0.0, "60daysAgo": 0.0, "90daysAgo": 0.0}, "epsRevisions": {"upLast7days": 0, "upLast30days": 0, "downLast30days": 0, "downLast90days": {}}}, {"maxAge": 1, "period": "+5y", "endDate": null, "growth": {}, "earningsEstimate": {"avg": {}, "low": {}, "high": {}, "yearAgoEps": {}, "numberOfAnalysts": {}, "growth": {}}, "revenueEstimate": {"avg": {}, "low": {}, "high": {}, "numberOfAnalysts": {}, "yearAgoRevenue": {}, "growth": {}}, "epsTrend": {"current": {}, "7daysAgo": {}, "30daysAgo": {}, "60daysAgo": {}, "90daysAgo": {}}, "epsRevisions": {"upLast7days": {}, "upLast30days": {}, "downLast30days": {}, "downLast90days": {}}}, {"maxAge": 1, "period": "-5y", "endDate": null, "growth": {}, "earningsEstimate": {"avg": {}, "low": {}, "high": {}, "yearAgoEps": {}, "numberOfAnalysts": {}, "growth": {}}, "revenueEstimate": {"avg": {}, "low": {}, "high": {}, "numberOfAnalysts": {}, "yearAgoRevenue": {}, "growth": {}}, "epsTrend": {"current": {}, "7daysAgo": {}, "30daysAgo": {}, "60daysAgo": {}, "90daysAgo": {}}, "epsRevisions": {"upLast7days": {}, "upLast30days": {}, "downLast30days": {}, "downLast90days": {}}}], "maxAge": 1}, "institutionOwnership": {"ownershipList": [], "maxAge": 1}, "majorHoldersBreakdown": {"maxAge": 1, "insidersPercentHeld": 0.87223, "institutionsPercentHeld": 0.0, "institutionsFloatPercentHeld": 0.0, "institutionsCount": 0}, "balanceSheetHistoryQuarterly": {"balanceSheetStatements": [{"maxAge": 1, "endDate": "2020-12-31", "totalStockholderEquity": 557674000, "netTangibleAssets": 557674000}, {"maxAge": 1, "endDate": "2020-09-30", "cash": 10658000, "shortTermInvestments": 2524000, "netReceivables": 117847000, "inventory": 108603000, "otherCurrentAssets": 11430000, "totalCurrentAssets": 257737000, "longTermInvestments": 306570000, "propertyPlantEquipment": 274336000, "otherAssets": 121058000, "totalAssets": 959701000, "accountsPayable": 209752000, "otherCurrentLiab": 29783000, "longTermDebt": 5484000, "otherLiab": 14496000, "totalCurrentLiabilities": 382047000, "totalLiab": 402027000, "commonStock": 172715000, "treasuryStock": 384959000, "otherStockholderEquity": 384959000, "totalStockholderEquity": 557674000, "netTangibleAssets": 557674000}, {"maxAge": 1, "endDate": "2020-06-30", "totalStockholderEquity": 703356000, "netTangibleAssets": 703356000}, {"maxAge": 1, "endDate": "2020-03-31", "cash": 12957000, "shortTermInvestments": 61000, "netReceivables": 128159000, "inventory": 71100000, "otherCurrentAssets": 13908000, "totalCurrentAssets": 232681000, "longTermInvestments": 474362000, "propertyPlantEquipment": 248490000, "otherAssets": 132621000, "totalAssets": 1088154000, "accountsPayable": 159204000, "shortLongTermDebt": 6043000, "otherCurrentLiab": 15025000, "longTermDebt": 7916000, "otherLiab": 16847000, "totalCurrentLiabilities": 360036000, "totalLiab": 384799000, "commonStock": 172715000, "retainedEarnings": 340579000, "treasuryStock": 190061000, "otherStockholderEquity": 190061000, "totalStockholderEquity": 703355000, "netTangibleAssets": 703355000}], "maxAge": 86400}, "earningsHistory": {"history": [{"maxAge": 1, "epsActual": {}, "epsEstimate": {}, "epsDifference": {}, "surprisePercent": {}, "quarter": {}, "period": "-4q"}, {"maxAge": 1, "epsActual": {}, "epsEstimate": {}, "epsDifference": {}, "surprisePercent": {}, "quarter": {}, "period": "-3q"}, {"maxAge": 1, "epsActual": {}, "epsEstimate": {}, "epsDifference": {}, "surprisePercent": {}, "quarter": {}, "period": "-2q"}, {"maxAge": 1, "epsActual": 0.11, "epsEstimate": 0.39, "epsDifference": -0.28, "surprisePercent": -0.71800005, "quarter": "2018-03-31", "period": "-1q"}], "maxAge": 86400}, "summaryProfile": {"address1": "Empire House", "address2": "214, Dr. D.N. Road Ent. A.K. Nayak Marg Fort", "city": "Mumbai", "zip": "400001", "country": "India", "phone": "91 22 2207 1501", "fax": "91 22 2207 1514", "website": "http://www.weizmann.co.in", "industry": "Textile Manufacturing", "sector": "Consumer Cyclical", "longBusinessSummary": "Weizmann Limited engages in the textile processing business in India. The company provides cotton voiles, pracales, and African prints. Weizmann Limited also exports its products primarily to Africa. The company was formerly known as Weizmann Industries Ltd and changed its name to Weizmann Limited in 1994. Weizmann Limited was incorporated in 1985 and is based in Mumbai, India.", "companyOfficers": [], "maxAge": 86400}, "netSharePurchaseActivity": {"maxAge": 1, "period": "6m", "buyInfoCount": 0, "buyInfoShares": 0, "sellInfoCount": 0, "netInfoCount": 0, "netInfoShares": 0, "netPercentInsiderShares": 0.0, "totalInsiderShares": 15080359}, "insiderTransactions": {"transactions": [{"maxAge": 1, "shares": 1000, "filerUrl": "", "transactionText": "", "filerName": "Windia Infrastructure Finance Ltd", "filerRelation": "Promoter", "moneyText": "", "startDate": "2020-02-26", "ownership": "D"}, {"maxAge": 1, "shares": 174944, "filerUrl": "", "transactionText": "", "filerName": "Siraj (Dharmendra Gulabchand)", "filerRelation": "Promoter", "moneyText": "", "startDate": "2018-04-06", "ownership": "D"}, {"maxAge": 1, "shares": 174944, "filerUrl": "", "transactionText": "", "filerName": "Mehta (Shweta Siraj)", "filerRelation": "Promoter", "moneyText": "", "startDate": "2018-04-06", "ownership": "D"}, {"maxAge": 1, "shares": 450000, "filerUrl": "", "transactionText": "", "filerName": "Siraj (Dharmendra Gulabchand)", "filerRelation": "Promoter", "moneyText": "", "startDate": "2016-03-08", "ownership": "D"}, {"maxAge": 1, "shares": 450000, "filerUrl": "", "transactionText": "", "filerName": "Mehta (Shweta Siraj)", "filerRelation": "Promoter", "moneyText": "", "startDate": "2016-03-08", "ownership": "D"}, {"maxAge": 1, "shares": 450000, "filerUrl": "", "transactionText": "", "filerName": "Mehta (Shweta Siraj)", "filerRelation": "Promoter", "moneyText": "", "startDate": "2015-06-15", "ownership": "D"}, {"maxAge": 1, "shares": 900000, "filerUrl": "", "transactionText": "", "filerName": "Siraj (Dharmendra Gulabchand)", "filerRelation": "Promoter", "moneyText": "", "startDate": "2015-06-15", "ownership": "D"}, {"maxAge": 1, "shares": 103963, "filerUrl": "", "transactionText": "", "filerName": "Kotta Enterprises Ltd.", "filerRelation": "Promoter", "moneyText": "", "startDate": "2015-01-22", "ownership": "D"}, {"maxAge": 1, "shares": 487560, "filerUrl": "", "transactionText": "", "filerName": "Windia Infrastructure Finance Ltd", "filerRelation": "Promoter", "moneyText": "", "startDate": "2015-01-22", "ownership": "D"}, {"maxAge": 1, "shares": 583597, "filerUrl": "", "transactionText": "", "filerName": "Sitex India Pvt. Ltd.", "filerRelation": "Promoter", "moneyText": "", "startDate": "2015-01-22", "ownership": "D"}, {"maxAge": 1, "shares": 200000, "filerUrl": "", "transactionText": "", "filerName": "Hansneel Impex Pvt. Ltd.", "filerRelation": "Promoter", "moneyText": "", "startDate": "2015-01-22", "ownership": "D"}, {"maxAge": 1, "shares": 1654390, "filerUrl": "", "transactionText": "", "filerName": "Prabhanjan Multitrade Pvt Ltd", "filerRelation": "Promoter", "moneyText": "", "startDate": "2014-12-19", "ownership": "D"}, {"maxAge": 1, "shares": 1780, "filerUrl": "", "transactionText": "", "filerName": "Hansneel Impex Pvt. Ltd.", "filerRelation": "Promoter", "moneyText": "", "startDate": "2014-12-19", "ownership": "D"}, {"maxAge": 1, "shares": 563369, "filerUrl": "", "transactionText": "", "filerName": "Sitex India Pvt. Ltd.", "filerRelation": "Promoter", "moneyText": "", "startDate": "2014-12-19", "ownership": "D"}, {"maxAge": 1, "shares": 2646225, "filerUrl": "", "transactionText": "", "filerName": "Windia Infrastructure Finance Ltd", "filerRelation": "Promoter", "moneyText": "", "startDate": "2014-12-19", "ownership": "D"}, {"maxAge": 1, "shares": 103963, "filerUrl": "", "transactionText": "", "filerName": "Kotta Enterprises Ltd.", "filerRelation": "Promoter", "moneyText": "", "startDate": "2014-01-31", "ownership": "D"}, {"maxAge": 1, "shares": 110420, "filerUrl": "", "transactionText": "", "filerName": "Windia Infrastructure Finance Ltd", "filerRelation": "Promoter", "moneyText": "", "startDate": "2014-01-31", "ownership": "D"}, {"maxAge": 1, "shares": 142270, "filerUrl": "", "transactionText": "", "filerName": "Prabhanjan Multitrade Pvt Ltd", "filerRelation": "Promoter", "moneyText": "", "startDate": "2014-01-31", "ownership": "D"}, {"maxAge": 1, "shares": 119158, "filerUrl": "", "transactionText": "", "filerName": "Mehra (Radhika)", "filerRelation": "Promoter", "moneyText": "", "startDate": "2014-01-31", "ownership": "D"}, {"maxAge": 1, "shares": 2981885, "filerUrl": "", "transactionText": "", "filerName": "Hansneel Impex Pvt. Ltd.", "filerRelation": "Promoter", "moneyText": "", "startDate": "2014-01-31", "ownership": "D"}, {"maxAge": 1, "shares": 2195001, "filerUrl": "", "transactionText": "", "filerName": "Mehra (Chetan)", "filerRelation": "Managing Director", "moneyText": "", "startDate": "2014-01-31", "ownership": "D"}, {"maxAge": 1, "shares": 611256, "filerUrl": "", "transactionText": "", "filerName": "Purvaja Projects Ltd", "filerRelation": "Promoter", "moneyText": "", "startDate": "2014-01-31", "ownership": "D"}, {"maxAge": 1, "shares": 1000, "filerUrl": "", "transactionText": "", "filerName": "Kotta Enterprises Ltd.", "filerRelation": "Promoter", "moneyText": "", "startDate": "2010-11-15", "ownership": "D"}], "maxAge": 1}, "sectorTrend": {"maxAge": 1, "symbol": null, "estimates": []}, "incomeStatementHistoryQuarterly": {"incomeStatementHistory": [{"maxAge": 1, "endDate": "2020-12-31", "totalRevenue": 292943000, "costOfRevenue": 194933000, "grossProfit": 98010000, "researchDevelopment": {}, "sellingGeneralAdministrative": 22005000, "nonRecurring": {}, "otherOperatingExpenses": 35753000, "totalOperatingExpenses": 261560000, "operatingIncome": 31383000, "totalOtherIncomeExpenseNet": 19179000, "ebit": 31383000, "interestExpense": -3066000, "incomeBeforeTax": 50562000, "incomeTaxExpense": 8030000, "minorityInterest": {}, "netIncomeFromContinuingOps": 42532000, "discontinuedOperations": {}, "extraordinaryItems": {}, "effectOfAccountingCharges": {}, "otherItems": {}, "netIncome": 42532000, "netIncomeApplicableToCommonShares": 42532000}, {"maxAge": 1, "endDate": "2020-09-30", "totalRevenue": 241695000, "costOfRevenue": 154195000, "grossProfit": 87500000, "researchDevelopment": {}, "sellingGeneralAdministrative": 19922000, "nonRecurring": {}, "otherOperatingExpenses": 50714000, "totalOperatingExpenses": 232044000, "operatingIncome": 9651000, "totalOtherIncomeExpenseNet": -11442000, "ebit": 9651000, "interestExpense": -3208000, "incomeBeforeTax": -1791000, "incomeTaxExpense": 2697000, "minorityInterest": {}, "netIncomeFromContinuingOps": -4488000, "discontinuedOperations": {}, "extraordinaryItems": {}, "effectOfAccountingCharges": {}, "otherItems": {}, "netIncome": -4488000, "netIncomeApplicableToCommonShares": -4488000}, {"maxAge": 1, "endDate": "2020-06-30", "totalRevenue": 95334000, "costOfRevenue": 55923000, "grossProfit": 39411000, "researchDevelopment": {}, "sellingGeneralAdministrative": 12741000, "nonRecurring": {}, "otherOperatingExpenses": 12516000, "totalOperatingExpenses": 87427000, "operatingIncome": 7907000, "totalOtherIncomeExpenseNet": 638000, "ebit": 7907000, "interestExpense": -3524000, "incomeBeforeTax": 8545000, "incomeTaxExpense": 1906000, "minorityInterest": {}, "netIncomeFromContinuingOps": 6639000, "discontinuedOperations": {}, "extraordinaryItems": {}, "effectOfAccountingCharges": {}, "otherItems": {}, "netIncome": 6639000, "netIncomeApplicableToCommonShares": 6639000}, {"maxAge": 1, "endDate": "2020-03-31", "totalRevenue": 246318000, "costOfRevenue": 244870000, "grossProfit": 1448000, "researchDevelopment": {}, "sellingGeneralAdministrative": 22046000, "nonRecurring": {}, "otherOperatingExpenses": -46135000, "totalOperatingExpenses": 226379000, "operatingIncome": 19939000, "totalOtherIncomeExpenseNet": -1607000, "ebit": 19939000, "interestExpense": -1277000, "incomeBeforeTax": 18332000, "incomeTaxExpense": 3362000, "minorityInterest": {}, "netIncomeFromContinuingOps": 14970000, "discontinuedOperations": {}, "extraordinaryItems": {}, "effectOfAccountingCharges": {}, "otherItems": {}, "netIncome": 14970000, "netIncomeApplicableToCommonShares": 14970000}], "maxAge": 86400}, "cashflowStatementHistoryQuarterly": {"cashflowStatements": [{"maxAge": 1, "endDate": "2020-12-31", "netIncome": 42532000, "changeToLiabilities": 0}, {"maxAge": 1, "endDate": "2020-09-30", "netIncome": -4488000, "changeToLiabilities": 0}, {"maxAge": 1, "endDate": "2020-06-30", "netIncome": 6639000, "changeToLiabilities": 0}, {"maxAge": 1, "endDate": "2020-03-31", "netIncome": 14970000, "changeToLiabilities": 0}], "maxAge": 86400}, "earnings": {"maxAge": 86400, "earningsChart": {"quarterly": [{"date": "1Q2018", "actual": 0.11, "estimate": 0.39}], "currentQuarterEstimateDate": "2Q", "currentQuarterEstimateYear": 2018, "earningsDate": []}, "financialsChart": {"yearly": [{"date": 2017, "revenue": 861631000, "earnings": 35128000}, {"date": 2018, "revenue": 868560000, "earnings": 30627000}, {"date": 2019, "revenue": 1047264000, "earnings": 63269000}, {"date": 2020, "revenue": 963505000, "earnings": 29838000}], "quarterly": [{"date": "1Q2020", "revenue": 246318000, "earnings": 14970000}, {"date": "2Q2020", "revenue": 95334000, "earnings": 6639000}, {"date": "3Q2020", "revenue": 241695000, "earnings": -4488000}, {"date": "4Q2020", "revenue": 292943000, "earnings": 42532000}]}, "financialCurrency": "INR"}, "financialData": {"maxAge": 86400, "currentPrice": 42.75, "targetHighPrice": 173.0, "targetLowPrice": 173.0, "targetMeanPrice": 173.0, "targetMedianPrice": 173.0, "recommendationKey": "none", "numberOfAnalystOpinions": 1, "totalCash": 19857000, "totalCashPerShare": 1.149, "ebitda": 89863248, "totalDebt": 145332000, "totalRevenue": 878201024, "debtToEquity": 26.06, "revenuePerShare": 50.927, "grossProfits": 272166000, "earningsGrowth": 1.278, "revenueGrowth": 0.176, "grossMargins": 0.25994, "ebitdaMargins": 0.10233, "operatingMargins": 0.08061, "profitMargins": 0.067930005, "financialCurrency": "INR"}}}