{"WELINV.NS": {"assetProfile": {"address1": "Welspun House", "address2": "7th Floor Kamala City, Senapati Bapat Marg Lower Parel (West)", "city": "Mumbai", "zip": "400013", "country": "India", "phone": "91 22 6613 6000", "fax": "91 22 2490 8020", "website": "http://www.welspuninvestments.com", "industry": "Capital Markets", "sector": "Financial Services", "longBusinessSummary": "Welspun Investments and Commercials Limited invests and deals in shares and securities in India. The company was formerly known as Welspun Investments Limited and changed its name to Welspun Investments and Commercials Limited in March 2010. Welspun Investments and Commercials Limited was incorporated in 2008 and is based in Mumbai, India. Welspun Investments and Commercials Limited is a subsidiary of Welspun Group Master Trust.", "companyOfficers": [{"maxAge": 1, "name": "Mr. Gajendra  Nahar", "title": "CEO & CFO", "fiscalYear": 2020, "totalPay": 180000, "exercisedValue": 0, "unexercisedValue": 0}, {"maxAge": 1, "name": "Mr. Amol  Nandedkar", "title": "Compliance Officer & Company Sec.", "fiscalYear": 2020, "totalPay": 120000, "exercisedValue": 0, "unexercisedValue": 0}], "compensationAsOfEpochDate": "2020-12-31 05:30:00", "maxAge": 86400}, "cashflowStatementHistory": {"cashflowStatements": [{"maxAge": 1, "endDate": "2021-03-31", "netIncome": 7920000, "changeToNetincome": -13657000, "changeToAccountReceivables": -19000, "changeToLiabilities": -388000, "totalCashFromOperatingActivities": -6144000, "investments": -6520000, "otherCashflowsFromInvestingActivities": 12536000, "totalCashflowsFromInvestingActivities": 6016000, "changeInCash": -128000}, {"maxAge": 1, "endDate": "2020-03-31", "netIncome": 73340971, "changeToNetincome": -75910905, "changeToAccountReceivables": -133089, "changeToLiabilities": 76807, "totalCashFromOperatingActivities": -2626216, "investments": -72645182, "otherCashflowsFromInvestingActivities": 75360602, "totalCashflowsFromInvestingActivities": 2715420, "changeInCash": 89204}, {"maxAge": 1, "endDate": "2019-03-31", "netIncome": 6137434, "changeToNetincome": -8725935, "changeToAccountReceivables": -478878, "changeToLiabilities": 318037, "totalCashFromOperatingActivities": -2749342, "investments": -4477220, "otherCashflowsFromInvestingActivities": 7420670, "totalCashflowsFromInvestingActivities": 2943450, "changeInCash": 194108}, {"maxAge": 1, "endDate": "2018-03-31", "netIncome": 2560153, "changeToNetincome": -5110953, "changeToAccountReceivables": -258056, "changeToLiabilities": -42890, "totalCashFromOperatingActivities": -2851746, "investments": -1602723, "otherCashflowsFromInvestingActivities": 4971350, "totalCashflowsFromInvestingActivities": 3368627, "changeInCash": 516881}], "maxAge": 86400}, "institutionOwnership": {"ownershipList": [], "maxAge": 1}, "majorHoldersBreakdown": {"maxAge": 1, "insidersPercentHeld": 0.87021005, "institutionsPercentHeld": 0.0, "institutionsFloatPercentHeld": 0.0, "institutionsCount": 0}, "balanceSheetHistoryQuarterly": {"balanceSheetStatements": [{"maxAge": 1, "endDate": "2021-03-31", "cash": 1073000, "shortTermInvestments": 27164000, "netReceivables": 1617000, "otherCurrentAssets": 50000, "totalCurrentAssets": 29904000, "longTermInvestments": 1351280000, "otherAssets": 443000, "totalAssets": 1381627000, "otherCurrentLiab": 147000, "otherLiab": 2845000, "totalCurrentLiabilities": 147000, "totalLiab": 2992000, "commonStock": 36545000, "treasuryStock": 1342090000, "otherStockholderEquity": 1342090000, "totalStockholderEquity": 1378635000, "netTangibleAssets": 1378635000}, {"maxAge": 1, "endDate": "2020-12-31", "totalStockholderEquity": 1048591000, "netTangibleAssets": 1048591000}, {"maxAge": 1, "endDate": "2020-09-30", "cash": 445000, "shortTermInvestments": 29681000, "netReceivables": 1575000, "otherCurrentAssets": 50000, "totalCurrentAssets": 31751000, "longTermInvestments": 1012691000, "otherAssets": 5578000, "deferredLongTermAssetCharges": 5136000, "totalAssets": 1050020000, "otherCurrentLiab": 1429000, "totalCurrentLiabilities": 1429000, "totalLiab": 1429000, "commonStock": 36545000, "treasuryStock": 1012046000, "otherStockholderEquity": 1012046000, "totalStockholderEquity": 1048591000, "netTangibleAssets": 1048591000}, {"maxAge": 1, "endDate": "2020-06-30", "totalStockholderEquity": 606688000, "netTangibleAssets": 606688000}], "maxAge": 86400}, "indexTrend": {"maxAge": 1, "symbol": "SP5", "peRatio": 19.7411, "pegRatio": 1.34172, "estimates": [{"period": "0q", "growth": 0.549}, {"period": "+1q", "growth": 0.431}, {"period": "0y", "growth": 0.305}, {"period": "+1y", "growth": 0.109}, {"period": "+5y", "growth": 0.120865}, {"period": "-5y"}]}, "defaultKeyStatistics": {"maxAge": 1, "priceHint": 2, "enterpriseValue": 1419388032, "profitMargins": 0.58022, "floatShares": 161320, "sharesOutstanding": 3654480, "heldPercentInsiders": 0.87021005, "heldPercentInstitutions": 0.0, "beta": 0.873458, "category": null, "bookValue": 372.604, "priceToBook": 1.0744652, "fundFamily": null, "legalType": null, "lastFiscalYearEnd": "2021-03-31 05:30:00", "nextFiscalYearEnd": "2023-03-31 05:30:00", "mostRecentQuarter": "2021-03-31 05:30:00", "netIncomeToCommon": 7920000, "trailingEps": 2.17, "lastSplitFactor": null, "enterpriseToRevenue": 103.984}, "summaryProfile": {"address1": "Welspun House", "address2": "7th Floor Kamala City, Senapati Bapat Marg Lower Parel (West)", "city": "Mumbai", "zip": "400013", "country": "India", "phone": "91 22 6613 6000", "fax": "91 22 2490 8020", "website": "http://www.welspuninvestments.com", "industry": "Capital Markets", "sector": "Financial Services", "longBusinessSummary": "Welspun Investments and Commercials Limited invests and deals in shares and securities in India. The company was formerly known as Welspun Investments Limited and changed its name to Welspun Investments and Commercials Limited in March 2010. Welspun Investments and Commercials Limited was incorporated in 2008 and is based in Mumbai, India. Welspun Investments and Commercials Limited is a subsidiary of Welspun Group Master Trust.", "companyOfficers": [], "maxAge": 86400}, "netSharePurchaseActivity": {"maxAge": 1, "period": "6m", "buyInfoCount": 0, "buyInfoShares": 0, "sellInfoCount": 0, "netInfoCount": 0, "netInfoShares": 0, "netPercentInsiderShares": 0.0, "totalInsiderShares": 3219777}, "insiderTransactions": {"transactions": [{"maxAge": 1, "shares": 2655528, "filerUrl": "", "transactionText": "", "filerName": "Welspun Group Master Trust", "filerRelation": "Institution- Corporation", "moneyText": "", "startDate": "2019-03-30", "ownership": "D"}, {"maxAge": 1, "shares": 297979, "filerUrl": "", "transactionText": "", "filerName": "IFCI Ltd", "filerRelation": "Institution- Corporation", "moneyText": "", "startDate": "2012-12-03", "ownership": "D"}, {"maxAge": 1, "shares": 515623, "filerUrl": "", "transactionText": "", "filerName": "Baytree Investments Mauritius Pte Ltd", "filerRelation": "Institution- Corporation", "moneyText": "", "startDate": "2012-11-30", "ownership": "D"}], "maxAge": 1}, "quoteType": {"exchange": "NSI", "quoteType": "EQUITY", "symbol": "WELINV.NS", "underlyingSymbol": "WELINV.NS", "shortName": "WELSPUN INVESTMENT", "longName": "Welspun Investments and Commercials Limited", "firstTradeDateEpochUtc": "2003-12-04 09:15:00", "timeZoneFullName": "Asia/Kolkata", "timeZoneShortName": "IST", "uuid": "670a0194-7646-3352-9bc4-7098fd3b2b08", "gmtOffSetMilliseconds": 19800000, "maxAge": 1}, "incomeStatementHistory": {"incomeStatementHistory": [{"maxAge": 1, "endDate": "2021-03-31", "totalRevenue": 13650000, "costOfRevenue": 0, "grossProfit": 13650000, "researchDevelopment": {}, "sellingGeneralAdministrative": 2194000, "nonRecurring": {}, "otherOperatingExpenses": 851000, "totalOperatingExpenses": 3045000, "operatingIncome": 10605000, "totalOtherIncomeExpenseNet": 0, "ebit": 10605000, "interestExpense": {}, "incomeBeforeTax": 10605000, "incomeTaxExpense": 2685000, "minorityInterest": {}, "netIncomeFromContinuingOps": 7920000, "discontinuedOperations": {}, "extraordinaryItems": {}, "effectOfAccountingCharges": {}, "otherItems": {}, "netIncome": 7920000, "netIncomeApplicableToCommonShares": 7920000}, {"maxAge": 1, "endDate": "2020-03-31", "totalRevenue": 82997829, "costOfRevenue": 6760482, "grossProfit": 76237347, "researchDevelopment": {}, "sellingGeneralAdministrative": 892191, "nonRecurring": {}, "otherOperatingExpenses": 2523828, "totalOperatingExpenses": 10176501, "operatingIncome": 72821328, "totalOtherIncomeExpenseNet": 0, "ebit": 72821328, "interestExpense": {}, "incomeBeforeTax": 72821328, "incomeTaxExpense": -519643, "minorityInterest": {}, "netIncomeFromContinuingOps": 73340971, "discontinuedOperations": {}, "extraordinaryItems": {}, "effectOfAccountingCharges": {}, "otherItems": {}, "netIncome": 73340971, "netIncomeApplicableToCommonShares": 73340971}, {"maxAge": 1, "endDate": "2019-03-31", "totalRevenue": 17878161, "costOfRevenue": 9427942, "grossProfit": 8450219, "researchDevelopment": {}, "sellingGeneralAdministrative": 843777, "nonRecurring": {}, "otherOperatingExpenses": 2555255, "totalOperatingExpenses": 12826974, "operatingIncome": 5051187, "totalOtherIncomeExpenseNet": 500000, "ebit": 5051187, "interestExpense": {}, "incomeBeforeTax": 5551187, "incomeTaxExpense": -586247, "minorityInterest": {}, "netIncomeFromContinuingOps": 6137434, "discontinuedOperations": {}, "extraordinaryItems": {}, "effectOfAccountingCharges": {}, "otherItems": {}, "netIncome": 6137434, "netIncomeApplicableToCommonShares": 6137434}, {"maxAge": 1, "endDate": "2018-03-31", "totalRevenue": 13702499, "costOfRevenue": 7969691, "grossProfit": 5732808, "researchDevelopment": {}, "sellingGeneralAdministrative": 1018850, "nonRecurring": {}, "otherOperatingExpenses": 2153805, "totalOperatingExpenses": 11142346, "operatingIncome": 2560153, "totalOtherIncomeExpenseNet": 0, "ebit": 2560153, "interestExpense": {}, "incomeBeforeTax": 2560153, "incomeTaxExpense": 0, "minorityInterest": {}, "netIncomeFromContinuingOps": 2560153, "discontinuedOperations": {}, "extraordinaryItems": {}, "effectOfAccountingCharges": {}, "otherItems": {}, "netIncome": 2560153, "netIncomeApplicableToCommonShares": 2560153}], "maxAge": 86400}, "fundOwnership": {"ownershipList": [], "maxAge": 1}, "summaryDetail": {"maxAge": 1, "priceHint": 2, "previousClose": 391.25, "open": 398.05, "dayLow": 384.95, "dayHigh": 410.95, "regularMarketPreviousClose": 391.25, "regularMarketOpen": 398.05, "regularMarketDayLow": 384.95, "regularMarketDayHigh": 410.95, "payoutRatio": 0.0, "beta": 0.873458, "trailingPE": 184.49309, "volume": 1179, "regularMarketVolume": 1179, "averageVolume": 2790, "averageVolume10days": 7168, "averageDailyVolume10Day": 7168, "bid": 0.0, "ask": 0.0, "bidSize": 0, "askSize": 0, "marketCap": 1544778496, "fiftyTwoWeekLow": 133.0, "fiftyTwoWeekHigh": 512.65, "priceToSalesTrailing12Months": 113.170586, "fiftyDayAverage": 377.6182, "twoHundredDayAverage": 328.9507, "currency": "INR", "fromCurrency": null, "lastMarket": null, "algorithm": null, "tradeable": false}, "incomeStatementHistoryQuarterly": {"incomeStatementHistory": [{"maxAge": 1, "endDate": "2021-03-31", "totalRevenue": 396000, "costOfRevenue": 0, "grossProfit": 396000, "researchDevelopment": {}, "sellingGeneralAdministrative": 614000, "nonRecurring": {}, "otherOperatingExpenses": 191000, "totalOperatingExpenses": 805000, "operatingIncome": -409000, "totalOtherIncomeExpenseNet": 0, "ebit": -409000, "interestExpense": {}, "incomeBeforeTax": -409000, "incomeTaxExpense": -39000, "minorityInterest": {}, "netIncomeFromContinuingOps": -370000, "discontinuedOperations": {}, "extraordinaryItems": {}, "effectOfAccountingCharges": {}, "otherItems": {}, "netIncome": -370000, "netIncomeApplicableToCommonShares": -370000}, {"maxAge": 1, "endDate": "2020-12-31", "totalRevenue": 756000, "costOfRevenue": 0, "grossProfit": 756000, "researchDevelopment": {}, "sellingGeneralAdministrative": 550000, "nonRecurring": {}, "otherOperatingExpenses": 256000, "totalOperatingExpenses": 806000, "operatingIncome": -50000, "totalOtherIncomeExpenseNet": 0, "ebit": -50000, "interestExpense": {}, "incomeBeforeTax": -50000, "incomeTaxExpense": -137000, "minorityInterest": {}, "netIncomeFromContinuingOps": 87000, "discontinuedOperations": {}, "extraordinaryItems": {}, "effectOfAccountingCharges": {}, "otherItems": {}, "netIncome": 87000, "netIncomeApplicableToCommonShares": 87000}, {"maxAge": 1, "endDate": "2020-09-30", "totalRevenue": 3488000, "costOfRevenue": 0, "grossProfit": 3488000, "researchDevelopment": {}, "sellingGeneralAdministrative": 841000, "nonRecurring": {}, "otherOperatingExpenses": 206000, "totalOperatingExpenses": 1047000, "operatingIncome": 2441000, "totalOtherIncomeExpenseNet": 0, "ebit": 2441000, "interestExpense": {}, "incomeBeforeTax": 2441000, "incomeTaxExpense": 729000, "minorityInterest": {}, "netIncomeFromContinuingOps": 1712000, "discontinuedOperations": {}, "extraordinaryItems": {}, "effectOfAccountingCharges": {}, "otherItems": {}, "netIncome": 1712000, "netIncomeApplicableToCommonShares": 1712000}, {"maxAge": 1, "endDate": "2020-06-30", "totalRevenue": 9010000, "costOfRevenue": 0, "grossProfit": 9010000, "researchDevelopment": {}, "sellingGeneralAdministrative": 189000, "nonRecurring": {}, "otherOperatingExpenses": 198000, "totalOperatingExpenses": 387000, "operatingIncome": 8623000, "totalOtherIncomeExpenseNet": 0, "ebit": 8623000, "interestExpense": {}, "incomeBeforeTax": 8623000, "incomeTaxExpense": 2132000, "minorityInterest": {}, "netIncomeFromContinuingOps": 6491000, "discontinuedOperations": {}, "extraordinaryItems": {}, "effectOfAccountingCharges": {}, "otherItems": {}, "netIncome": 6491000, "netIncomeApplicableToCommonShares": 6491000}], "maxAge": 86400}, "cashflowStatementHistoryQuarterly": {"cashflowStatements": [{"maxAge": 1, "endDate": "2021-03-31", "netIncome": -370000, "changeToLiabilities": 0}, {"maxAge": 1, "endDate": "2020-12-31", "netIncome": 87000, "changeToLiabilities": 0}, {"maxAge": 1, "endDate": "2020-09-30", "netIncome": 1712000, "changeToLiabilities": 0}, {"maxAge": 1, "endDate": "2020-06-30", "netIncome": 6491000, "changeToLiabilities": 0}], "maxAge": 86400}, "insiderHolders": {"holders": [{"maxAge": 1, "name": "Baytree Investments Mauritius Pte Ltd", "relation": "Institution- Corporation", "url": "", "transactionDescription": "Sale", "latestTransDate": "2012-11-30", "positionDirect": 0, "positionDirectDate": "2012-11-30"}, {"maxAge": 1, "name": "IFCI Ltd", "relation": "Institution- Corporation", "url": "", "transactionDescription": "Sale", "latestTransDate": "2012-12-03", "positionDirect": 0, "positionDirectDate": "2012-12-03"}, {"maxAge": 1, "name": "Welspun Group Master Trust", "relation": "Institution- Corporation", "url": "", "transactionDescription": "Other", "latestTransDate": "2019-03-30", "positionDirect": 2680608, "positionDirectDate": "2019-03-30"}], "maxAge": 1}, "calendarEvents": {"maxAge": 1, "earnings": {"earningsDate": []}}, "upgradeDowngradeHistory": {"history": [], "maxAge": 86400}, "price": {"maxAge": 1, "regularMarketChangePercent": 0.0232588, "regularMarketChange": 9.100006, "regularMarketTime": "2021-04-30 15:27:35", "priceHint": 2, "regularMarketPrice": 400.35, "regularMarketDayHigh": 410.95, "regularMarketDayLow": 384.95, "regularMarketVolume": 1179, "averageDailyVolume10Day": 7168, "averageDailyVolume3Month": 2790, "regularMarketPreviousClose": 391.25, "regularMarketSource": "FREE_REALTIME", "regularMarketOpen": 398.05, "exchange": "NSI", "exchangeName": "NSE", "exchangeDataDelayedBy": 15, "marketState": "CLOSED", "quoteType": "EQUITY", "symbol": "WELINV.NS", "underlyingSymbol": null, "shortName": "WELSPUN INVESTMENT", "longName": "Welspun Investments and Commercials Limited", "currency": "INR", "quoteSourceName": "Delayed Quote", "currencySymbol": "\u20b9", "fromCurrency": null, "lastMarket": null, "marketCap": 1544778496}, "balanceSheetHistory": {"balanceSheetStatements": [{"maxAge": 1, "endDate": "2021-03-31", "cash": 1073000, "shortTermInvestments": 27164000, "netReceivables": 1617000, "otherCurrentAssets": 50000, "totalCurrentAssets": 29904000, "longTermInvestments": 1351280000, "otherAssets": 443000, "totalAssets": 1381627000, "otherCurrentLiab": 147000, "otherLiab": 2845000, "totalCurrentLiabilities": 147000, "totalLiab": 2992000, "commonStock": 36545000, "treasuryStock": 1342090000, "otherStockholderEquity": 1342090000, "totalStockholderEquity": 1378635000, "netTangibleAssets": 1378635000}, {"maxAge": 1, "endDate": "2020-03-31", "cash": 1201321, "netReceivables": 882738, "otherCurrentAssets": 50000, "totalCurrentAssets": 22379126, "longTermInvestments": 568729248, "otherAssets": 16081965, "deferredLongTermAssetCharges": 15639476, "totalAssets": 607190339, "otherCurrentLiab": 208732, "totalCurrentLiabilities": 502401, "totalLiab": 502401, "commonStock": 36544760, "retainedEarnings": 103755666, "treasuryStock": 461398587, "capitalSurplus": 4988925, "otherStockholderEquity": 461398587, "totalStockholderEquity": 606687938, "netTangibleAssets": 606687938}, {"maxAge": 1, "endDate": "2019-03-31", "cash": 1112117, "shortTermInvestments": 11216000, "netReceivables": 736509, "otherCurrentAssets": 50000, "totalCurrentAssets": 13115535, "longTermInvestments": 1233309310, "otherAssets": 1028524, "deferredLongTermAssetCharges": 586035, "totalAssets": 1247453369, "otherCurrentLiab": 90000, "totalCurrentLiabilities": 425594, "totalLiab": 425594, "commonStock": 36544760, "retainedEarnings": 30414695, "treasuryStock": 1175079395, "capitalSurplus": 4988925, "otherStockholderEquity": 1175079395, "totalStockholderEquity": 1247027775, "netTangibleAssets": 1247027775}, {"maxAge": 1, "endDate": "2018-03-31", "cash": 918009, "netReceivables": 258056, "otherCurrentAssets": 463352, "totalCurrentAssets": 14482268, "longTermInvestments": 1257066349, "otherAssets": 432010, "totalAssets": 1271980627, "otherCurrentLiab": 499901, "otherLiab": 4206902, "totalCurrentLiabilities": 520909, "totalLiab": 4727811, "commonStock": 36544760, "retainedEarnings": -73758900, "treasuryStock": 1304466956, "otherStockholderEquity": 1304466956, "totalStockholderEquity": 1267252816, "netTangibleAssets": 1267252816}], "maxAge": 86400}, "financialData": {"maxAge": 86400, "currentPrice": 400.35, "recommendationKey": "none", "totalCash": 28237000, "totalCashPerShare": 7.632, "totalDebt": 0, "quickRatio": 203.088, "currentRatio": 203.429, "totalRevenue": 13650000, "revenuePerShare": 3.74, "returnOnAssets": 0.00666, "returnOnEquity": 0.00798, "grossProfits": 13650000, "freeCashflow": 5538462, "operatingCashflow": -6144000, "revenueGrowth": -0.994, "grossMargins": 1.0, "ebitdaMargins": 0.0, "operatingMargins": 0.77692, "profitMargins": 0.58022, "financialCurrency": "INR"}}}