{"WELINV.BO": {"cashflowStatementHistory": {"cashflowStatements": [{"maxAge": 1, "endDate": "2020-03-31", "netIncome": 73340971, "changeToNetincome": -75910905, "changeToAccountReceivables": -133089, "changeToLiabilities": 76807, "totalCashFromOperatingActivities": -2626216, "investments": -72645182, "otherCashflowsFromInvestingActivities": 75360602, "totalCashflowsFromInvestingActivities": 2715420, "changeInCash": 89204}, {"maxAge": 1, "endDate": "2019-03-31", "netIncome": 6137434, "changeToNetincome": -8725935, "changeToAccountReceivables": -478878, "changeToLiabilities": 318037, "totalCashFromOperatingActivities": -2749342, "investments": -4477220, "otherCashflowsFromInvestingActivities": 7420670, "totalCashflowsFromInvestingActivities": 2943450, "changeInCash": 194108}, {"maxAge": 1, "endDate": "2018-03-31", "netIncome": 2560153, "changeToNetincome": -5110953, "changeToAccountReceivables": -258056, "changeToLiabilities": -42890, "totalCashFromOperatingActivities": -2851746, "investments": -1602723, "otherCashflowsFromInvestingActivities": 4971350, "totalCashflowsFromInvestingActivities": 3368627, "changeInCash": 516881}, {"maxAge": 1, "endDate": "2017-03-31", "netIncome": 522233, "changeToNetincome": -3098663, "changeToAccountReceivables": -25000, "changeToLiabilities": 21076, "totalCashFromOperatingActivities": -2580354, "investments": -10698914, "otherCashflowsFromInvestingActivities": 2636975, "totalCashflowsFromInvestingActivities": -8061939, "changeInCash": -10642293}], "maxAge": 86400}, "institutionOwnership": {"ownershipList": [], "maxAge": 1}, "balanceSheetHistoryQuarterly": {"balanceSheetStatements": [{"maxAge": 1, "endDate": "2020-06-30", "totalStockholderEquity": 606688000, "netTangibleAssets": 606688000}, {"maxAge": 1, "endDate": "2020-03-31", "cash": 1201321, "netReceivables": 882738, "otherCurrentAssets": 50000, "totalCurrentAssets": 22379126, "longTermInvestments": 568729248, "otherAssets": 16081965, "deferredLongTermAssetCharges": 15639476, "totalAssets": 607190339, "otherCurrentLiab": 208732, "totalCurrentLiabilities": 502401, "totalLiab": 502401, "commonStock": 36544760, "retainedEarnings": 103755666, "treasuryStock": 461398587, "capitalSurplus": 4988925, "otherStockholderEquity": 461398587, "totalStockholderEquity": 606687938, "netTangibleAssets": 606687938}, {"maxAge": 1, "endDate": "2019-12-31", "totalStockholderEquity": 1201488000, "netTangibleAssets": 1201488000}, {"maxAge": 1, "endDate": "2019-09-30", "cash": 752000, "shortTermInvestments": 19358000, "otherCurrentAssets": 1392000, "totalCurrentAssets": 21502000, "longTermInvestments": 1178442000, "otherAssets": 1876000, "deferredLongTermAssetCharges": 1434000, "totalAssets": 1201820000, "totalCurrentLiabilities": 332000, "totalLiab": 332000, "commonStock": 36545000, "treasuryStock": 1164943000, "otherStockholderEquity": 1164943000, "totalStockholderEquity": 1201488000, "netTangibleAssets": 1201488000}], "maxAge": 86400}, "indexTrend": {"maxAge": 1, "symbol": "SP5", "peRatio": 19.7411, "pegRatio": 1.34172, "estimates": [{"period": "0q", "growth": 0.549}, {"period": "+1q", "growth": 0.431}, {"period": "0y", "growth": 0.305}, {"period": "+1y", "growth": 0.109}, {"period": "+5y", "growth": 0.120865}, {"period": "-5y"}]}, "insiderTransactions": {"transactions": [{"maxAge": 1, "shares": 2655528, "filerUrl": "", "transactionText": "", "filerName": "Welspun Group Master Trust", "filerRelation": "Institution- Corporation", "moneyText": "", "startDate": "2019-03-30", "ownership": "D"}, {"maxAge": 1, "shares": 297979, "filerUrl": "", "transactionText": "", "filerName": "IFCI Ltd", "filerRelation": "Institution- Corporation", "moneyText": "", "startDate": "2012-12-03", "ownership": "D"}, {"maxAge": 1, "shares": 515623, "filerUrl": "", "transactionText": "", "filerName": "Baytree Investments Mauritius Pte Ltd", "filerRelation": "Institution- Corporation", "moneyText": "", "startDate": "2012-11-30", "ownership": "D"}], "maxAge": 1}, "quoteType": {"exchange": "BSE", "quoteType": "EQUITY", "symbol": "WELINV.BO", "underlyingSymbol": "WELINV.BO", "shortName": "WELSPUN INVESTMENTS AND COMMER", "longName": "Welspun Investments and Commercials Limited", "firstTradeDateEpochUtc": "2000-06-23 09:15:00", "timeZoneFullName": "Asia/Kolkata", "timeZoneShortName": "IST", "uuid": "0f3f3b5c-2664-3eee-9fbc-5490b0d6e7ee", "gmtOffSetMilliseconds": 19800000, "maxAge": 1}, "incomeStatementHistory": {"incomeStatementHistory": [{"maxAge": 1, "endDate": "2020-03-31", "totalRevenue": 82997829, "costOfRevenue": 6760482, "grossProfit": 76237347, "researchDevelopment": {}, "sellingGeneralAdministrative": 892191, "nonRecurring": {}, "otherOperatingExpenses": 2523828, "totalOperatingExpenses": 10176501, "operatingIncome": 72821328, "totalOtherIncomeExpenseNet": 0, "ebit": 72821328, "interestExpense": {}, "incomeBeforeTax": 72821328, "incomeTaxExpense": -519643, "minorityInterest": {}, "netIncomeFromContinuingOps": 73340971, "discontinuedOperations": {}, "extraordinaryItems": {}, "effectOfAccountingCharges": {}, "otherItems": {}, "netIncome": 73340971, "netIncomeApplicableToCommonShares": 73340971}, {"maxAge": 1, "endDate": "2019-03-31", "totalRevenue": 17878161, "costOfRevenue": 9427942, "grossProfit": 8450219, "researchDevelopment": {}, "sellingGeneralAdministrative": 843777, "nonRecurring": {}, "otherOperatingExpenses": 2555255, "totalOperatingExpenses": 12826974, "operatingIncome": 5051187, "totalOtherIncomeExpenseNet": 500000, "ebit": 5051187, "interestExpense": {}, "incomeBeforeTax": 5551187, "incomeTaxExpense": -586247, "minorityInterest": {}, "netIncomeFromContinuingOps": 6137434, "discontinuedOperations": {}, "extraordinaryItems": {}, "effectOfAccountingCharges": {}, "otherItems": {}, "netIncome": 6137434, "netIncomeApplicableToCommonShares": 6137434}, {"maxAge": 1, "endDate": "2018-03-31", "totalRevenue": 13702499, "costOfRevenue": 7969691, "grossProfit": 5732808, "researchDevelopment": {}, "sellingGeneralAdministrative": 1018850, "nonRecurring": {}, "otherOperatingExpenses": 2153805, "totalOperatingExpenses": 11142346, "operatingIncome": 2560153, "totalOtherIncomeExpenseNet": 0, "ebit": 2560153, "interestExpense": {}, "incomeBeforeTax": 2560153, "incomeTaxExpense": 0, "minorityInterest": {}, "netIncomeFromContinuingOps": 2560153, "discontinuedOperations": {}, "extraordinaryItems": {}, "effectOfAccountingCharges": {}, "otherItems": {}, "netIncome": 2560153, "netIncomeApplicableToCommonShares": 2560153}, {"maxAge": 1, "endDate": "2017-03-31", "totalRevenue": 8559028, "costOfRevenue": 5178492, "grossProfit": 3380536, "researchDevelopment": {}, "sellingGeneralAdministrative": 1052229, "nonRecurring": {}, "otherOperatingExpenses": 1806227, "totalOperatingExpenses": 8036948, "operatingIncome": 522080, "totalOtherIncomeExpenseNet": 153, "ebit": 522080, "interestExpense": {}, "incomeBeforeTax": 522233, "incomeTaxExpense": 0, "minorityInterest": {}, "netIncomeFromContinuingOps": 522233, "discontinuedOperations": {}, "extraordinaryItems": {}, "effectOfAccountingCharges": {}, "otherItems": {}, "netIncome": 522233, "netIncomeApplicableToCommonShares": 522233}], "maxAge": 86400}, "fundOwnership": {"ownershipList": [], "maxAge": 1}, "summaryDetail": {"maxAge": 1, "priceHint": 2, "previousClose": 413.1, "open": 380.3, "dayLow": 380.3, "dayHigh": 421.0, "regularMarketPreviousClose": 413.1, "regularMarketOpen": 380.3, "regularMarketDayLow": 380.3, "regularMarketDayHigh": 421.0, "trailingPE": 18.273201, "volume": 398, "regularMarketVolume": 398, "averageVolume": 1509, "averageVolume10days": 247, "averageDailyVolume10Day": 247, "bid": 390.0, "ask": 405.0, "bidSize": 0, "askSize": 0, "marketCap": 1471476352, "fiftyTwoWeekLow": 139.65, "fiftyTwoWeekHigh": 513.35, "fiftyDayAverage": 362.77878, "twoHundredDayAverage": 285.53568, "currency": "INR", "fromCurrency": null, "lastMarket": null, "algorithm": null, "tradeable": false}, "incomeStatementHistoryQuarterly": {"incomeStatementHistory": [{"maxAge": 1, "endDate": "2020-06-30", "totalRevenue": 9010000, "costOfRevenue": 0, "grossProfit": 9010000, "researchDevelopment": {}, "sellingGeneralAdministrative": 189000, "nonRecurring": {}, "otherOperatingExpenses": 198000, "totalOperatingExpenses": 387000, "operatingIncome": 8623000, "totalOtherIncomeExpenseNet": 0, "ebit": 8623000, "interestExpense": {}, "incomeBeforeTax": 8623000, "incomeTaxExpense": 2132000, "minorityInterest": {}, "netIncomeFromContinuingOps": 6491000, "discontinuedOperations": {}, "extraordinaryItems": {}, "effectOfAccountingCharges": {}, "otherItems": {}, "netIncome": 6491000, "netIncomeApplicableToCommonShares": 6491000}, {"maxAge": 1, "endDate": "2020-03-31", "totalRevenue": 65775829, "costOfRevenue": -518, "grossProfit": 65776347, "researchDevelopment": {}, "sellingGeneralAdministrative": -524809, "nonRecurring": {}, "otherOperatingExpenses": 1583828, "totalOperatingExpenses": 1058501, "operatingIncome": 64717328, "totalOtherIncomeExpenseNet": 0, "ebit": 64717328, "interestExpense": {}, "incomeBeforeTax": 64717328, "incomeTaxExpense": -90643, "minorityInterest": {}, "netIncomeFromContinuingOps": 64807971, "discontinuedOperations": {}, "extraordinaryItems": {}, "effectOfAccountingCharges": {}, "otherItems": {}, "netIncome": 64807971, "netIncomeApplicableToCommonShares": 64807971}, {"maxAge": 1, "endDate": "2019-12-31", "totalRevenue": 4096000, "costOfRevenue": 3766000, "grossProfit": 330000, "researchDevelopment": {}, "sellingGeneralAdministrative": 427000, "nonRecurring": {}, "otherOperatingExpenses": 280000, "totalOperatingExpenses": 4473000, "operatingIncome": -377000, "totalOtherIncomeExpenseNet": 0, "ebit": -377000, "interestExpense": {}, "incomeBeforeTax": -377000, "incomeTaxExpense": -73000, "minorityInterest": {}, "netIncomeFromContinuingOps": -304000, "discontinuedOperations": {}, "extraordinaryItems": {}, "effectOfAccountingCharges": {}, "otherItems": {}, "netIncome": -304000, "netIncomeApplicableToCommonShares": -304000}, {"maxAge": 1, "endDate": "2019-09-30", "totalRevenue": 12963000, "costOfRevenue": 2995000, "grossProfit": 9968000, "researchDevelopment": {}, "sellingGeneralAdministrative": 442000, "nonRecurring": {}, "otherOperatingExpenses": 464000, "totalOperatingExpenses": 3901000, "operatingIncome": 9062000, "totalOtherIncomeExpenseNet": 0, "ebit": 9062000, "interestExpense": {}, "incomeBeforeTax": 9062000, "incomeTaxExpense": -218000, "minorityInterest": {}, "netIncomeFromContinuingOps": 9280000, "discontinuedOperations": {}, "extraordinaryItems": {}, "effectOfAccountingCharges": {}, "otherItems": {}, "netIncome": 9280000, "netIncomeApplicableToCommonShares": 9280000}], "maxAge": 86400}, "cashflowStatementHistoryQuarterly": {"cashflowStatements": [{"maxAge": 1, "endDate": "2020-06-30", "netIncome": 6491000, "changeToLiabilities": 0}, {"maxAge": 1, "endDate": "2020-03-31", "netIncome": 64807971, "changeToLiabilities": 0}, {"maxAge": 1, "endDate": "2019-12-31", "netIncome": -304000, "changeToLiabilities": 0}, {"maxAge": 1, "endDate": "2019-09-30", "netIncome": 9280000, "changeToLiabilities": 0}], "maxAge": 86400}, "insiderHolders": {"holders": [{"maxAge": 1, "name": "Baytree Investments Mauritius Pte Ltd", "relation": "Institution- Corporation", "url": "", "transactionDescription": "Sale", "latestTransDate": "2012-11-30", "positionDirect": 0, "positionDirectDate": "2012-11-30"}, {"maxAge": 1, "name": "IFCI Ltd", "relation": "Institution- Corporation", "url": "", "transactionDescription": "Sale", "latestTransDate": "2012-12-03", "positionDirect": 0, "positionDirectDate": "2012-12-03"}, {"maxAge": 1, "name": "Welspun Group Master Trust", "relation": "Institution- Corporation", "url": "", "transactionDescription": "Other", "latestTransDate": "2019-03-30", "positionDirect": 2680608, "positionDirectDate": "2019-03-30"}], "maxAge": 1}, "calendarEvents": {"maxAge": 1, "earnings": {"earningsDate": ["2020-08-13 05:30:S"]}}, "upgradeDowngradeHistory": {"history": [], "maxAge": 86400}, "price": {"maxAge": 1, "regularMarketChangePercent": -0.025296567, "regularMarketChange": -10.450012, "regularMarketTime": "2021-04-30 15:13:38", "priceHint": 2, "regularMarketPrice": 402.65, "regularMarketDayHigh": 421.0, "regularMarketDayLow": 380.3, "regularMarketVolume": 398, "averageDailyVolume10Day": 247, "averageDailyVolume3Month": 1509, "regularMarketPreviousClose": 413.1, "regularMarketSource": "FREE_REALTIME", "regularMarketOpen": 380.3, "exchange": "BSE", "exchangeName": "BSE", "exchangeDataDelayedBy": 0, "marketState": "CLOSED", "quoteType": "EQUITY", "symbol": "WELINV.BO", "underlyingSymbol": null, "shortName": "WELSPUN INVESTMENTS AND COMMER", "longName": "Welspun Investments and Commercials Limited", "currency": "INR", "quoteSourceName": "Delayed Quote", "currencySymbol": "\u20b9", "fromCurrency": null, "lastMarket": null, "marketCap": 1471476352}, "balanceSheetHistory": {"balanceSheetStatements": [{"maxAge": 1, "endDate": "2020-03-31", "cash": 1201321, "netReceivables": 882738, "otherCurrentAssets": 50000, "totalCurrentAssets": 22379126, "longTermInvestments": 568729248, "otherAssets": 16081965, "deferredLongTermAssetCharges": 15639476, "totalAssets": 607190339, "otherCurrentLiab": 208732, "totalCurrentLiabilities": 502401, "totalLiab": 502401, "commonStock": 36544760, "retainedEarnings": 103755666, "treasuryStock": 461398587, "capitalSurplus": 4988925, "otherStockholderEquity": 461398587, "totalStockholderEquity": 606687938, "netTangibleAssets": 606687938}, {"maxAge": 1, "endDate": "2019-03-31", "cash": 1112117, "shortTermInvestments": 11216000, "netReceivables": 736509, "otherCurrentAssets": 50000, "totalCurrentAssets": 13115535, "longTermInvestments": 1233309310, "otherAssets": 1028524, "deferredLongTermAssetCharges": 586035, "totalAssets": 1247453369, "otherCurrentLiab": 90000, "totalCurrentLiabilities": 425594, "totalLiab": 425594, "commonStock": 36544760, "retainedEarnings": 30414695, "treasuryStock": 1175079395, "capitalSurplus": 4988925, "otherStockholderEquity": 1175079395, "totalStockholderEquity": 1247027775, "netTangibleAssets": 1247027775}, {"maxAge": 1, "endDate": "2018-03-31", "cash": 918009, "netReceivables": 258056, "otherCurrentAssets": 463352, "totalCurrentAssets": 14482268, "longTermInvestments": 1257066349, "otherAssets": 432010, "totalAssets": 1271980627, "otherCurrentLiab": 499901, "otherLiab": 4206902, "totalCurrentLiabilities": 520909, "totalLiab": 4727811, "commonStock": 36544760, "retainedEarnings": -73758900, "treasuryStock": 1304466956, "otherStockholderEquity": 1304466956, "totalStockholderEquity": 1267252816, "netTangibleAssets": 1267252816}, {"maxAge": 1, "endDate": "2017-03-31", "cash": 401128, "otherCurrentAssets": 463711, "totalCurrentAssets": 12036990, "longTermInvestments": 801740893, "otherAssets": 362510, "totalAssets": 814140393, "otherCurrentLiab": 543161, "otherLiab": 4815098, "totalCurrentLiabilities": 564158, "totalLiab": 5379256, "commonStock": 36544760, "retainedEarnings": -76319053, "treasuryStock": 848535430, "otherStockholderEquity": 848535430, "totalStockholderEquity": 808761137, "netTangibleAssets": 808761137}], "maxAge": 86400}, "financialData": {"maxAge": 86400, "currentPrice": 402.65, "recommendationKey": "none", "grossProfits": 76237347, "financialCurrency": "INR"}}}