{"WELSPUNIND.NS": {"assetProfile": {"address1": "Welspun House", "address2": "6th Floor, Kamala City Senapati Bapat Marg Lower Parel (West)", "city": "Mumbai", "zip": "400013", "country": "India", "phone": "91 22 6613 6000", "fax": "91 22 2490 8020", "website": "http://www.welspunindia.com", "industry": "Textile Manufacturing", "sector": "Consumer Cyclical", "longBusinessSummary": "Welspun India Limited manufactures and sells home textile products in India and internationally. It offers solid, yarn-dyed, dobby, and jacquard towels and bath robes; bath rugs/mats, such as cotton, nylon, PET, and polyester filament-based Drylon and Resilon yarn rugs; and printed nylon and polyester bath mats. The company also provides utility bedding and bed sheet products comprising pillow fillers, mattress pads, and down-alternative filled comforters; and fashion bedding products for the bedroom. In addition, it offers flooring products, including carpet tiles, broadloom carpets and area rugs, and artificial grasses. The company offers its products under the Christy, Spaces, Welspun, Welspun Health, Welhome, and Spun brands; and Hyrgrocotton and Wel-Trak ingredient brands. Further, it generates power. The company was formerly known as Welspun Winilon Silk Mills Pvt. Ltd. and changed its name to Welspun India Limited in 1995. The company was founded in 1985 and is based in Mumbai, India. Welspun India Limited operates as a subsidiary of Welspun Group Master Trust.", "fullTimeEmployees": 21798, "companyOfficers": [{"maxAge": 1, "name": "Ms. Dipali  Goenka", "age": 51, "title": "CEO, Joint MD & Exec. Director", "yearBorn": 1969, "fiscalYear": 2020, "totalPay": 30000000, "exercisedValue": 0, "unexercisedValue": 0}, {"maxAge": 1, "name": "Mr. Rajesh Ramesh Kumar Mandawewala", "age": 58, "title": "MD & Exec. Director", "yearBorn": 1962, "fiscalYear": 2020, "totalPay": 17000000, "exercisedValue": 0, "unexercisedValue": 0}, {"maxAge": 1, "name": "Mr. Rajendra Kumar Mehta", "age": 50, "title": "Pres & CHRO", "yearBorn": 1970, "exercisedValue": 0, "unexercisedValue": 0}, {"maxAge": 1, "name": "Mr. Sanjeev  Sancheti", "title": "Chief Financial Officer", "exercisedValue": 0, "unexercisedValue": 0}, {"maxAge": 1, "name": "Mr. Chintan  Thaker", "age": 43, "title": "Sr. VP of Corp. Affairs & Strategic Planning Cell", "yearBorn": 1977, "exercisedValue": 0, "unexercisedValue": 0}, {"maxAge": 1, "name": "Shreeram  Phanse", "title": "Head of Internal Audit", "exercisedValue": 0, "unexercisedValue": 0}, {"maxAge": 1, "name": "Amit  Mittal", "age": 44, "title": "Sr. VP of Global Sourcing", "yearBorn": 1976, "exercisedValue": 0, "unexercisedValue": 0}, {"maxAge": 1, "name": "Rahul  Shandilya", "age": 49, "title": "Pres of Group IT", "yearBorn": 1971, "exercisedValue": 0, "unexercisedValue": 0}, {"maxAge": 1, "name": "Sanjay  Kanungo", "age": 52, "title": "Sr. VP of Vapi Operations", "yearBorn": 1968, "exercisedValue": 0, "unexercisedValue": 0}, {"maxAge": 1, "name": "Mr. Robert  Walker", "title": "Chief Exec. Officer of UK", "exercisedValue": 0, "unexercisedValue": 0}], "compensationAsOfEpochDate": "2020-12-31 05:30:00", "maxAge": 86400}, "cashflowStatementHistory": {"cashflowStatements": [{"maxAge": 1, "endDate": "2020-03-31", "netIncome": 5073730000, "depreciation": 4636560000, "changeToNetincome": -506940000, "changeToAccountReceivables": 240070000, "changeToLiabilities": 1913320000, "changeToInventory": -1944860000, "changeToOperatingActivities": -1785820000, "totalCashFromOperatingActivities": 7772240000, "capitalExpenditures": -5178980000, "investments": -1465170000, "otherCashflowsFromInvestingActivities": 1776750000, "totalCashflowsFromInvestingActivities": -4592960000, "dividendsPaid": -1306140000, "netBorrowings": 966110000, "otherCashflowsFromFinancingActivities": -2348990000, "totalCashFromFinancingActivities": -2689020000, "effectOfExchangeRate": 16960000, "changeInCash": 507420000}, {"maxAge": 1, "endDate": "2019-03-31", "netIncome": 2098310000, "depreciation": 4255140000, "changeToNetincome": -922520000, "changeToAccountReceivables": -1675110000, "changeToLiabilities": 618240000, "changeToInventory": -288490000, "changeToOperatingActivities": 3880700000, "totalCashFromOperatingActivities": 8068730000, "capitalExpenditures": -7396730000, "investments": 422560000, "otherCashflowsFromInvestingActivities": 1509040000, "totalCashflowsFromInvestingActivities": -5397950000, "dividendsPaid": -653070000, "netBorrowings": 299130000, "otherCashflowsFromFinancingActivities": -1965160000, "totalCashFromFinancingActivities": -2319100000, "effectOfExchangeRate": 730000, "changeInCash": 352410000}, {"maxAge": 1, "endDate": "2018-03-31", "netIncome": 3849670000, "depreciation": 4991010000, "changeToNetincome": 1021600000, "changeToAccountReceivables": 219320000, "changeToLiabilities": -1032630000, "changeToInventory": -243780000, "changeToOperatingActivities": -3405680000, "totalCashFromOperatingActivities": 5450210000, "capitalExpenditures": -3378200000, "investments": -63850000, "otherCashflowsFromInvestingActivities": 360460000, "totalCashflowsFromInvestingActivities": -3015050000, "dividendsPaid": -650440000, "netBorrowings": -302970000, "otherCashflowsFromFinancingActivities": -1546180000, "totalCashFromFinancingActivities": -2499590000, "effectOfExchangeRate": 17670000, "changeInCash": -46760000}, {"maxAge": 1, "endDate": "2017-03-31", "netIncome": 3575620000, "depreciation": 5016100000, "changeToNetincome": 1214240000, "changeToAccountReceivables": -973860000, "changeToLiabilities": 807350000, "changeToInventory": -1763650000, "changeToOperatingActivities": 407980000, "totalCashFromOperatingActivities": 8321920000, "capitalExpenditures": -7002690000, "investments": -983810000, "otherCashflowsFromInvestingActivities": 827300000, "totalCashflowsFromInvestingActivities": -7124200000, "dividendsPaid": -53170000, "netBorrowings": 454630000, "otherCashflowsFromFinancingActivities": -1391410000, "totalCashFromFinancingActivities": -989950000, "effectOfExchangeRate": -30270000, "changeInCash": 177500000}], "maxAge": 86400}, "institutionOwnership": {"ownershipList": [], "maxAge": 1}, "majorHoldersBreakdown": {"maxAge": 1, "insidersPercentHeld": 0.7021, "institutionsPercentHeld": 0.106300004, "institutionsFloatPercentHeld": 0.35685003, "institutionsCount": 33}, "balanceSheetHistoryQuarterly": {"balanceSheetStatements": [{"maxAge": 1, "endDate": "2020-12-31", "totalStockholderEquity": 33195100000, "netTangibleAssets": 30967000000}, {"maxAge": 1, "endDate": "2020-09-30", "cash": 2239200000, "shortTermInvestments": 7738300000, "netReceivables": 10964100000, "inventory": 12367700000, "otherCurrentAssets": 4190600000, "totalCurrentAssets": 37499900000, "longTermInvestments": 1294000000, "propertyPlantEquipment": 37129000000, "goodWill": 1805000000, "intangibleAssets": 423100000, "otherAssets": 1582200000, "deferredLongTermAssetCharges": 797900000, "totalAssets": 79733200000, "accountsPayable": 6969600000, "otherCurrentLiab": 4441000000, "longTermDebt": 12983800000, "otherLiab": 4793600000, "minorityInterest": 1001200000, "totalCurrentLiabilities": 27249700000, "totalLiab": 45536900000, "commonStock": 1004700000, "treasuryStock": 32190400000, "otherStockholderEquity": 32190400000, "totalStockholderEquity": 33195100000, "netTangibleAssets": 30967000000}, {"maxAge": 1, "endDate": "2020-06-30", "totalStockholderEquity": 29720500000, "netTangibleAssets": 27423600000}, {"maxAge": 1, "endDate": "2020-03-31", "cash": 2051080000, "shortTermInvestments": 226270000, "netReceivables": 13824900000, "inventory": 15287150000, "otherCurrentAssets": 5689210000, "totalCurrentAssets": 39684560000, "longTermInvestments": 67870000, "propertyPlantEquipment": 37611530000, "goodWill": 1803460000, "intangibleAssets": 493440000, "otherAssets": 3441940000, "deferredLongTermAssetCharges": 1161770000, "totalAssets": 83102800000, "accountsPayable": 8978510000, "shortLongTermDebt": 2634220000, "otherCurrentLiab": 2559480000, "longTermDebt": 14069540000, "otherLiab": 4469210000, "minorityInterest": 848560000, "totalCurrentLiabilities": 33467390000, "totalLiab": 52533720000, "commonStock": 1004730000, "retainedEarnings": 24523740000, "treasuryStock": 953930000, "capitalSurplus": 3238120000, "otherStockholderEquity": 953930000, "totalStockholderEquity": 29720520000, "netTangibleAssets": 27423620000}], "maxAge": 86400}, "indexTrend": {"maxAge": 1, "symbol": "SP5", "peRatio": 19.7411, "pegRatio": 1.34172, "estimates": [{"period": "0q", "growth": 0.549}, {"period": "+1q", "growth": 0.431}, {"period": "0y", "growth": 0.305}, {"period": "+1y", "growth": 0.109}, {"period": "+5y", "growth": 0.120865}, {"period": "-5y"}]}, "defaultKeyStatistics": {"maxAge": 1, "priceHint": 2, "enterpriseValue": 101160763392, "profitMargins": 0.07258, "floatShares": 276467629, "sharesOutstanding": 1004729984, "heldPercentInsiders": 0.7021, "heldPercentInstitutions": 0.106300004, "beta": 0.716765, "category": null, "bookValue": 33.066, "priceToBook": 2.404282, "fundFamily": null, "legalType": null, "lastFiscalYearEnd": "2020-03-31 05:30:00", "nextFiscalYearEnd": "2022-03-31 05:30:00", "mostRecentQuarter": "2020-12-31 05:30:00", "earningsQuarterlyGrowth": 1.47, "netIncomeToCommon": 4951629824, "trailingEps": 4.93, "lastSplitFactor": "10:1", "lastSplitDate": "2016-03-21 05:30:00", "enterpriseToRevenue": 1.483, "enterpriseToEbitda": 7.794}, "summaryProfile": {"address1": "Welspun House", "address2": "6th Floor, Kamala City Senapati Bapat Marg Lower Parel (West)", "city": "Mumbai", "zip": "400013", "country": "India", "phone": "91 22 6613 6000", "fax": "91 22 2490 8020", "website": "http://www.welspunindia.com", "industry": "Textile Manufacturing", "sector": "Consumer Cyclical", "longBusinessSummary": "Welspun India Limited manufactures and sells home textile products in India and internationally. It offers solid, yarn-dyed, dobby, and jacquard towels and bath robes; bath rugs/mats, such as cotton, nylon, PET, and polyester filament-based Drylon and Resilon yarn rugs; and printed nylon and polyester bath mats. The company also provides utility bedding and bed sheet products comprising pillow fillers, mattress pads, and down-alternative filled comforters; and fashion bedding products for the bedroom. In addition, it offers flooring products, including carpet tiles, broadloom carpets and area rugs, and artificial grasses. The company offers its products under the Christy, Spaces, Welspun, Welspun Health, Welhome, and Spun brands; and Hyrgrocotton and Wel-Trak ingredient brands. Further, it generates power. The company was formerly known as Welspun Winilon Silk Mills Pvt. Ltd. and changed its name to Welspun India Limited in 1995. The company was founded in 1985 and is based in Mumbai, India. Welspun India Limited operates as a subsidiary of Welspun Group Master Trust.", "fullTimeEmployees": 21798, "companyOfficers": [], "maxAge": 86400}, "netSharePurchaseActivity": {"maxAge": 1, "period": "6m", "buyInfoCount": 0, "buyInfoShares": 0, "sellInfoCount": 0, "netInfoCount": 0, "netInfoShares": 0, "netPercentInsiderShares": 0.0, "totalInsiderShares": 705103424}, "insiderTransactions": {"transactions": [{"maxAge": 1, "shares": 2803, "value": 2882, "filerUrl": "", "transactionText": "Acquisition at price 1.03 per share.", "filerName": "Singhal (Arvind Kumar)", "filerRelation": "UNREPORTED", "moneyText": "", "startDate": "2021-03-09", "ownership": "D"}, {"maxAge": 1, "shares": 2803, "value": 2883, "filerUrl": "", "transactionText": "Acquisition at price 1.03 per share.", "filerName": "Singhal (Arvind Kumar)", "filerRelation": "UNREPORTED", "moneyText": "", "startDate": "2021-03-09", "ownership": "D"}, {"maxAge": 1, "shares": 1500000, "value": 878700, "filerUrl": "", "transactionText": "Acquisition at price 0.59 per share.", "filerName": "Balkrishan (Goenka)", "filerRelation": "Promoter", "moneyText": "", "startDate": "2020-08-10", "ownership": "D"}, {"maxAge": 1, "shares": 2011275, "value": 1205558, "filerUrl": "", "transactionText": "Acquisition at price 0.60 per share.", "filerName": "Balkrishan (Goenka)", "filerRelation": "Promoter", "moneyText": "", "startDate": "2020-08-06", "ownership": "D"}, {"maxAge": 1, "shares": 2500000, "value": 1502000, "filerUrl": "", "transactionText": "Acquisition at price 0.60 per share.", "filerName": "Balkrishan (Goenka)", "filerRelation": "Promoter", "moneyText": "", "startDate": "2020-08-05", "ownership": "D"}, {"maxAge": 1, "shares": 0, "filerUrl": "", "transactionText": "", "filerName": "Balkrishan (Goenka)", "filerRelation": "Promoter", "moneyText": "", "startDate": "2020-07-29", "ownership": "I"}, {"maxAge": 1, "shares": 4566139, "value": 2411834, "filerUrl": "", "transactionText": "Acquisition at price 0.53 per share.", "filerName": "Balkrishan (Goenka)", "filerRelation": "Promoter", "moneyText": "", "startDate": "2020-07-29", "ownership": "D"}, {"maxAge": 1, "shares": 0, "filerUrl": "", "transactionText": "", "filerName": "Balkrishan (Goenka)", "filerRelation": "Promoter", "moneyText": "", "startDate": "2020-07-28", "ownership": "I"}, {"maxAge": 1, "shares": 0, "filerUrl": "", "transactionText": "", "filerName": "Balkrishan (Goenka)", "filerRelation": "Promoter", "moneyText": "", "startDate": "2020-07-28", "ownership": "I"}, {"maxAge": 1, "shares": 2916139, "filerUrl": "", "transactionText": "Acquisition at price 0.00 per share.", "filerName": "Balkrishan (Goenka)", "filerRelation": "Promoter", "moneyText": "", "startDate": "2020-07-28", "ownership": "D"}, {"maxAge": 1, "shares": 3501254, "value": 1821002, "filerUrl": "", "transactionText": "Acquisition at price 0.52 per share.", "filerName": "Balkrishan (Goenka)", "filerRelation": "Promoter", "moneyText": "", "startDate": "2020-07-28", "ownership": "D"}, {"maxAge": 1, "shares": 2130000, "filerUrl": "", "transactionText": "", "filerName": "Balkrishan (Goenka)", "filerRelation": "Chairman of the Board", "moneyText": "", "startDate": "2020-03-19", "ownership": "D"}, {"maxAge": 1, "shares": 1063001, "filerUrl": "", "transactionText": "", "filerName": "Balkrishan (Goenka)", "filerRelation": "Promoter", "moneyText": "", "startDate": "2020-03-17", "ownership": "D"}, {"maxAge": 1, "shares": 1000, "filerUrl": "", "transactionText": "", "filerName": "Balkrishan (Goenka)", "filerRelation": "Chairman of the Board", "moneyText": "", "startDate": "2020-03-13", "ownership": "D"}, {"maxAge": 1, "shares": 1000, "filerUrl": "", "transactionText": "", "filerName": "Balkrishan (Goenka)", "filerRelation": "Chairman of the Board", "moneyText": "", "startDate": "2020-03-13", "ownership": "D"}, {"maxAge": 1, "shares": 5424020, "filerUrl": "", "transactionText": "", "filerName": "Aryabhat Vyapar Pvt. Ltd.", "filerRelation": "UNREPORTED", "moneyText": "", "startDate": "2019-07-30", "ownership": "D"}, {"maxAge": 1, "shares": 5424020, "filerUrl": "", "transactionText": "", "filerName": "MGN Agro Properties Pvt Ltd", "filerRelation": "Promoter", "moneyText": "", "startDate": "2019-07-30", "ownership": "D"}, {"maxAge": 1, "shares": 5424020, "filerUrl": "", "transactionText": "", "filerName": "MGN Agro Properties Pvt Ltd", "filerRelation": "Promoter", "moneyText": "", "startDate": "2019-07-30", "ownership": "D"}, {"maxAge": 1, "shares": 76940, "filerUrl": "", "transactionText": "", "filerName": "Methodical Investment And Trading Company Pvt. Ltd.", "filerRelation": "Promoter", "moneyText": "", "startDate": "2018-02-26", "ownership": "D"}, {"maxAge": 1, "shares": 50236257, "filerUrl": "", "transactionText": "", "filerName": "MGN Agro Properties Pvt Ltd", "filerRelation": "Promoter", "moneyText": "", "startDate": "2018-01-10", "ownership": "D"}, {"maxAge": 1, "shares": 679078913, "filerUrl": "", "transactionText": "", "filerName": "Prasert Multiventure Pvt. Ltd.", "filerRelation": "Institution- Corporation", "moneyText": "", "startDate": "2017-03-30", "ownership": "D"}, {"maxAge": 1, "shares": 679078913, "filerUrl": "", "transactionText": "", "filerName": "MGN Agro Properties Pvt Ltd", "filerRelation": "Promoter", "moneyText": "", "startDate": "2017-03-30", "ownership": "D"}, {"maxAge": 1, "shares": 3130192, "filerUrl": "", "transactionText": "", "filerName": "IDBI Bank Ltd", "filerRelation": "Institution- Corporation", "moneyText": "", "startDate": "2014-03-06", "ownership": "D"}, {"maxAge": 1, "shares": 6034069, "filerUrl": "", "transactionText": "", "filerName": "IFCI Ltd", "filerRelation": "Institution- Corporation", "moneyText": "", "startDate": "2012-08-09", "ownership": "D"}, {"maxAge": 1, "shares": 5000000, "filerUrl": "", "transactionText": "", "filerName": "IDBI Bank Ltd", "filerRelation": "Institution- Corporation", "moneyText": "", "startDate": "2010-04-22", "ownership": "D"}], "maxAge": 1}, "quoteType": {"exchange": "NSI", "quoteType": "EQUITY", "symbol": "WELSPUNIND.NS", "underlyingSymbol": "WELSPUNIND.NS", "shortName": "WELSPUN INDIA", "longName": "Welspun India Limited", "firstTradeDateEpochUtc": "2003-12-04 09:15:00", "timeZoneFullName": "Asia/Kolkata", "timeZoneShortName": "IST", "uuid": "ba8c0945-cb0a-320d-8e74-226127d80f01", "gmtOffSetMilliseconds": 19800000, "maxAge": 1}, "incomeStatementHistory": {"incomeStatementHistory": [{"maxAge": 1, "endDate": "2020-03-31", "totalRevenue": 67410920000, "costOfRevenue": 33691940000, "grossProfit": 33718980000, "researchDevelopment": {}, "sellingGeneralAdministrative": 9145320000, "nonRecurring": {}, "otherOperatingExpenses": 12060820000, "totalOperatingExpenses": 59755620000, "operatingIncome": 7655300000, "totalOtherIncomeExpenseNet": -711390000, "ebit": 7655300000, "interestExpense": -846600000, "incomeBeforeTax": 6943910000, "incomeTaxExpense": 1700360000, "minorityInterest": 848560000, "netIncomeFromContinuingOps": 5243550000, "discontinuedOperations": {}, "extraordinaryItems": {}, "effectOfAccountingCharges": {}, "otherItems": {}, "netIncome": 5073730000, "netIncomeApplicableToCommonShares": 5073730000}, {"maxAge": 1, "endDate": "2019-03-31", "totalRevenue": 65266150000, "costOfRevenue": 34162150000, "grossProfit": 31104000000, "researchDevelopment": {}, "sellingGeneralAdministrative": 8503890000, "nonRecurring": {}, "otherOperatingExpenses": 11632970000, "totalOperatingExpenses": 58656660000, "operatingIncome": 6609490000, "totalOtherIncomeExpenseNet": -3740050000, "ebit": 6609490000, "interestExpense": -1062470000, "incomeBeforeTax": 2869440000, "incomeTaxExpense": 607690000, "minorityInterest": 709440000, "netIncomeFromContinuingOps": 2261750000, "discontinuedOperations": {}, "extraordinaryItems": {}, "effectOfAccountingCharges": {}, "otherItems": {}, "netIncome": 2098310000, "netIncomeApplicableToCommonShares": 2098310000}, {"maxAge": 1, "endDate": "2018-03-31", "totalRevenue": 60499850000, "costOfRevenue": 30843290000, "grossProfit": 29656560000, "researchDevelopment": {}, "sellingGeneralAdministrative": 8233790000, "nonRecurring": {}, "otherOperatingExpenses": 10142100000, "totalOperatingExpenses": 54260890000, "operatingIncome": 6238960000, "totalOtherIncomeExpenseNet": -642100000, "ebit": 6238960000, "interestExpense": -1033430000, "incomeBeforeTax": 5596860000, "incomeTaxExpense": 1614940000, "minorityInterest": 467000000, "netIncomeFromContinuingOps": 3981920000, "discontinuedOperations": {}, "extraordinaryItems": {}, "effectOfAccountingCharges": {}, "otherItems": {}, "netIncome": 3849670000, "netIncomeApplicableToCommonShares": 3849670000}, {"maxAge": 1, "endDate": "2017-03-31", "totalRevenue": 66385450000, "costOfRevenue": 30973540000, "grossProfit": 35411910000, "researchDevelopment": {}, "sellingGeneralAdministrative": 7706560000, "nonRecurring": {}, "otherOperatingExpenses": 11784390000, "totalOperatingExpenses": 55518730000, "operatingIncome": 10866720000, "totalOtherIncomeExpenseNet": -5511590000, "ebit": 10866720000, "interestExpense": -1197040000, "incomeBeforeTax": 5355130000, "incomeTaxExpense": 1731390000, "minorityInterest": 355270000, "netIncomeFromContinuingOps": 3623740000, "discontinuedOperations": {}, "extraordinaryItems": {}, "effectOfAccountingCharges": {}, "otherItems": {}, "netIncome": 3575620000, "netIncomeApplicableToCommonShares": 3575620000}], "maxAge": 86400}, "fundOwnership": {"ownershipList": [{"maxAge": 1, "reportDate": "2021-01-31", "organization": "Vanguard International Stock Index-Total Intl Stock Indx", "pctHeld": 0.0044, "position": 4462224, "value": 294953006}, {"maxAge": 1, "reportDate": "2021-01-31", "organization": "Vanguard International Stock Index-Emerging Markets Stk", "pctHeld": 0.0042, "position": 4268646, "value": 282157500}, {"maxAge": 1, "reportDate": "2021-03-31", "organization": "iShares Core MSCI Emerging Markets ETF", "pctHeld": 0.0034, "position": 3396541, "value": 274610339}, {"maxAge": 1, "reportDate": "2021-01-31", "organization": "DFA Emerging Markets Core Equity Portfolio", "pctHeld": 0.0033000002, "position": 3361938, "value": 222224101}, {"maxAge": 1, "reportDate": "2021-01-31", "organization": "DFA Investment Dimensions-DFA Emerging Mkts Value", "pctHeld": 0.0019, "position": 1919926, "value": 126907108}, {"maxAge": 1, "reportDate": "2021-01-31", "organization": "DFA Emerging Markets Small Cap Series", "pctHeld": 0.0018000001, "position": 1834775, "value": 121278627}, {"maxAge": 1, "reportDate": "2021-01-31", "organization": "Vanguard Intl Equity Index Fds-FTSE All World ex U.S.Small Cap Index", "pctHeld": 0.00090000004, "position": 855592, "value": 56554631}, {"maxAge": 1, "reportDate": "2021-02-28", "organization": "WisdomTree Tr-WisdomTree Emerging Markets Small Cap Dividend Fund", "pctHeld": 0.0007, "position": 674900, "value": 46703080}, {"maxAge": 1, "reportDate": "2021-03-31", "organization": "iShares MSCI India Small Cap ETF", "pctHeld": 0.00059999997, "position": 565415, "value": 45713802}, {"maxAge": 1, "reportDate": "2021-02-28", "organization": "WisdomTree Tr-WisdomTree India Earnings Fd", "pctHeld": 0.00059999997, "position": 553845, "value": 38326074}], "maxAge": 1}, "summaryDetail": {"maxAge": 1, "priceHint": 2, "previousClose": 81.95, "open": 81.0, "dayLow": 79.05, "dayHigh": 81.75, "regularMarketPreviousClose": 81.95, "regularMarketOpen": 81.0, "regularMarketDayLow": 79.05, "regularMarketDayHigh": 81.75, "exDividendDate": "2020-03-17 05:30:00", "payoutRatio": 0.2028, "fiveYearAvgDividendYield": 1.12, "beta": 0.716765, "trailingPE": 16.125761, "volume": 1292334, "regularMarketVolume": 1292334, "averageVolume": 1626710, "averageVolume10days": 1464828, "averageDailyVolume10Day": 1464828, "bid": 0.0, "ask": 0.0, "bidSize": 0, "askSize": 0, "marketCap": 79680462848, "fiftyTwoWeekLow": 21.2, "fiftyTwoWeekHigh": 87.6, "priceToSalesTrailing12Months": 1.1680284, "fiftyDayAverage": 75.20147, "twoHundredDayAverage": 70.03652, "trailingAnnualDividendRate": 0.0, "trailingAnnualDividendYield": 0.0, "currency": "INR", "fromCurrency": null, "lastMarket": null, "algorithm": null, "tradeable": false}, "incomeStatementHistoryQuarterly": {"incomeStatementHistory": [{"maxAge": 1, "endDate": "2020-12-31", "totalRevenue": 20290100000, "costOfRevenue": 9569000000, "grossProfit": 10721100000, "researchDevelopment": {}, "sellingGeneralAdministrative": 2205000000, "nonRecurring": {}, "otherOperatingExpenses": 4536100000, "totalOperatingExpenses": 17449300000, "operatingIncome": 2840800000, "totalOtherIncomeExpenseNet": -352000000, "ebit": 2840800000, "interestExpense": -559000000, "incomeBeforeTax": 2488800000, "incomeTaxExpense": 740800000, "minorityInterest": {}, "netIncomeFromContinuingOps": 1748000000, "discontinuedOperations": {}, "extraordinaryItems": {}, "effectOfAccountingCharges": {}, "otherItems": {}, "netIncome": 1807700000, "netIncomeApplicableToCommonShares": 1807700000}, {"maxAge": 1, "endDate": "2020-09-30", "totalRevenue": 19736600000, "costOfRevenue": 9912900000, "grossProfit": 9823700000, "researchDevelopment": {}, "sellingGeneralAdministrative": 2214400000, "nonRecurring": {}, "otherOperatingExpenses": 3643200000, "totalOperatingExpenses": 16919300000, "operatingIncome": 2817300000, "totalOtherIncomeExpenseNet": -280000000, "ebit": 2817300000, "interestExpense": -361800000, "incomeBeforeTax": 2537300000, "incomeTaxExpense": 658300000, "minorityInterest": 1001200000, "netIncomeFromContinuingOps": 1879000000, "discontinuedOperations": {}, "extraordinaryItems": {}, "effectOfAccountingCharges": {}, "otherItems": {}, "netIncome": 1797000000, "netIncomeApplicableToCommonShares": 1797000000}, {"maxAge": 1, "endDate": "2020-06-30", "totalRevenue": 12018000000, "costOfRevenue": 5463500000, "grossProfit": 6554500000, "researchDevelopment": {}, "sellingGeneralAdministrative": 1795000000, "nonRecurring": {}, "otherOperatingExpenses": 2319500000, "totalOperatingExpenses": 10683900000, "operatingIncome": 1334100000, "totalOtherIncomeExpenseNet": -471000000, "ebit": 1334100000, "interestExpense": -412200000, "incomeBeforeTax": 863100000, "incomeTaxExpense": 325600000, "minorityInterest": 1001200000, "netIncomeFromContinuingOps": 537500000, "discontinuedOperations": {}, "extraordinaryItems": {}, "effectOfAccountingCharges": {}, "otherItems": {}, "netIncome": 490900000, "netIncomeApplicableToCommonShares": 490900000}, {"maxAge": 1, "endDate": "2020-03-31", "totalRevenue": 15226320000, "costOfRevenue": 8176440000, "grossProfit": 7049880000, "researchDevelopment": {}, "sellingGeneralAdministrative": 3328020000, "nonRecurring": {}, "otherOperatingExpenses": 1811520000, "totalOperatingExpenses": 14609420000, "operatingIncome": 616900000, "totalOtherIncomeExpenseNet": 486410000, "ebit": 616900000, "interestExpense": -412200000, "incomeBeforeTax": 1103310000, "incomeTaxExpense": 197360000, "minorityInterest": 848560000, "netIncomeFromContinuingOps": 905950000, "discontinuedOperations": {}, "extraordinaryItems": {}, "effectOfAccountingCharges": {}, "otherItems": {}, "netIncome": 856030000, "netIncomeApplicableToCommonShares": 856030000}], "maxAge": 86400}, "cashflowStatementHistoryQuarterly": {"cashflowStatements": [{"maxAge": 1, "endDate": "2020-12-31", "netIncome": 1807700000, "changeToLiabilities": 0}, {"maxAge": 1, "endDate": "2020-09-30", "netIncome": 1797000000, "changeToLiabilities": 0}, {"maxAge": 1, "endDate": "2020-06-30", "netIncome": 490900000, "changeToLiabilities": 0}, {"maxAge": 1, "endDate": "2020-03-31", "netIncome": 856030000, "changeToLiabilities": 0}], "maxAge": 86400}, "insiderHolders": {"holders": [{"maxAge": 1, "name": "Aryabhat Vyapar Pvt. Ltd.", "relation": "UNREPORTED", "url": "", "transactionDescription": "Other", "latestTransDate": "2019-07-30", "positionDirect": 5424020, "positionDirectDate": "2019-07-30"}, {"maxAge": 1, "name": "Balkrishan (Goenka)", "relation": "Promoter", "url": "", "transactionDescription": "Acquisition", "latestTransDate": "2020-08-10", "positionDirect": 694465432, "positionDirectDate": "2020-08-10"}, {"maxAge": 1, "name": "IDBI Bank Ltd", "relation": "Institution- Corporation", "url": "", "transactionDescription": "Sale", "latestTransDate": "2014-03-06", "positionDirect": 1869808, "positionDirectDate": "2014-03-06"}, {"maxAge": 1, "name": "IFCI Ltd", "relation": "Institution- Corporation", "url": "", "transactionDescription": "Sale", "latestTransDate": "2012-08-09", "positionDirect": 0, "positionDirectDate": "2012-08-09"}, {"maxAge": 1, "name": "MGN Agro Properties Pvt Ltd", "relation": "Promoter", "url": "", "transactionDescription": "Other", "latestTransDate": "2019-07-30", "positionDirect": 0, "positionDirectDate": "2019-07-30"}, {"maxAge": 1, "name": "Methodical Investment And Trading Company Pvt. Ltd.", "relation": "Promoter", "url": "", "transactionDescription": "Sale", "latestTransDate": "2018-02-26", "positionDirect": 0, "positionDirectDate": "2018-02-26"}, {"maxAge": 1, "name": "Prasert Multiventure Pvt. Ltd.", "relation": "Institution- Corporation", "url": "", "transactionDescription": "Other", "latestTransDate": "2017-03-30", "positionDirect": 679078913, "positionDirectDate": "2017-03-30"}, {"maxAge": 1, "name": "Singhal (Arvind Kumar)", "relation": "UNREPORTED", "url": "", "transactionDescription": "Acquisition", "latestTransDate": "2021-03-09", "positionDirect": 50000, "positionDirectDate": "2021-03-09"}], "maxAge": 1}, "calendarEvents": {"maxAge": 1, "earnings": {"earningsDate": []}, "exDividendDate": "2020-03-17 05:30:00"}, "upgradeDowngradeHistory": {"history": [], "maxAge": 86400}, "price": {"maxAge": 1, "regularMarketChangePercent": -0.029896243, "regularMarketChange": -2.449997, "regularMarketTime": "2021-04-30 15:29:58", "priceHint": 2, "regularMarketPrice": 79.5, "regularMarketDayHigh": 81.75, "regularMarketDayLow": 79.05, "regularMarketVolume": 1292334, "averageDailyVolume10Day": 1464828, "averageDailyVolume3Month": 1626710, "regularMarketPreviousClose": 81.95, "regularMarketSource": "FREE_REALTIME", "regularMarketOpen": 81.0, "exchange": "NSI", "exchangeName": "NSE", "exchangeDataDelayedBy": 15, "marketState": "CLOSED", "quoteType": "EQUITY", "symbol": "WELSPUNIND.NS", "underlyingSymbol": null, "shortName": "WELSPUN INDIA", "longName": "Welspun India Limited", "currency": "INR", "quoteSourceName": "Delayed Quote", "currencySymbol": "\u20b9", "fromCurrency": null, "lastMarket": null, "marketCap": 79680462848}, "balanceSheetHistory": {"balanceSheetStatements": [{"maxAge": 1, "endDate": "2020-03-31", "cash": 2051080000, "shortTermInvestments": 226270000, "netReceivables": 13824900000, "inventory": 15287150000, "otherCurrentAssets": 5689210000, "totalCurrentAssets": 39684560000, "longTermInvestments": 67870000, "propertyPlantEquipment": 37611530000, "goodWill": 1803460000, "intangibleAssets": 493440000, "otherAssets": 3441940000, "deferredLongTermAssetCharges": 1161770000, "totalAssets": 83102800000, "accountsPayable": 8978510000, "shortLongTermDebt": 2634220000, "otherCurrentLiab": 2559480000, "longTermDebt": 14069540000, "otherLiab": 4469210000, "minorityInterest": 848560000, "totalCurrentLiabilities": 33467390000, "totalLiab": 52533720000, "commonStock": 1004730000, "retainedEarnings": 24523740000, "treasuryStock": 953930000, "capitalSurplus": 3238120000, "otherStockholderEquity": 953930000, "totalStockholderEquity": 29720520000, "netTangibleAssets": 27423620000}, {"maxAge": 1, "endDate": "2019-03-31", "cash": 1543660000, "shortTermInvestments": 155580000, "netReceivables": 15267680000, "inventory": 13342290000, "otherCurrentAssets": 4852220000, "totalCurrentAssets": 36305880000, "longTermInvestments": 363700000, "propertyPlantEquipment": 35579030000, "goodWill": 1792440000, "intangibleAssets": 574970000, "otherAssets": 2806730000, "deferredLongTermAssetCharges": 598920000, "totalAssets": 77422750000, "accountsPayable": 7041260000, "shortLongTermDebt": 3487060000, "otherCurrentLiab": 3321730000, "longTermDebt": 15536690000, "otherLiab": 4404340000, "minorityInterest": 709440000, "totalCurrentLiabilities": 28934740000, "totalLiab": 48920110000, "commonStock": 1004730000, "retainedEarnings": 20814220000, "treasuryStock": 2736130000, "capitalSurplus": 3238120000, "otherStockholderEquity": 2736130000, "totalStockholderEquity": 27793200000, "netTangibleAssets": 25425790000}, {"maxAge": 1, "endDate": "2018-03-31", "cash": 1191250000, "shortTermInvestments": 47200000, "netReceivables": 14304130000, "inventory": 13053800000, "otherCurrentAssets": 5334270000, "totalCurrentAssets": 35107780000, "longTermInvestments": 347890000, "propertyPlantEquipment": 33157310000, "goodWill": 1786270000, "intangibleAssets": 483870000, "otherAssets": 1365450000, "deferredLongTermAssetCharges": 378730000, "totalAssets": 72248570000, "accountsPayable": 6446530000, "shortLongTermDebt": 3199070000, "otherCurrentLiab": 1450580000, "longTermDebt": 17028480000, "otherLiab": 4010260000, "minorityInterest": 467000000, "totalCurrentLiabilities": 24686110000, "totalLiab": 45724850000, "commonStock": 1004730000, "retainedEarnings": 19663510000, "treasuryStock": 2150360000, "capitalSurplus": 3238120000, "otherStockholderEquity": 2150360000, "totalStockholderEquity": 26056720000, "netTangibleAssets": 23786580000}, {"maxAge": 1, "endDate": "2017-03-31", "cash": 1238010000, "shortTermInvestments": 254360000, "netReceivables": 13504190000, "inventory": 12810020000, "otherCurrentAssets": 5068420000, "totalCurrentAssets": 34291990000, "longTermInvestments": 79530000, "propertyPlantEquipment": 35574610000, "goodWill": 1741170000, "intangibleAssets": 138090000, "otherAssets": 1457770000, "deferredLongTermAssetCharges": 702160000, "totalAssets": 73283160000, "accountsPayable": 7517330000, "shortLongTermDebt": 1232770000, "otherCurrentLiab": 2732420000, "longTermDebt": 20160160000, "otherLiab": 4521310000, "minorityInterest": 355270000, "totalCurrentLiabilities": 24274940000, "totalLiab": 48956410000, "commonStock": 1004730000, "retainedEarnings": 16614610000, "treasuryStock": 3114020000, "capitalSurplus": 3238120000, "otherStockholderEquity": 3114020000, "totalStockholderEquity": 23971480000, "netTangibleAssets": 22092220000}], "maxAge": 86400}, "financialData": {"maxAge": 86400, "currentPrice": 79.5, "recommendationKey": "none", "totalCash": 9977499648, "totalCashPerShare": 9.935, "ebitda": 12978650112, "totalDebt": 27836499968, "totalRevenue": 68217921536, "debtToEquity": 81.402, "revenuePerShare": 67.917, "grossProfits": 33718980000, "earningsGrowth": 1.466, "revenueGrowth": 0.218, "grossMargins": 0.51447, "ebitdaMargins": 0.19025, "operatingMargins": 0.12542, "profitMargins": 0.07258, "financialCurrency": "INR"}}}