{"WENDT.NS": {"assetProfile": {"address1": "#69/70, SIPCOT Industrial Complex", "city": "Hosur", "zip": "635126", "country": "India", "phone": "91 43 4427 6851", "fax": "91 43 4440 5620", "website": "http://www.wendtindia.com", "industry": "Tools & Accessories", "sector": "Industrials", "longBusinessSummary": "Wendt (India) Limited, together with its subsidiaries, manufactures and sells super abrasives, high precision grinding, honing, special purpose machines, and high precision components in India and internationally. The company operates through two segment, Super Abrasives; and Machines, Accessories and Components. The company offers super abrasives, including resin bonds, metal bonds, hybrid wheels, vitrified bonds, electroplated bonds, rotary diamond dressers, hones, stationary diamond dressers, PCD/PCBN tools and wear parts, brazed products, and diamond segments and pellets. It also provides grinding, dressing, and honing machines; precision components, such as hardened and ground flanges; single point, natural point diamond, chisel type, grit impregnated, cluster type, multi-point indexable, blade type, and MCD-blade type diamond dressers; and resin bond diamond wheels, electroplated diamond mounted points, electroplated files, dressing stones, and diamond lapping compounds, as well as diamond disc for grinding and hacking concrete. In addition, the company offers machine refurbishing products, surface finishing solutions, flokings, and accessories and equipment; and finishing films and fine grinding wheels. Its products are used in industries, including refractory, ceramics, construction, glass and composite, cutting tools, steel, and textile and paper. The company also exports its products. Wendt (India) Limited was incorporated in 1980 and is headquartered in Hosur, India.", "companyOfficers": [{"maxAge": 1, "name": "Mr. Mukesh Kumar Hamirwasia", "age": 48, "title": "AVP & CFO", "yearBorn": 1972, "fiscalYear": 2020, "totalPay": 4243000, "exercisedValue": 0, "unexercisedValue": 0}, {"maxAge": 1, "name": "Ms. Janani  T. A.", "title": "Compliance Officer & Company Sec.", "fiscalYear": 2020, "totalPay": 0, "exercisedValue": 0, "unexercisedValue": 0}, {"maxAge": 1, "name": "M. S. Venkatesh", "age": 54, "title": "Unit Head", "yearBorn": 1966, "exercisedValue": 0, "unexercisedValue": 0}, {"maxAge": 1, "name": "Mr. S.  Sundariya", "age": 55, "title": "Bus. Head of Machines & Components", "yearBorn": 1965, "exercisedValue": 0, "unexercisedValue": 0}, {"maxAge": 1, "name": "P. Santosh Kulkarni", "age": 49, "title": "Marketing Head of SA - Domestic & Exports", "yearBorn": 1971, "exercisedValue": 0, "unexercisedValue": 0}, {"maxAge": 1, "name": "Mr. C.  Srikanth", "age": 54, "title": "Chief Exec. Officer", "yearBorn": 1966, "exercisedValue": 0, "unexercisedValue": 0}, {"maxAge": 1, "name": "Dr. Prabhu  Ramanujam", "title": "Head of Technology and R&D", "exercisedValue": 0, "unexercisedValue": 0}, {"maxAge": 1, "name": "C.  Satheesh", "age": 48, "title": "Assistant Gen. Mang. at HR", "yearBorn": 1972, "exercisedValue": 0, "unexercisedValue": 0}, {"maxAge": 1, "name": "Uday R. B.", "age": 50, "title": "Sr. Gen. Mang. of SA Manufacturing", "yearBorn": 1970, "exercisedValue": 0, "unexercisedValue": 0}, {"maxAge": 1, "name": "Prasanna H. K. Kumar", "age": 58, "title": "Gen. Mang. of TQM, Lean & Management Standards", "yearBorn": 1962, "exercisedValue": 0, "unexercisedValue": 0}], "compensationAsOfEpochDate": "2020-12-31 05:30:00", "maxAge": 86400}, "recommendationTrend": {"trend": [{"period": "0m", "strongBuy": 0, "buy": 0, "hold": 0, "sell": 0, "strongSell": 0}, {"period": "-1m", "strongBuy": 0, "buy": 1, "hold": 0, "sell": 0, "strongSell": 0}, {"period": "-2m", "strongBuy": 0, "buy": 1, "hold": 0, "sell": 0, "strongSell": 0}, {"period": "-3m", "strongBuy": 0, "buy": 1, "hold": 0, "sell": 0, "strongSell": 0}], "maxAge": 86400}, "cashflowStatementHistory": {"cashflowStatements": [{"maxAge": 1, "endDate": "2021-03-31", "netIncome": 127700000, "depreciation": 89300000, "changeToNetincome": -24900000, "changeToAccountReceivables": -106400000, "changeToLiabilities": 34500000, "changeToInventory": 29200000, "changeToOperatingActivities": -67200000, "totalCashFromOperatingActivities": 82200000, "capitalExpenditures": -102400000, "investments": 84600000, "otherCashflowsFromInvestingActivities": 1800000, "totalCashflowsFromInvestingActivities": -14800000, "dividendsPaid": -70000000, "netBorrowings": 10000000, "otherCashflowsFromFinancingActivities": -300000, "totalCashFromFinancingActivities": -60300000, "effectOfExchangeRate": -700000, "changeInCash": 6400000}, {"maxAge": 1, "endDate": "2020-03-31", "netIncome": 100253000, "depreciation": 91930000, "changeToNetincome": -37372000, "changeToAccountReceivables": 49064000, "changeToLiabilities": -26118000, "changeToInventory": -31064000, "changeToOperatingActivities": 9010000, "totalCashFromOperatingActivities": 158700000, "capitalExpenditures": -119870000, "investments": 4606000, "otherCashflowsFromInvestingActivities": 2115000, "totalCashflowsFromInvestingActivities": -115127000, "dividendsPaid": -30000000, "netBorrowings": 10000000, "otherCashflowsFromFinancingActivities": -3325000, "totalCashFromFinancingActivities": -33325000, "effectOfExchangeRate": 16812000, "changeInCash": 27060000}, {"maxAge": 1, "endDate": "2019-03-31", "netIncome": 154134000, "depreciation": 99085000, "changeToNetincome": -38929000, "changeToAccountReceivables": 53709000, "changeToLiabilities": 54547000, "changeToInventory": -34537000, "changeToOperatingActivities": 34816000, "totalCashFromOperatingActivities": 326533000, "capitalExpenditures": -96963000, "investments": -159091000, "otherCashflowsFromInvestingActivities": 8622000, "totalCashflowsFromInvestingActivities": -236495000, "dividendsPaid": -60000000, "netBorrowings": 10000000, "otherCashflowsFromFinancingActivities": -10629000, "totalCashFromFinancingActivities": -70629000, "effectOfExchangeRate": 11487000, "changeInCash": 30896000}, {"maxAge": 1, "endDate": "2018-03-31", "netIncome": 131240000, "depreciation": 100840000, "changeToNetincome": -7158000, "changeToAccountReceivables": -58345000, "changeToLiabilities": 53654000, "changeToInventory": -4261000, "changeToOperatingActivities": 15565000, "totalCashFromOperatingActivities": 234989000, "capitalExpenditures": -56002000, "investments": -96764000, "otherCashflowsFromInvestingActivities": 5781000, "totalCashflowsFromInvestingActivities": -150345000, "dividendsPaid": -50000000, "netBorrowings": 10000000, "otherCashflowsFromFinancingActivities": -10731000, "totalCashFromFinancingActivities": -60731000, "effectOfExchangeRate": 18413000, "changeInCash": 42326000}], "maxAge": 86400}, "indexTrend": {"maxAge": 1, "symbol": "SP5", "peRatio": 19.7411, "pegRatio": 1.34172, "estimates": [{"period": "0q", "growth": 0.549}, {"period": "+1q", "growth": 0.431}, {"period": "0y", "growth": 0.305}, {"period": "+1y", "growth": 0.109}, {"period": "+5y", "growth": 0.120865}, {"period": "-5y"}]}, "defaultKeyStatistics": {"maxAge": 1, "priceHint": 2, "enterpriseValue": 5946060288, "forwardPE": 37.953255, "profitMargins": 0.09347, "floatShares": 439023, "sharesOutstanding": 2000000, "heldPercentInsiders": 0.82392997, "heldPercentInstitutions": 0.02617, "beta": 1.002284, "category": null, "bookValue": 715.818, "priceToBook": 4.491924, "fundFamily": null, "legalType": null, "lastFiscalYearEnd": "2021-03-31 05:30:00", "nextFiscalYearEnd": "2023-03-31 05:30:00", "mostRecentQuarter": "2021-03-31 05:30:00", "netIncomeToCommon": 127700000, "trailingEps": 63.83, "forwardEps": 84.72, "lastSplitFactor": null, "enterpriseToRevenue": 4.352, "enterpriseToEbitda": 27.028}, "industryTrend": {"maxAge": 1, "symbol": null, "estimates": []}, "quoteType": {"exchange": "NSI", "quoteType": "EQUITY", "symbol": "WENDT.NS", "underlyingSymbol": "WENDT.NS", "shortName": "WENDT (INDIA)", "longName": "Wendt (India) Limited", "firstTradeDateEpochUtc": "2006-08-07 09:15:00", "timeZoneFullName": "Asia/Kolkata", "timeZoneShortName": "IST", "uuid": "0a8e9b04-535c-3d34-bdbc-9a8b915856c3", "gmtOffSetMilliseconds": 19800000, "maxAge": 1}, "incomeStatementHistory": {"incomeStatementHistory": [{"maxAge": 1, "endDate": "2021-03-31", "totalRevenue": 1366200000, "costOfRevenue": 502000000, "grossProfit": 864200000, "researchDevelopment": {}, "sellingGeneralAdministrative": 314500000, "nonRecurring": {}, "otherOperatingExpenses": 329700000, "totalOperatingExpenses": 1235500000, "operatingIncome": 130700000, "totalOtherIncomeExpenseNet": 39300000, "ebit": 130700000, "interestExpense": -300000, "incomeBeforeTax": 170000000, "incomeTaxExpense": 42300000, "minorityInterest": {}, "netIncomeFromContinuingOps": 127700000, "discontinuedOperations": {}, "extraordinaryItems": {}, "effectOfAccountingCharges": {}, "otherItems": {}, "netIncome": 127700000, "netIncomeApplicableToCommonShares": 127700000}, {"maxAge": 1, "endDate": "2020-03-31", "totalRevenue": 1432317000, "costOfRevenue": 522184000, "grossProfit": 910133000, "researchDevelopment": {}, "sellingGeneralAdministrative": 369904000, "nonRecurring": {}, "otherOperatingExpenses": 351954000, "totalOperatingExpenses": 1339667000, "operatingIncome": 92650000, "totalOtherIncomeExpenseNet": 43471000, "ebit": 92650000, "interestExpense": -291000, "incomeBeforeTax": 136121000, "incomeTaxExpense": 35868000, "minorityInterest": {}, "netIncomeFromContinuingOps": 100253000, "discontinuedOperations": {}, "extraordinaryItems": {}, "effectOfAccountingCharges": {}, "otherItems": {}, "netIncome": 100253000, "netIncomeApplicableToCommonShares": 100253000}, {"maxAge": 1, "endDate": "2019-03-31", "totalRevenue": 1645521000, "costOfRevenue": 579113000, "grossProfit": 1066408000, "researchDevelopment": {}, "sellingGeneralAdministrative": 356643000, "nonRecurring": {}, "otherOperatingExpenses": 402233000, "totalOperatingExpenses": 1446522000, "operatingIncome": 198999000, "totalOtherIncomeExpenseNet": 20264000, "ebit": 198999000, "interestExpense": -50000, "incomeBeforeTax": 219263000, "incomeTaxExpense": 65129000, "minorityInterest": {}, "netIncomeFromContinuingOps": 154134000, "discontinuedOperations": {}, "extraordinaryItems": {}, "effectOfAccountingCharges": {}, "otherItems": {}, "netIncome": 154134000, "netIncomeApplicableToCommonShares": 154134000}, {"maxAge": 1, "endDate": "2018-03-31", "totalRevenue": 1466842000, "costOfRevenue": 535075000, "grossProfit": 931767000, "researchDevelopment": {}, "sellingGeneralAdministrative": 311969000, "nonRecurring": {}, "otherOperatingExpenses": 352912000, "totalOperatingExpenses": 1305312000, "operatingIncome": 161530000, "totalOtherIncomeExpenseNet": 18876000, "ebit": 161530000, "interestExpense": -1964000, "incomeBeforeTax": 180406000, "incomeTaxExpense": 49166000, "minorityInterest": {}, "netIncomeFromContinuingOps": 131240000, "discontinuedOperations": {}, "extraordinaryItems": {}, "effectOfAccountingCharges": {}, "otherItems": {}, "netIncome": 131240000, "netIncomeApplicableToCommonShares": 131240000}], "maxAge": 86400}, "fundOwnership": {"ownershipList": [], "maxAge": 1}, "summaryDetail": {"maxAge": 1, "priceHint": 2, "previousClose": 3228.75, "open": 3210.0, "dayLow": 3152.0, "dayHigh": 3250.0, "regularMarketPreviousClose": 3228.75, "regularMarketOpen": 3210.0, "regularMarketDayLow": 3152.0, "regularMarketDayHigh": 3250.0, "dividendRate": 30.0, "dividendYield": 0.0093, "exDividendDate": "2021-07-15 05:30:00", "payoutRatio": 0.7463, "fiveYearAvgDividendYield": 1.03, "beta": 1.002284, "trailingPE": 50.374428, "forwardPE": 37.953255, "volume": 588, "regularMarketVolume": 588, "averageVolume": 3545, "averageVolume10days": 242, "averageDailyVolume10Day": 242, "bid": 0.0, "ask": 0.0, "bidSize": 0, "askSize": 0, "marketCap": 6454690304, "fiftyTwoWeekLow": 1825.05, "fiftyTwoWeekHigh": 4275.7, "priceToSalesTrailing12Months": 4.7245574, "fiftyDayAverage": 3232.4636, "twoHundredDayAverage": 3215.9536, "trailingAnnualDividendRate": 30.0, "trailingAnnualDividendYield": 0.009291521, "currency": "INR", "fromCurrency": null, "lastMarket": null, "algorithm": null, "tradeable": false}, "insiderHolders": {"holders": [], "maxAge": 1}, "calendarEvents": {"maxAge": 1, "earnings": {"earningsDate": [], "revenueAverage": 364600000}, "exDividendDate": "2021-07-15 05:30:00"}, "upgradeDowngradeHistory": {"history": [], "maxAge": 86400}, "price": {"maxAge": 1, "regularMarketChangePercent": -0.0041347574, "regularMarketChange": -13.350098, "regularMarketTime": "2021-04-30 15:28:59", "priceHint": 2, "regularMarketPrice": 3215.4, "regularMarketDayHigh": 3250.0, "regularMarketDayLow": 3152.0, "regularMarketVolume": 588, "averageDailyVolume10Day": 242, "averageDailyVolume3Month": 3545, "regularMarketPreviousClose": 3228.75, "regularMarketSource": "FREE_REALTIME", "regularMarketOpen": 3210.0, "exchange": "NSI", "exchangeName": "NSE", "exchangeDataDelayedBy": 15, "marketState": "CLOSED", "quoteType": "EQUITY", "symbol": "WENDT.NS", "underlyingSymbol": null, "shortName": "WENDT (INDIA)", "longName": "Wendt (India) Limited", "currency": "INR", "quoteSourceName": "Delayed Quote", "currencySymbol": "\u20b9", "fromCurrency": null, "lastMarket": null, "marketCap": 6454690304}, "balanceSheetHistory": {"balanceSheetStatements": [{"maxAge": 1, "endDate": "2021-03-31", "cash": 145500000, "shortTermInvestments": 385700000, "netReceivables": 364200000, "inventory": 249400000, "otherCurrentAssets": 57000000, "totalCurrentAssets": 1201800000, "propertyPlantEquipment": 565100000, "goodWill": 1000000, "intangibleAssets": 6100000, "otherAssets": 75800000, "totalAssets": 1849800000, "accountsPayable": 249600000, "otherCurrentLiab": 94600000, "otherLiab": 15500000, "totalCurrentLiabilities": 400500000, "totalLiab": 416000000, "commonStock": 20000000, "treasuryStock": 1413800000, "otherStockholderEquity": 1413800000, "totalStockholderEquity": 1433800000, "netTangibleAssets": 1426700000}, {"maxAge": 1, "endDate": "2020-03-31", "cash": 136386000, "shortTermInvestments": 3477000, "netReceivables": 288544000, "inventory": 278629000, "otherCurrentAssets": 99025000, "totalCurrentAssets": 1184502000, "propertyPlantEquipment": 570348000, "goodWill": 1027000, "intangibleAssets": 11101000, "otherAssets": 60948000, "totalAssets": 1827926000, "accountsPayable": 218157000, "otherCurrentLiab": 138983000, "otherLiab": 16951000, "totalCurrentLiabilities": 434210000, "totalLiab": 451161000, "commonStock": 20000000, "retainedEarnings": 1315345000, "treasuryStock": 41420000, "otherStockholderEquity": 41420000, "totalStockholderEquity": 1376765000, "netTangibleAssets": 1364637000}, {"maxAge": 1, "endDate": "2019-03-31", "cash": 109326000, "shortTermInvestments": 1847000, "netReceivables": 335005000, "inventory": 247565000, "otherCurrentAssets": 85435000, "totalCurrentAssets": 1165741000, "propertyPlantEquipment": 584010000, "goodWill": 1027000, "intangibleAssets": 13814000, "otherAssets": 33311000, "totalAssets": 1797903000, "accountsPayable": 244249000, "otherCurrentLiab": 159640000, "otherLiab": 30262000, "totalCurrentLiabilities": 465067000, "totalLiab": 495329000, "commonStock": 20000000, "retainedEarnings": 1257966000, "treasuryStock": 24608000, "otherStockholderEquity": 24608000, "totalStockholderEquity": 1302574000, "netTangibleAssets": 1287733000}, {"maxAge": 1, "endDate": "2018-03-31", "cash": 78430000, "shortTermInvestments": 70000, "netReceivables": 376693000, "inventory": 213028000, "otherCurrentAssets": 58443000, "totalCurrentAssets": 976171000, "propertyPlantEquipment": 565859000, "goodWill": 1027000, "intangibleAssets": 21477000, "otherAssets": 34798000, "totalAssets": 1599332000, "accountsPayable": 193358000, "otherCurrentLiab": 96838000, "otherLiab": 39737000, "totalCurrentLiabilities": 343347000, "totalLiab": 383084000, "commonStock": 20000000, "retainedEarnings": 1183127000, "treasuryStock": 13121000, "otherStockholderEquity": 13121000, "totalStockholderEquity": 1216248000, "netTangibleAssets": 1193744000}], "maxAge": 86400}, "earningsTrend": {"trend": [{"maxAge": 1, "period": "0q", "endDate": "2017-12-31", "growth": {}, "earningsEstimate": {"avg": 0.0, "low": 0.0, "high": 0.0, "yearAgoEps": {}, "numberOfAnalysts": 0, "growth": {}}, "revenueEstimate": {"avg": 364600000, "low": 0, "high": 0, "numberOfAnalysts": 0, "yearAgoRevenue": {}, "growth": {}}, "epsTrend": {"current": 0.0, "7daysAgo": 0.0, "30daysAgo": 0.0, "60daysAgo": 0.0, "90daysAgo": 0.0}, "epsRevisions": {"upLast7days": 0, "upLast30days": 0, "downLast30days": 0, "downLast90days": {}}}, {"maxAge": 1, "period": "+1q", "endDate": "2018-03-31", "growth": {}, "earningsEstimate": {"avg": 0.0, "low": 0.0, "high": 0.0, "yearAgoEps": {}, "numberOfAnalysts": 0, "growth": {}}, "revenueEstimate": {"avg": 0, "low": 0, "high": 0, "numberOfAnalysts": 0, "yearAgoRevenue": {}, "growth": {}}, "epsTrend": {"current": 0.0, "7daysAgo": 0.0, "30daysAgo": 0.0, "60daysAgo": 0.0, "90daysAgo": 0.0}, "epsRevisions": {"upLast7days": 0, "upLast30days": 0, "downLast30days": 0, "downLast90days": {}}}, {"maxAge": 1, "period": "0y", "endDate": "2018-03-31", "growth": 0.216, "earningsEstimate": {"avg": 73.3, "low": 73.3, "high": 73.3, "yearAgoEps": 60.26, "numberOfAnalysts": 1, "growth": 0.216}, "revenueEstimate": {"avg": 1746860000, "low": 1746860000, "high": 1746860000, "numberOfAnalysts": 1, "yearAgoRevenue": 1446600000, "growth": 0.20799999}, "epsTrend": {"current": 73.3, "7daysAgo": 73.3, "30daysAgo": 73.3, "60daysAgo": 73.3, "90daysAgo": 73.3}, "epsRevisions": {"upLast7days": 0, "upLast30days": 0, "downLast30days": 0, "downLast90days": {}}}, {"maxAge": 1, "period": "+1y", "endDate": "2019-03-31", "growth": 0.156, "earningsEstimate": {"avg": 84.72, "low": 84.72, "high": 84.72, "yearAgoEps": 73.3, "numberOfAnalysts": 1, "growth": 0.156}, "revenueEstimate": {"avg": 1921550000, "low": 1921550000, "high": 1921550000, "numberOfAnalysts": 1, "yearAgoRevenue": 1746860000, "growth": 0.1}, "epsTrend": {"current": 84.72, "7daysAgo": 84.72, "30daysAgo": 84.72, "60daysAgo": 84.72, "90daysAgo": 84.72}, "epsRevisions": {"upLast7days": 0, "upLast30days": 0, "downLast30days": 0, "downLast90days": {}}}, {"maxAge": 1, "period": "+5y", "endDate": null, "growth": {}, "earningsEstimate": {"avg": {}, "low": {}, "high": {}, "yearAgoEps": {}, "numberOfAnalysts": {}, "growth": {}}, "revenueEstimate": {"avg": {}, "low": {}, "high": {}, "numberOfAnalysts": {}, "yearAgoRevenue": {}, "growth": {}}, "epsTrend": {"current": {}, "7daysAgo": {}, "30daysAgo": {}, "60daysAgo": {}, "90daysAgo": {}}, "epsRevisions": {"upLast7days": {}, "upLast30days": {}, "downLast30days": {}, "downLast90days": {}}}, {"maxAge": 1, "period": "-5y", "endDate": null, "growth": {}, "earningsEstimate": {"avg": {}, "low": {}, "high": {}, "yearAgoEps": {}, "numberOfAnalysts": {}, "growth": {}}, "revenueEstimate": {"avg": {}, "low": {}, "high": {}, "numberOfAnalysts": {}, "yearAgoRevenue": {}, "growth": {}}, "epsTrend": {"current": {}, "7daysAgo": {}, "30daysAgo": {}, "60daysAgo": {}, "90daysAgo": {}}, "epsRevisions": {"upLast7days": {}, "upLast30days": {}, "downLast30days": {}, "downLast90days": {}}}], "maxAge": 1}, "institutionOwnership": {"ownershipList": [], "maxAge": 1}, "majorHoldersBreakdown": {"maxAge": 1, "insidersPercentHeld": 0.82392997, "institutionsPercentHeld": 0.02617, "institutionsFloatPercentHeld": 0.14863, "institutionsCount": 1}, "balanceSheetHistoryQuarterly": {"balanceSheetStatements": [{"maxAge": 1, "endDate": "2021-03-31", "cash": 145500000, "shortTermInvestments": 385700000, "netReceivables": 364200000, "inventory": 249400000, "otherCurrentAssets": 57000000, "totalCurrentAssets": 1201800000, "propertyPlantEquipment": 565100000, "goodWill": 1000000, "intangibleAssets": 6100000, "otherAssets": 75800000, "totalAssets": 1849800000, "accountsPayable": 249600000, "otherCurrentLiab": 94600000, "otherLiab": 15500000, "totalCurrentLiabilities": 400500000, "totalLiab": 416000000, "commonStock": 20000000, "treasuryStock": 1413800000, "otherStockholderEquity": 1413800000, "totalStockholderEquity": 1433800000, "netTangibleAssets": 1426700000}, {"maxAge": 1, "endDate": "2020-12-31", "totalStockholderEquity": 1367300000, "netTangibleAssets": 1357400000}, {"maxAge": 1, "endDate": "2020-09-30", "cash": 227900000, "shortTermInvestments": 332100000, "netReceivables": 281400000, "inventory": 226500000, "otherCurrentAssets": 73500000, "totalCurrentAssets": 1141400000, "propertyPlantEquipment": 541700000, "goodWill": 1000000, "intangibleAssets": 8900000, "otherAssets": 79300000, "totalAssets": 1772300000, "accountsPayable": 179700000, "otherCurrentLiab": 169600000, "otherLiab": 18100000, "totalCurrentLiabilities": 386900000, "totalLiab": 405000000, "commonStock": 20000000, "treasuryStock": 1347300000, "otherStockholderEquity": 1347300000, "totalStockholderEquity": 1367300000, "netTangibleAssets": 1357400000}, {"maxAge": 1, "endDate": "2020-06-30", "totalStockholderEquity": 1376765000, "netTangibleAssets": 1364637000}], "maxAge": 86400}, "earningsHistory": {"history": [{"maxAge": 1, "epsActual": {}, "epsEstimate": {}, "epsDifference": {}, "surprisePercent": {}, "quarter": {}, "period": "-4q"}, {"maxAge": 1, "epsActual": {}, "epsEstimate": {}, "epsDifference": {}, "surprisePercent": {}, "quarter": {}, "period": "-3q"}, {"maxAge": 1, "epsActual": 11.4, "epsEstimate": 19.16, "epsDifference": -7.76, "surprisePercent": -0.405, "quarter": "2017-06-30", "period": "-2q"}, {"maxAge": 1, "epsActual": 13.25, "epsEstimate": 12.55, "epsDifference": 0.7, "surprisePercent": 0.055999998, "quarter": "2017-09-30", "period": "-1q"}], "maxAge": 86400}, "summaryProfile": {"address1": "#69/70, SIPCOT Industrial Complex", "city": "Hosur", "zip": "635126", "country": "India", "phone": "91 43 4427 6851", "fax": "91 43 4440 5620", "website": "http://www.wendtindia.com", "industry": "Tools & Accessories", "sector": "Industrials", "longBusinessSummary": "Wendt (India) Limited, together with its subsidiaries, manufactures and sells super abrasives, high precision grinding, honing, special purpose machines, and high precision components in India and internationally. The company operates through two segment, Super Abrasives; and Machines, Accessories and Components. The company offers super abrasives, including resin bonds, metal bonds, hybrid wheels, vitrified bonds, electroplated bonds, rotary diamond dressers, hones, stationary diamond dressers, PCD/PCBN tools and wear parts, brazed products, and diamond segments and pellets. It also provides grinding, dressing, and honing machines; precision components, such as hardened and ground flanges; single point, natural point diamond, chisel type, grit impregnated, cluster type, multi-point indexable, blade type, and MCD-blade type diamond dressers; and resin bond diamond wheels, electroplated diamond mounted points, electroplated files, dressing stones, and diamond lapping compounds, as well as diamond disc for grinding and hacking concrete. In addition, the company offers machine refurbishing products, surface finishing solutions, flokings, and accessories and equipment; and finishing films and fine grinding wheels. Its products are used in industries, including refractory, ceramics, construction, glass and composite, cutting tools, steel, and textile and paper. The company also exports its products. Wendt (India) Limited was incorporated in 1980 and is headquartered in Hosur, India.", "companyOfficers": [], "maxAge": 86400}, "netSharePurchaseActivity": {"maxAge": 1, "period": "6m", "buyInfoCount": 0, "buyInfoShares": 0, "sellInfoCount": 0, "netInfoCount": 0, "netInfoShares": 0, "netPercentInsiderShares": 0.0, "totalInsiderShares": 1650350}, "sectorTrend": {"maxAge": 1, "symbol": null, "estimates": []}, "incomeStatementHistoryQuarterly": {"incomeStatementHistory": [{"maxAge": 1, "endDate": "2021-03-31", "totalRevenue": 456200000, "costOfRevenue": 167600000, "grossProfit": 288600000, "researchDevelopment": {}, "sellingGeneralAdministrative": 88300000, "nonRecurring": {}, "otherOperatingExpenses": 113700000, "totalOperatingExpenses": 392000000, "operatingIncome": 64200000, "totalOtherIncomeExpenseNet": 5800000, "ebit": 64200000, "interestExpense": -100000, "incomeBeforeTax": 70000000, "incomeTaxExpense": 17000000, "minorityInterest": {}, "netIncomeFromContinuingOps": 53000000, "discontinuedOperations": {}, "extraordinaryItems": {}, "effectOfAccountingCharges": {}, "otherItems": {}, "netIncome": 53000000, "netIncomeApplicableToCommonShares": 53000000}, {"maxAge": 1, "endDate": "2020-12-31", "totalRevenue": 357700000, "costOfRevenue": 120500000, "grossProfit": 237200000, "researchDevelopment": {}, "sellingGeneralAdministrative": 78600000, "nonRecurring": {}, "otherOperatingExpenses": 90400000, "totalOperatingExpenses": 311700000, "operatingIncome": 46000000, "totalOtherIncomeExpenseNet": 10900000, "ebit": 46000000, "interestExpense": -100000, "incomeBeforeTax": 56900000, "incomeTaxExpense": 14200000, "minorityInterest": {}, "netIncomeFromContinuingOps": 42700000, "discontinuedOperations": {}, "extraordinaryItems": {}, "effectOfAccountingCharges": {}, "otherItems": {}, "netIncome": 42700000, "netIncomeApplicableToCommonShares": 42700000}, {"maxAge": 1, "endDate": "2020-09-30", "totalRevenue": 327700000, "costOfRevenue": 125100000, "grossProfit": 202600000, "researchDevelopment": {}, "sellingGeneralAdministrative": 73000000, "nonRecurring": {}, "otherOperatingExpenses": 76700000, "totalOperatingExpenses": 296900000, "operatingIncome": 30800000, "totalOtherIncomeExpenseNet": 6500000, "ebit": 30800000, "interestExpense": -200000, "incomeBeforeTax": 37300000, "incomeTaxExpense": 9400000, "minorityInterest": {}, "netIncomeFromContinuingOps": 27900000, "discontinuedOperations": {}, "extraordinaryItems": {}, "effectOfAccountingCharges": {}, "otherItems": {}, "netIncome": 27900000, "netIncomeApplicableToCommonShares": 27900000}, {"maxAge": 1, "endDate": "2020-06-30", "totalRevenue": 224600000, "costOfRevenue": 88800000, "grossProfit": 135800000, "researchDevelopment": {}, "sellingGeneralAdministrative": 74600000, "nonRecurring": {}, "otherOperatingExpenses": 48900000, "totalOperatingExpenses": 234900000, "operatingIncome": -10300000, "totalOtherIncomeExpenseNet": 16100000, "ebit": -10300000, "interestExpense": -200000, "incomeBeforeTax": 5800000, "incomeTaxExpense": 1700000, "minorityInterest": {}, "netIncomeFromContinuingOps": 4100000, "discontinuedOperations": {}, "extraordinaryItems": {}, "effectOfAccountingCharges": {}, "otherItems": {}, "netIncome": 4100000, "netIncomeApplicableToCommonShares": 4100000}], "maxAge": 86400}, "cashflowStatementHistoryQuarterly": {"cashflowStatements": [{"maxAge": 1, "endDate": "2021-03-31", "netIncome": 53000000, "changeToLiabilities": 0}, {"maxAge": 1, "endDate": "2020-12-31", "netIncome": 42700000, "changeToLiabilities": 0}, {"maxAge": 1, "endDate": "2020-09-30", "netIncome": 27900000, "changeToLiabilities": 0}, {"maxAge": 1, "endDate": "2020-06-30", "netIncome": 4100000, "changeToLiabilities": 0}], "maxAge": 86400}, "earnings": {"maxAge": 86400, "earningsChart": {"quarterly": [{"date": "2Q2017", "actual": 11.4, "estimate": 19.16}, {"date": "3Q2017", "actual": 13.25, "estimate": 12.55}], "currentQuarterEstimateDate": "4Q", "currentQuarterEstimateYear": 2017, "earningsDate": []}, "financialsChart": {"yearly": [{"date": 2018, "revenue": 1466842000, "earnings": 131240000}, {"date": 2019, "revenue": 1645521000, "earnings": 154134000}, {"date": 2020, "revenue": 1432317000, "earnings": 100253000}, {"date": 2021, "revenue": 1366200000, "earnings": 127700000}], "quarterly": [{"date": "2Q2020", "revenue": 224600000, "earnings": 4100000}, {"date": "3Q2020", "revenue": 327700000, "earnings": 27900000}, {"date": "4Q2020", "revenue": 357700000, "earnings": 42700000}, {"date": "1Q2021", "revenue": 456200000, "earnings": 53000000}]}, "financialCurrency": "INR"}, "financialData": {"maxAge": 86400, "currentPrice": 3215.4, "targetHighPrice": 1950.0, "targetLowPrice": 1950.0, "targetMeanPrice": 1950.0, "targetMedianPrice": 1950.0, "recommendationMean": 2.0, "recommendationKey": "buy", "numberOfAnalystOpinions": 1, "totalCash": 531200000, "totalCashPerShare": 265.199, "ebitda": 220000000, "totalDebt": 10000000, "quickRatio": 2.236, "currentRatio": 3.001, "totalRevenue": 1366200064, "debtToEquity": 0.697, "revenuePerShare": 682.886, "returnOnAssets": 0.04442, "returnOnEquity": 0.09087, "grossProfits": 864200000, "freeCashflow": 37944000, "operatingCashflow": 82200000, "revenueGrowth": 0.735, "grossMargins": 0.63256, "ebitdaMargins": 0.16103001, "operatingMargins": 0.09567001, "profitMargins": 0.09347, "financialCurrency": "INR"}}}