{"WEPSOLN.BO": {"cashflowStatementHistory": {"cashflowStatements": [{"maxAge": 1, "endDate": "2020-03-31", "netIncome": -21207851, "depreciation": 122507808, "changeToNetincome": 25640456, "changeToAccountReceivables": -10594909, "changeToLiabilities": 12996226, "changeToInventory": -22944639, "changeToOperatingActivities": -21043888, "totalCashFromOperatingActivities": 91876424, "capitalExpenditures": -94805340, "otherCashflowsFromInvestingActivities": 41789, "totalCashflowsFromInvestingActivities": -95380791, "netBorrowings": 16356775, "otherCashflowsFromFinancingActivities": -13360502, "totalCashFromFinancingActivities": 4067273, "changeInCash": 562906, "issuanceOfStock": 1071000}, {"maxAge": 1, "endDate": "2019-03-31", "netIncome": -31377407, "depreciation": 102957336, "changeToNetincome": 15668640, "changeToAccountReceivables": -21210296, "changeToLiabilities": -41385594, "changeToInventory": 15396707, "changeToOperatingActivities": 16679865, "totalCashFromOperatingActivities": 64418519, "capitalExpenditures": -97465011, "otherCashflowsFromInvestingActivities": 21644, "totalCashflowsFromInvestingActivities": -111330602, "netBorrowings": 12357641, "otherCashflowsFromFinancingActivities": -11166938, "totalCashFromFinancingActivities": 47057703, "changeInCash": 145620, "issuanceOfStock": 45867000}, {"maxAge": 1, "endDate": "2018-03-31", "netIncome": -14725503, "depreciation": 92191218, "changeToNetincome": 7073638, "changeToAccountReceivables": -18543466, "changeToLiabilities": -12955268, "changeToInventory": 14838600, "changeToOperatingActivities": -6047034, "totalCashFromOperatingActivities": 65908894, "capitalExpenditures": -108130401, "otherCashflowsFromInvestingActivities": 1204759, "totalCashflowsFromInvestingActivities": -113689568, "netBorrowings": 40777821, "otherCashflowsFromFinancingActivities": 5183720, "totalCashFromFinancingActivities": 46390541, "changeInCash": -1390133, "issuanceOfStock": 429000}, {"maxAge": 1, "endDate": "2017-03-31", "netIncome": 3897488, "depreciation": 77159376, "changeToNetincome": 9608753, "changeToAccountReceivables": 32000057, "changeToLiabilities": -22706043, "changeToInventory": 62676228, "changeToOperatingActivities": -21104449, "totalCashFromOperatingActivities": 144206439, "capitalExpenditures": -145240848, "otherCashflowsFromInvestingActivities": 693961, "totalCashflowsFromInvestingActivities": -146133849, "netBorrowings": -86528356, "otherCashflowsFromFinancingActivities": -11950612, "totalCashFromFinancingActivities": 2283032, "changeInCash": 355622, "issuanceOfStock": 100762000}], "maxAge": 86400}, "institutionOwnership": {"maxAge": 1, "ownershipList": []}, "balanceSheetHistoryQuarterly": {"balanceSheetStatements": [{"maxAge": 1, "endDate": "2020-06-30", "totalStockholderEquity": 415556000, "netTangibleAssets": 404877000}, {"maxAge": 1, "endDate": "2020-03-31", "cash": 1124998, "netReceivables": 135011576, "inventory": 124445281, "otherCurrentAssets": 38685269, "totalCurrentAssets": 305407463, "propertyPlantEquipment": 332116105, "intangibleAssets": 10678974, "otherAssets": 82887842, "deferredLongTermAssetCharges": 37171888, "totalAssets": 731090384, "accountsPayable": 51329285, "shortLongTermDebt": 18296780, "otherCurrentLiab": 72143425, "longTermDebt": 57556970, "otherLiab": 14026576, "totalCurrentLiabilities": 231630868, "totalLiab": 315534191, "commonStock": 263169545, "retainedEarnings": -32427460, "treasuryStock": 40461600, "capitalSurplus": 144352508, "otherStockholderEquity": 40461600, "totalStockholderEquity": 415556193, "netTangibleAssets": 404877219}, {"maxAge": 1, "endDate": "2019-12-31", "totalStockholderEquity": 427394000, "netTangibleAssets": 414201000}, {"maxAge": 1, "endDate": "2019-09-30", "cash": 1958000, "shortTermInvestments": 2410000, "netReceivables": 142634000, "inventory": 96433000, "otherCurrentAssets": 35699000, "totalCurrentAssets": 279134000, "longTermInvestments": 10859000, "propertyPlantEquipment": 359331000, "intangibleAssets": 13193000, "otherAssets": 90638000, "deferredLongTermAssetCharges": 51174000, "totalAssets": 753155000, "accountsPayable": 43544000, "otherCurrentLiab": 175887000, "longTermDebt": 62632000, "otherLiab": 31109000, "totalCurrentLiabilities": 232020000, "totalLiab": 325761000, "commonStock": 262394000, "treasuryStock": 165000000, "otherStockholderEquity": 165000000, "totalStockholderEquity": 427394000, "netTangibleAssets": 414201000}], "maxAge": 86400}, "indexTrend": {"maxAge": 1, "symbol": "SP5", "peRatio": 19.7411, "pegRatio": 1.34172, "estimates": [{"period": "0q", "growth": 0.549}, {"period": "+1q", "growth": 0.431}, {"period": "0y", "growth": 0.305}, {"period": "+1y", "growth": 0.109}, {"period": "+5y", "growth": 0.120859005}, {"period": "-5y"}]}, "insiderTransactions": {"transactions": [{"maxAge": 1, "shares": 1032042, "filerUrl": "", "transactionText": "", "filerName": "Agarwal (Ram Narayan)", "filerRelation": "Non Executive Chairman", "moneyText": "", "startDate": "2020-03-19", "ownership": "D"}, {"maxAge": 1, "shares": 1032042, "filerUrl": "", "transactionText": "", "filerName": "WEP Peripherals Ltd", "filerRelation": "Promoter", "moneyText": "", "startDate": "2020-03-19", "ownership": "D"}, {"maxAge": 1, "shares": 600000, "filerUrl": "", "transactionText": "", "filerName": "WEP Peripherals Ltd", "filerRelation": "Promoter", "moneyText": "", "startDate": "2019-03-14", "ownership": "D"}, {"maxAge": 1, "shares": 4450, "filerUrl": "", "transactionText": "", "filerName": "WEP Peripherals Ltd", "filerRelation": "Promoter", "moneyText": "", "startDate": "2019-02-22", "ownership": "D"}, {"maxAge": 1, "shares": 8875, "filerUrl": "", "transactionText": "", "filerName": "WEP Peripherals Ltd", "filerRelation": "Promoter", "moneyText": "", "startDate": "2019-02-21", "ownership": "D"}, {"maxAge": 1, "shares": 1044994, "filerUrl": "", "transactionText": "", "filerName": "WEP Peripherals Ltd", "filerRelation": "Promoter", "moneyText": "", "startDate": "2019-02-19", "ownership": "D"}], "maxAge": 1}, "quoteType": {"exchange": "BSE", "quoteType": "EQUITY", "symbol": "WEPSOLN.BO", "underlyingSymbol": "WEPSOLN.BO", "shortName": "WEP SOLUTIONS LTD.", "longName": "WeP Solutions Limited", "firstTradeDateEpochUtc": "2000-11-08 09:15:00", "timeZoneFullName": "Asia/Kolkata", "timeZoneShortName": "IST", "uuid": "473e6b73-7c1a-3599-a643-4eb0e2a697be", "messageBoardId": null, "gmtOffSetMilliseconds": 19800000, "maxAge": 1}, "incomeStatementHistory": {"incomeStatementHistory": [{"maxAge": 1, "endDate": "2020-03-31", "totalRevenue": 683721909, "costOfRevenue": 254620328, "grossProfit": 429101581, "researchDevelopment": {}, "sellingGeneralAdministrative": 137154489, "nonRecurring": {}, "otherOperatingExpenses": 161782952, "totalOperatingExpenses": 682588798, "operatingIncome": 1133111, "totalOtherIncomeExpenseNet": -9725959, "ebit": 1133111, "interestExpense": -12506269, "incomeBeforeTax": -8592848, "incomeTaxExpense": 12615003, "minorityInterest": {}, "netIncomeFromContinuingOps": -21207851, "discontinuedOperations": {}, "extraordinaryItems": {}, "effectOfAccountingCharges": {}, "otherItems": {}, "netIncome": -21207851, "netIncomeApplicableToCommonShares": -21207851}, {"maxAge": 1, "endDate": "2019-03-31", "totalRevenue": 766972565, "costOfRevenue": 310545077, "grossProfit": 456427488, "researchDevelopment": {}, "sellingGeneralAdministrative": 191960898, "nonRecurring": {}, "otherOperatingExpenses": 179404262, "totalOperatingExpenses": 792819557, "operatingIncome": -25846992, "totalOtherIncomeExpenseNet": -6387978, "ebit": -25846992, "interestExpense": -9731370, "incomeBeforeTax": -32234970, "incomeTaxExpense": -857563, "minorityInterest": {}, "netIncomeFromContinuingOps": -31377407, "discontinuedOperations": {}, "extraordinaryItems": {}, "effectOfAccountingCharges": {}, "otherItems": {}, "netIncome": -31377407, "netIncomeApplicableToCommonShares": -31377407}, {"maxAge": 1, "endDate": "2018-03-31", "totalRevenue": 801171840, "costOfRevenue": 371768610, "grossProfit": 429403230, "researchDevelopment": {}, "sellingGeneralAdministrative": 177246319, "nonRecurring": {}, "otherOperatingExpenses": 169865121, "totalOperatingExpenses": 814649876, "operatingIncome": -13478036, "totalOtherIncomeExpenseNet": -4295508, "ebit": -13478036, "interestExpense": -7537795, "incomeBeforeTax": -17773544, "incomeTaxExpense": -3048041, "minorityInterest": {}, "netIncomeFromContinuingOps": -14725503, "discontinuedOperations": {}, "extraordinaryItems": {}, "effectOfAccountingCharges": {}, "otherItems": {}, "netIncome": -14725503, "netIncomeApplicableToCommonShares": -14725503}, {"maxAge": 1, "endDate": "2017-03-31", "totalRevenue": 781808457, "costOfRevenue": 390298568, "grossProfit": 391509889, "researchDevelopment": {}, "sellingGeneralAdministrative": 133656511, "nonRecurring": {}, "otherOperatingExpenses": 166514526, "totalOperatingExpenses": 769563858, "operatingIncome": 12244599, "totalOtherIncomeExpenseNet": -5659749, "ebit": 12244599, "interestExpense": -10424456, "incomeBeforeTax": 6584850, "incomeTaxExpense": 2687362, "minorityInterest": {}, "netIncomeFromContinuingOps": 3897488, "discontinuedOperations": {}, "extraordinaryItems": {}, "effectOfAccountingCharges": {}, "otherItems": {}, "netIncome": 3897488, "netIncomeApplicableToCommonShares": 3897488}], "maxAge": 86400}, "fundOwnership": {"maxAge": 1, "ownershipList": []}, "summaryDetail": {"maxAge": 1, "priceHint": 2, "previousClose": 16.01, "open": 15.73, "dayLow": 15.2, "dayHigh": 16.28, "regularMarketPreviousClose": 16.01, "regularMarketOpen": 15.73, "regularMarketDayLow": 15.2, "regularMarketDayHigh": 16.28, "volume": 49657, "regularMarketVolume": 49657, "averageVolume": 13293, "averageVolume10days": 6170, "averageDailyVolume10Day": 6170, "bid": 15.6, "ask": 15.8, "bidSize": 0, "askSize": 0, "marketCap": 413693824, "fiftyTwoWeekLow": 12.41, "fiftyTwoWeekHigh": 28.0, "fiftyDayAverage": 22.848572, "twoHundredDayAverage": 20.309855, "currency": "INR", "fromCurrency": null, "toCurrency": null, "lastMarket": null, "algorithm": null, "tradeable": false}, "incomeStatementHistoryQuarterly": {"incomeStatementHistory": [{"maxAge": 1, "endDate": "2020-06-30", "totalRevenue": 89829000, "costOfRevenue": 27947000, "grossProfit": 61882000, "researchDevelopment": {}, "sellingGeneralAdministrative": 22724000, "nonRecurring": {}, "otherOperatingExpenses": 33263000, "totalOperatingExpenses": 115411000, "operatingIncome": -25582000, "totalOtherIncomeExpenseNet": -1861000, "ebit": -25582000, "interestExpense": -3619000, "incomeBeforeTax": -27443000, "incomeTaxExpense": -7376000, "minorityInterest": {}, "netIncomeFromContinuingOps": -20067000, "discontinuedOperations": {}, "extraordinaryItems": {}, "effectOfAccountingCharges": {}, "otherItems": {}, "netIncome": -20067000, "netIncomeApplicableToCommonShares": -20067000}, {"maxAge": 1, "endDate": "2020-03-31", "totalRevenue": 165841909, "costOfRevenue": 57529328, "grossProfit": 108312581, "researchDevelopment": {}, "sellingGeneralAdministrative": 44274489, "nonRecurring": {}, "otherOperatingExpenses": 22291952, "totalOperatingExpenses": 156842798, "operatingIncome": 8999111, "totalOtherIncomeExpenseNet": -6278959, "ebit": 8999111, "interestExpense": -2325269, "incomeBeforeTax": 2720152, "incomeTaxExpense": 13061003, "minorityInterest": {}, "netIncomeFromContinuingOps": -10340851, "discontinuedOperations": {}, "extraordinaryItems": {}, "effectOfAccountingCharges": {}, "otherItems": {}, "netIncome": -10340851, "netIncomeApplicableToCommonShares": -10340851}, {"maxAge": 1, "endDate": "2019-12-31", "totalRevenue": 172730000, "costOfRevenue": 67200000, "grossProfit": 105530000, "researchDevelopment": {}, "sellingGeneralAdministrative": 28870000, "nonRecurring": {}, "otherOperatingExpenses": 45180000, "totalOperatingExpenses": 174180000, "operatingIncome": -1450000, "totalOtherIncomeExpenseNet": -2220000, "ebit": -1450000, "interestExpense": -3810000, "incomeBeforeTax": -3670000, "incomeTaxExpense": 310000, "minorityInterest": {}, "netIncomeFromContinuingOps": -3980000, "discontinuedOperations": {}, "extraordinaryItems": {}, "effectOfAccountingCharges": {}, "otherItems": {}, "netIncome": -3980000, "netIncomeApplicableToCommonShares": -3980000}, {"maxAge": 1, "endDate": "2019-09-30", "totalRevenue": 183439000, "costOfRevenue": 73822000, "grossProfit": 109617000, "researchDevelopment": {}, "sellingGeneralAdministrative": 30569000, "nonRecurring": {}, "otherOperatingExpenses": 46684000, "totalOperatingExpenses": 184028000, "operatingIncome": -589000, "totalOtherIncomeExpenseNet": -40000, "ebit": -589000, "interestExpense": -3557000, "incomeBeforeTax": -629000, "incomeTaxExpense": 292000, "minorityInterest": {}, "netIncomeFromContinuingOps": -921000, "discontinuedOperations": {}, "extraordinaryItems": {}, "effectOfAccountingCharges": {}, "otherItems": {}, "netIncome": -921000, "netIncomeApplicableToCommonShares": -921000}], "maxAge": 86400}, "cashflowStatementHistoryQuarterly": {"cashflowStatements": [{"maxAge": 1, "endDate": "2020-06-30", "netIncome": -20067000, "changeToLiabilities": 0}, {"maxAge": 1, "endDate": "2020-03-31", "netIncome": -10340851, "changeToLiabilities": 0}, {"maxAge": 1, "endDate": "2019-12-31", "netIncome": -3980000, "changeToLiabilities": 0}, {"maxAge": 1, "endDate": "2019-09-30", "netIncome": -921000, "changeToLiabilities": 0}], "maxAge": 86400}, "insiderHolders": {"holders": [{"maxAge": 1, "name": "Agarwal (Ram Narayan)", "relation": "Non Executive Chairman", "url": "", "transactionDescription": "Other", "latestTransDate": "2020-03-19", "positionDirect": 1973014, "positionDirectDate": "2020-03-19"}, {"maxAge": 1, "name": "WEP Peripherals Ltd", "relation": "Promoter", "url": "", "transactionDescription": "Other", "latestTransDate": "2020-03-19", "positionDirect": 4090361, "positionDirectDate": "2020-03-19"}], "maxAge": 1}, "calendarEvents": {"maxAge": 1, "earnings": {"earningsDate": ["2020-09-14 05:30:S"]}}, "price": {"maxAge": 1, "regularMarketChangePercent": -0.018113676, "regularMarketChange": -0.28999996, "regularMarketTime": "2021-04-30 15:52:40", "priceHint": 2, "regularMarketPrice": 15.72, "regularMarketDayHigh": 16.28, "regularMarketDayLow": 15.2, "regularMarketVolume": 49657, "averageDailyVolume10Day": 6170, "averageDailyVolume3Month": 13293, "regularMarketPreviousClose": 16.01, "regularMarketSource": "FREE_REALTIME", "regularMarketOpen": 15.73, "exchange": "BSE", "exchangeName": "BSE", "exchangeDataDelayedBy": 0, "marketState": "CLOSED", "quoteType": "EQUITY", "symbol": "WEPSOLN.BO", "underlyingSymbol": null, "shortName": "WEP SOLUTIONS LTD.", "longName": "WeP Solutions Limited", "currency": "INR", "quoteSourceName": "Delayed Quote", "currencySymbol": "\u20b9", "fromCurrency": null, "toCurrency": null, "lastMarket": null, "marketCap": 413693824}, "balanceSheetHistory": {"balanceSheetStatements": [{"maxAge": 1, "endDate": "2020-03-31", "cash": 1124998, "netReceivables": 135011576, "inventory": 124445281, "otherCurrentAssets": 38685269, "totalCurrentAssets": 305407463, "propertyPlantEquipment": 332116105, "intangibleAssets": 10678974, "otherAssets": 82887842, "deferredLongTermAssetCharges": 37171888, "totalAssets": 731090384, "accountsPayable": 51329285, "shortLongTermDebt": 18296780, "otherCurrentLiab": 72143425, "longTermDebt": 57556970, "otherLiab": 14026576, "totalCurrentLiabilities": 231630868, "totalLiab": 315534191, "commonStock": 263169545, "retainedEarnings": -32427460, "treasuryStock": 40461600, "capitalSurplus": 144352508, "otherStockholderEquity": 40461600, "totalStockholderEquity": 415556193, "netTangibleAssets": 404877219}, {"maxAge": 1, "endDate": "2019-03-31", "cash": 562092, "netReceivables": 131732930, "inventory": 101463402, "otherCurrentAssets": 28825427, "totalCurrentAssets": 269537828, "propertyPlantEquipment": 323274194, "intangibleAssets": 16571695, "otherAssets": 94904888, "deferredLongTermAssetCharges": 48449706, "totalAssets": 704288605, "accountsPayable": 37369436, "shortLongTermDebt": 14814800, "otherCurrentLiab": 94447650, "longTermDebt": 37632030, "otherLiab": 13601926, "totalCurrentLiabilities": 219272769, "totalLiab": 270506725, "commonStock": 262098545, "retainedEarnings": -12155668, "treasuryStock": 43846818, "capitalSurplus": 139992185, "otherStockholderEquity": 43846818, "totalStockholderEquity": 433781880, "netTangibleAssets": 417210185}, {"maxAge": 1, "endDate": "2018-03-31", "cash": 416472, "netReceivables": 133403050, "inventory": 109662380, "otherCurrentAssets": 19061989, "totalCurrentAssets": 269180553, "propertyPlantEquipment": 331701564, "intangibleAssets": 9424848, "otherAssets": 83456910, "deferredLongTermAssetCharges": 45942794, "totalAssets": 693763875, "accountsPayable": 75471863, "otherCurrentLiab": 64498562, "otherLiab": 15067622, "totalCurrentLiabilities": 257702746, "totalLiab": 272770368, "commonStock": 251231545, "retainedEarnings": 27098252, "treasuryStock": 55059642, "capitalSurplus": 87604068, "otherStockholderEquity": 55059642, "totalStockholderEquity": 420993507, "netTangibleAssets": 411568659}, {"maxAge": 1, "endDate": "2017-03-31", "cash": 1806605, "shortTermInvestments": 1403032, "netReceivables": 118392408, "inventory": 133922839, "otherCurrentAssets": 4197075, "totalCurrentAssets": 267577126, "propertyPlantEquipment": 308082730, "intangibleAssets": 6649673, "otherAssets": 74947517, "deferredLongTermAssetCharges": 19178924, "totalAssets": 657257046, "accountsPayable": 117785447, "otherCurrentLiab": 33095768, "otherLiab": 14122344, "totalCurrentLiabilities": 229876368, "totalLiab": 243998712, "commonStock": 250802545, "retainedEarnings": 42121526, "treasuryStock": 33080651, "capitalSurplus": 87253612, "otherStockholderEquity": 33080651, "totalStockholderEquity": 413258334, "netTangibleAssets": 406608661}], "maxAge": 86400}, "financialData": {"maxAge": 86400, "currentPrice": 15.72, "recommendationKey": "none", "grossProfits": 429101581, "financialCurrency": "INR"}}}