{"WESTLEIRES.BO": {"cashflowStatementHistory": {"cashflowStatements": [{"maxAge": 1, "endDate": "2020-03-31", "netIncome": -2452463, "depreciation": 16233, "changeToNetincome": 1693307, "changeToLiabilities": 0, "changeToOperatingActivities": 77634, "totalCashFromOperatingActivities": -665289, "capitalExpenditures": -18000, "investments": 392900, "totalCashflowsFromInvestingActivities": 374900, "dividendsPaid": -305334, "otherCashflowsFromFinancingActivities": -62762, "totalCashFromFinancingActivities": -368096, "changeInCash": -658485}, {"maxAge": 1, "endDate": "2019-03-31", "netIncome": 1569177, "depreciation": 15699, "changeToNetincome": -2593321, "changeToLiabilities": 0, "changeToOperatingActivities": 190260, "totalCashFromOperatingActivities": -818185, "capitalExpenditures": -49576, "investments": 800000, "totalCashflowsFromInvestingActivities": 750424, "dividendsPaid": -305334, "otherCashflowsFromFinancingActivities": -62762, "totalCashFromFinancingActivities": -368096, "changeInCash": -435857}, {"maxAge": 1, "endDate": "2018-03-31", "netIncome": 21322197, "depreciation": 15699, "changeToNetincome": -3950855, "changeToLiabilities": 0, "changeToOperatingActivities": -615626, "totalCashFromOperatingActivities": 16755716, "capitalExpenditures": -49576, "investments": -17884989, "totalCashflowsFromInvestingActivities": -17884989, "dividendsPaid": -367493, "otherCashflowsFromFinancingActivities": -62762, "totalCashFromFinancingActivities": -367493, "changeInCash": -1496766}, {"maxAge": 1, "endDate": "2017-03-31", "netIncome": 223809, "depreciation": 15699, "changeToNetincome": -69808, "changeToLiabilities": 0, "changeToOperatingActivities": 37615, "totalCashFromOperatingActivities": 191616, "capitalExpenditures": -49576, "investments": -8120250, "totalCashflowsFromInvestingActivities": -8120250, "dividendsPaid": -367493, "otherCashflowsFromFinancingActivities": -62762, "totalCashFromFinancingActivities": -367493, "changeInCash": -8296127}], "maxAge": 86400}, "institutionOwnership": {"ownershipList": [], "maxAge": 1}, "balanceSheetHistoryQuarterly": {"balanceSheetStatements": [{"maxAge": 1, "endDate": "2020-03-31", "cash": 137991, "otherCurrentAssets": 129600, "totalCurrentAssets": 27982028, "longTermInvestments": 156733570, "propertyPlantEquipment": 35644, "otherAssets": 12462778, "deferredLongTermAssetCharges": 12462778, "totalAssets": 197214020, "otherCurrentLiab": 180100, "otherLiab": 253983, "totalCurrentLiabilities": 307913, "totalLiab": 561896, "commonStock": 30533370, "retainedEarnings": 38463875, "treasuryStock": 127654879, "otherStockholderEquity": 127654879, "totalStockholderEquity": 196652124, "netTangibleAssets": 196652124}, {"maxAge": 1, "endDate": "2019-12-31", "totalStockholderEquity": 230419000, "netTangibleAssets": 230419000}, {"maxAge": 1, "endDate": "2019-09-30", "cash": 969000, "netReceivables": 157000, "totalCurrentAssets": 1126000, "longTermInvestments": 228892000, "propertyPlantEquipment": 26000, "otherAssets": 856000, "deferredLongTermAssetCharges": 856000, "totalAssets": 230900000, "otherLiab": 481000, "totalLiab": 481000, "commonStock": 30533000, "treasuryStock": 199886000, "otherStockholderEquity": 199886000, "totalStockholderEquity": 230419000, "netTangibleAssets": 230419000}, {"maxAge": 1, "endDate": "2019-06-30", "totalStockholderEquity": 234427000, "netTangibleAssets": 234427000}], "maxAge": 86400}, "indexTrend": {"maxAge": 1, "symbol": "SP5", "peRatio": 19.7411, "pegRatio": 1.34172, "estimates": [{"period": "0q", "growth": 0.549}, {"period": "+1q", "growth": 0.431}, {"period": "0y", "growth": 0.305}, {"period": "+1y", "growth": 0.109}, {"period": "+5y", "growth": 0.120859005}, {"period": "-5y"}]}, "insiderTransactions": {"transactions": [{"maxAge": 1, "shares": 0, "filerUrl": "", "transactionText": "", "filerName": "Horizon Impex Pvt Ltd", "filerRelation": "Institution- Corporation", "moneyText": "", "startDate": "2020-06-29", "ownership": "I"}, {"maxAge": 1, "shares": 300000, "filerUrl": "", "transactionText": "", "filerName": "Jatia (Banwarilal)", "filerRelation": "Promoter", "moneyText": "", "startDate": "2020-06-25", "ownership": "D"}, {"maxAge": 1, "shares": 2023626, "filerUrl": "", "transactionText": "", "filerName": "Jatia (Lalita Devi)", "filerRelation": "Promoter", "moneyText": "", "startDate": "2020-06-25", "ownership": "D"}, {"maxAge": 1, "shares": 129856, "filerUrl": "", "transactionText": "", "filerName": "Jatia (Lalita Devi)", "filerRelation": "Promoter", "moneyText": "", "startDate": "2020-06-25", "ownership": "D"}, {"maxAge": 1, "shares": 84749, "filerUrl": "", "transactionText": "", "filerName": "Jatia (Smita)", "filerRelation": "Promoter", "moneyText": "", "startDate": "2020-06-25", "ownership": "D"}, {"maxAge": 1, "shares": 38444, "filerUrl": "", "transactionText": "", "filerName": "Jatia (Usha Devi)", "filerRelation": "Promoter", "moneyText": "", "startDate": "2020-06-25", "ownership": "D"}, {"maxAge": 1, "shares": 742153, "filerUrl": "", "transactionText": "", "filerName": "Subhashish Exim Pvt Ltd", "filerRelation": "Promoter", "moneyText": "", "startDate": "2020-06-25", "ownership": "D"}, {"maxAge": 1, "shares": 5, "filerUrl": "", "transactionText": "", "filerName": "Acacia Impex Pvt Ltd", "filerRelation": "Institution- Corporation", "moneyText": "", "startDate": "2020-06-18", "ownership": "D"}, {"maxAge": 1, "shares": 5, "filerUrl": "", "transactionText": "", "filerName": "Anand Veena Twisters Pvt. Ltd.", "filerRelation": "Institution- Corporation", "moneyText": "", "startDate": "2020-06-18", "ownership": "D"}, {"maxAge": 1, "shares": 5, "filerUrl": "", "transactionText": "", "filerName": "Houghton Hardcatle (India) Pvt. Ltd.", "filerRelation": "Institution- Corporation", "moneyText": "", "startDate": "2020-06-18", "ownership": "D"}, {"maxAge": 1, "shares": 5, "filerUrl": "", "transactionText": "", "filerName": "Vishwas Investment & Trading Co Pvt Ltd", "filerRelation": "Institution- Corporation", "moneyText": "", "startDate": "2020-06-18", "ownership": "D"}], "maxAge": 1}, "quoteType": {"exchange": "BSE", "quoteType": "EQUITY", "symbol": "WESTLEIRES.BO", "underlyingSymbol": "WESTLEIRES.BO", "shortName": "WEST LEISURE RESORTS LTD", "longName": "West Leisure Resorts Limited", "firstTradeDateEpochUtc": "2021-01-29 09:15:00", "timeZoneFullName": "Asia/Kolkata", "timeZoneShortName": "IST", "uuid": "a00cbbdc-6855-36d2-b0b1-14deaaf3fade", "gmtOffSetMilliseconds": 19800000, "maxAge": 1}, "incomeStatementHistory": {"incomeStatementHistory": [{"maxAge": 1, "endDate": "2020-03-31", "totalRevenue": 5840421, "costOfRevenue": 1487244, "grossProfit": 4353177, "researchDevelopment": {}, "sellingGeneralAdministrative": 29097, "nonRecurring": {}, "otherOperatingExpenses": 583956, "totalOperatingExpenses": 2116530, "operatingIncome": 3723891, "totalOtherIncomeExpenseNet": 3681, "ebit": 3723891, "interestExpense": {}, "incomeBeforeTax": 3727572, "incomeTaxExpense": 6180035, "minorityInterest": {}, "netIncomeFromContinuingOps": -2452463, "discontinuedOperations": {}, "extraordinaryItems": {}, "effectOfAccountingCharges": {}, "otherItems": {}, "netIncome": -2452463, "netIncomeApplicableToCommonShares": -2452463}, {"maxAge": 1, "endDate": "2019-03-31", "totalRevenue": 3749156, "costOfRevenue": 999846, "grossProfit": 2749310, "researchDevelopment": {}, "sellingGeneralAdministrative": 29651, "nonRecurring": {}, "otherOperatingExpenses": 434485, "totalOperatingExpenses": 1479681, "operatingIncome": 2269475, "totalOtherIncomeExpenseNet": 10780, "ebit": 2269475, "interestExpense": {}, "incomeBeforeTax": 2280255, "incomeTaxExpense": 711078, "minorityInterest": {}, "netIncomeFromContinuingOps": 1569177, "discontinuedOperations": {}, "extraordinaryItems": {}, "effectOfAccountingCharges": {}, "otherItems": {}, "netIncome": 1569177, "netIncomeApplicableToCommonShares": 1569177}, {"maxAge": 1, "endDate": "2018-03-31", "totalRevenue": 22871655, "costOfRevenue": 1019675, "grossProfit": 21851980, "researchDevelopment": {}, "sellingGeneralAdministrative": 25608, "nonRecurring": {}, "otherOperatingExpenses": 653477, "totalOperatingExpenses": 1698760, "operatingIncome": 21172895, "totalOtherIncomeExpenseNet": 0, "ebit": 21172895, "interestExpense": {}, "incomeBeforeTax": 21172895, "incomeTaxExpense": -149302, "minorityInterest": {}, "netIncomeFromContinuingOps": 21322197, "discontinuedOperations": {}, "extraordinaryItems": {}, "effectOfAccountingCharges": {}, "otherItems": {}, "netIncome": 21322197, "netIncomeApplicableToCommonShares": 21322197}, {"maxAge": 1, "endDate": "2017-03-31", "totalRevenue": 2414727, "costOfRevenue": 1863985, "grossProfit": 550742, "researchDevelopment": {}, "sellingGeneralAdministrative": 26487, "nonRecurring": {}, "otherOperatingExpenses": 385022, "totalOperatingExpenses": 2275494, "operatingIncome": 139233, "totalOtherIncomeExpenseNet": 6471, "ebit": 139233, "interestExpense": {}, "incomeBeforeTax": 145704, "incomeTaxExpense": -78105, "minorityInterest": {}, "netIncomeFromContinuingOps": 223809, "discontinuedOperations": {}, "extraordinaryItems": {}, "effectOfAccountingCharges": {}, "otherItems": {}, "netIncome": 223809, "netIncomeApplicableToCommonShares": 223809}], "maxAge": 86400}, "fundOwnership": {"ownershipList": [], "maxAge": 1}, "summaryDetail": {"maxAge": 1, "priceHint": 2, "previousClose": 81.6, "open": 81.6, "dayLow": 81.6, "dayHigh": 81.6, "regularMarketPreviousClose": 81.6, "regularMarketOpen": 81.6, "regularMarketDayLow": 81.6, "regularMarketDayHigh": 81.6, "volume": 100, "regularMarketVolume": 100, "bid": 81.6, "ask": 0.0, "fiftyTwoWeekLow": 81.6, "fiftyTwoWeekHigh": 81.6, "currency": "INR", "fromCurrency": null, "lastMarket": null, "algorithm": null, "tradeable": false}, "incomeStatementHistoryQuarterly": {"incomeStatementHistory": [{"maxAge": 1, "endDate": "2020-03-31", "totalRevenue": 467421, "costOfRevenue": 388244, "grossProfit": 79177, "researchDevelopment": {}, "sellingGeneralAdministrative": -114903, "nonRecurring": {}, "otherOperatingExpenses": 443956, "totalOperatingExpenses": 721530, "operatingIncome": -254109, "totalOtherIncomeExpenseNet": 299681, "ebit": -254109, "interestExpense": {}, "incomeBeforeTax": 45572, "incomeTaxExpense": 242035, "minorityInterest": {}, "netIncomeFromContinuingOps": -196463, "discontinuedOperations": {}, "extraordinaryItems": {}, "effectOfAccountingCharges": {}, "otherItems": {}, "netIncome": -196463, "netIncomeApplicableToCommonShares": -196463}, {"maxAge": 1, "endDate": "2019-12-31", "totalRevenue": 1167000, "costOfRevenue": 352000, "grossProfit": 815000, "researchDevelopment": {}, "sellingGeneralAdministrative": 23000, "nonRecurring": {}, "otherOperatingExpenses": 56000, "totalOperatingExpenses": 435000, "operatingIncome": 732000, "totalOtherIncomeExpenseNet": 4000, "ebit": 732000, "interestExpense": {}, "incomeBeforeTax": 736000, "incomeTaxExpense": 172000, "minorityInterest": {}, "netIncomeFromContinuingOps": 564000, "discontinuedOperations": {}, "extraordinaryItems": {}, "effectOfAccountingCharges": {}, "otherItems": {}, "netIncome": 564000, "netIncomeApplicableToCommonShares": 564000}, {"maxAge": 1, "endDate": "2019-09-30", "totalRevenue": 3101000, "costOfRevenue": 375000, "grossProfit": 2726000, "researchDevelopment": {}, "sellingGeneralAdministrative": 65000, "nonRecurring": {}, "otherOperatingExpenses": 43000, "totalOperatingExpenses": 487000, "operatingIncome": 2614000, "totalOtherIncomeExpenseNet": 0, "ebit": 2614000, "interestExpense": {}, "incomeBeforeTax": 2614000, "incomeTaxExpense": 5715000, "minorityInterest": {}, "netIncomeFromContinuingOps": -3101000, "discontinuedOperations": {}, "extraordinaryItems": {}, "effectOfAccountingCharges": {}, "otherItems": {}, "netIncome": -3101000, "netIncomeApplicableToCommonShares": -3101000}, {"maxAge": 1, "endDate": "2019-06-30", "totalRevenue": 1105000, "costOfRevenue": 372000, "grossProfit": 733000, "researchDevelopment": {}, "sellingGeneralAdministrative": 56000, "nonRecurring": {}, "otherOperatingExpenses": 41000, "totalOperatingExpenses": 473000, "operatingIncome": 632000, "totalOtherIncomeExpenseNet": -300000, "ebit": 632000, "interestExpense": {}, "incomeBeforeTax": 332000, "incomeTaxExpense": 51000, "minorityInterest": {}, "netIncomeFromContinuingOps": 281000, "discontinuedOperations": {}, "extraordinaryItems": {}, "effectOfAccountingCharges": {}, "otherItems": {}, "netIncome": 281000, "netIncomeApplicableToCommonShares": 281000}], "maxAge": 86400}, "cashflowStatementHistoryQuarterly": {"cashflowStatements": [{"maxAge": 1, "endDate": "2020-03-31", "netIncome": -196463, "changeToLiabilities": 0}, {"maxAge": 1, "endDate": "2019-12-31", "netIncome": 564000, "changeToLiabilities": 0}, {"maxAge": 1, "endDate": "2019-09-30", "netIncome": -3101000, "changeToLiabilities": 0}, {"maxAge": 1, "endDate": "2019-06-30", "netIncome": 281000, "changeToLiabilities": 0}], "maxAge": 86400}, "insiderHolders": {"holders": [{"maxAge": 1, "name": "Acacia Impex Pvt Ltd", "relation": "Institution- Corporation", "url": "", "transactionDescription": "Acquisition", "latestTransDate": "2020-06-18", "positionDirect": 5, "positionDirectDate": "2020-06-18"}, {"maxAge": 1, "name": "Anand Veena Twisters Pvt. Ltd.", "relation": "Institution- Corporation", "url": "", "transactionDescription": "Acquisition", "latestTransDate": "2020-06-18", "positionDirect": 5, "positionDirectDate": "2020-06-18"}, {"maxAge": 1, "name": "Horizon Impex Pvt Ltd", "relation": "Institution- Corporation", "url": "", "transactionDescription": "Sale", "latestTransDate": "2020-06-29", "positionIndirect": 0, "positionIndirectDate": 1593388800}, {"maxAge": 1, "name": "Houghton Hardcatle (India) Pvt. Ltd.", "relation": "Institution- Corporation", "url": "", "transactionDescription": "Acquisition", "latestTransDate": "2020-06-18", "positionDirect": 5, "positionDirectDate": "2020-06-18"}, {"maxAge": 1, "name": "Jatia (Banwarilal)", "relation": "Promoter", "url": "", "transactionDescription": "Other", "latestTransDate": "2020-06-25", "positionDirect": 0, "positionDirectDate": "2020-06-25"}, {"maxAge": 1, "name": "Jatia (Lalita Devi)", "relation": "Promoter", "url": "", "transactionDescription": "Other", "latestTransDate": "2020-06-25", "positionDirect": 2039242, "positionDirectDate": "2020-06-25"}, {"maxAge": 1, "name": "Jatia (Smita)", "relation": "Promoter", "url": "", "transactionDescription": "Gift", "latestTransDate": "2020-06-25", "positionDirect": 0, "positionDirectDate": "2020-06-25"}, {"maxAge": 1, "name": "Jatia (Usha Devi)", "relation": "Promoter", "url": "", "transactionDescription": "Gift", "latestTransDate": "2020-06-25", "positionDirect": 0, "positionDirectDate": "2020-06-25"}, {"maxAge": 1, "name": "Subhashish Exim Pvt Ltd", "relation": "Promoter", "url": "", "transactionDescription": "Other", "latestTransDate": "2020-06-25", "positionDirect": 0, "positionDirectDate": "2020-06-25"}, {"maxAge": 1, "name": "Vishwas Investment & Trading Co Pvt Ltd", "relation": "Institution- Corporation", "url": "", "transactionDescription": "Acquisition", "latestTransDate": "2020-06-18", "positionDirect": 5, "positionDirectDate": "2020-06-18"}], "maxAge": 1}, "calendarEvents": {"maxAge": 1, "earnings": {"earningsDate": []}}, "upgradeDowngradeHistory": {"history": [], "maxAge": 86400}, "price": {"maxAge": 1, "regularMarketChangePercent": 0.0, "regularMarketChange": 0.0, "regularMarketTime": "2021-04-29 09:07:14", "priceHint": 2, "regularMarketPrice": 81.6, "regularMarketDayHigh": 81.6, "regularMarketDayLow": 81.6, "regularMarketVolume": 100, "regularMarketPreviousClose": 81.6, "regularMarketSource": "FREE_REALTIME", "regularMarketOpen": 81.6, "exchange": "BSE", "exchangeName": "BSE", "exchangeDataDelayedBy": 0, "marketState": "CLOSED", "quoteType": "EQUITY", "symbol": "WESTLEIRES.BO", "underlyingSymbol": null, "shortName": "WEST LEISURE RESORTS LTD", "longName": "West Leisure Resorts Limited", "currency": "INR", "quoteSourceName": "Delayed Quote", "currencySymbol": "\u20b9", "fromCurrency": null, "lastMarket": null}, "balanceSheetHistory": {"balanceSheetStatements": [{"maxAge": 1, "endDate": "2020-03-31", "cash": 137991, "otherCurrentAssets": 129600, "totalCurrentAssets": 27982028, "longTermInvestments": 156733570, "propertyPlantEquipment": 35644, "otherAssets": 12462778, "deferredLongTermAssetCharges": 12462778, "totalAssets": 197214020, "otherCurrentLiab": 180100, "otherLiab": 253983, "totalCurrentLiabilities": 307913, "totalLiab": 561896, "commonStock": 30533370, "retainedEarnings": 38463875, "treasuryStock": 127654879, "otherStockholderEquity": 127654879, "totalStockholderEquity": 196652124, "netTangibleAssets": 196652124}, {"maxAge": 1, "endDate": "2019-03-31", "cash": 796476, "netReceivables": 480, "otherCurrentAssets": 92049, "totalCurrentAssets": 889005, "longTermInvestments": 226379195, "propertyPlantEquipment": 33877, "otherAssets": 6638656, "deferredLongTermAssetCharges": 6638656, "totalAssets": 233940733, "otherCurrentLiab": 120700, "otherLiab": 129140, "totalCurrentLiabilities": 187853, "totalLiab": 316993, "commonStock": 30533370, "retainedEarnings": 41959644, "treasuryStock": 161130726, "otherStockholderEquity": 161130726, "totalStockholderEquity": 233623740, "netTangibleAssets": 233623740}, {"maxAge": 1, "endDate": "2018-03-31", "cash": 1232333, "netReceivables": 2484, "totalCurrentAssets": 1234817, "longTermInvestments": 229400832, "otherAssets": 5084646, "deferredLongTermAssetCharges": 341815, "totalAssets": 235720295, "otherCurrentLiab": 451898, "totalCurrentLiabilities": 451898, "totalLiab": 451898, "commonStock": 30533370, "retainedEarnings": 42547708, "treasuryStock": 162187319, "otherStockholderEquity": 162187319, "totalStockholderEquity": 235268397, "netTangibleAssets": 235268397}, {"maxAge": 1, "endDate": "2017-03-31", "cash": 2729099, "otherCurrentAssets": 1400, "totalCurrentAssets": 2730499, "longTermInvestments": 211515843, "otherAssets": 772393, "deferredLongTermAssetCharges": 192423, "totalAssets": 215018735, "otherCurrentLiab": 521857, "otherLiab": 396488, "totalCurrentLiabilities": 676047, "totalLiab": 1072535, "commonStock": 30533370, "retainedEarnings": 21225511, "treasuryStock": 162187319, "otherStockholderEquity": 162187319, "totalStockholderEquity": 213946200, "netTangibleAssets": 213946200}], "maxAge": 86400}, "financialData": {"maxAge": 86400, "currentPrice": 81.6, "recommendationKey": "none", "grossProfits": 4353177, "financialCurrency": null}}}