{"WHBRADY.BO": {"recommendationTrend": {"trend": [{"period": "0m", "strongBuy": 0, "buy": 0, "hold": 0, "sell": 0, "strongSell": 0}, {"period": "-1m", "strongBuy": 0, "buy": 0, "hold": 0, "sell": 0, "strongSell": 0}, {"period": "-2m", "strongBuy": 0, "buy": 0, "hold": 0, "sell": 0, "strongSell": 0}, {"period": "-3m", "strongBuy": 0, "buy": 0, "hold": 0, "sell": 0, "strongSell": 0}], "maxAge": 86400}, "cashflowStatementHistory": {"cashflowStatements": [{"maxAge": 1, "endDate": "2020-03-31", "netIncome": 45077000, "depreciation": 19235000, "changeToNetincome": 37342000, "changeToLiabilities": 0, "changeToInventory": 18579000, "changeToOperatingActivities": -50422000, "totalCashFromOperatingActivities": 69811000, "capitalExpenditures": -4277000, "investments": 12017000, "otherCashflowsFromInvestingActivities": 3854000, "totalCashflowsFromInvestingActivities": 11672000, "netBorrowings": -65539000, "otherCashflowsFromFinancingActivities": -13012000, "totalCashFromFinancingActivities": -78551000, "changeInCash": 2932000}, {"maxAge": 1, "endDate": "2019-03-31", "netIncome": 45380000, "depreciation": 17303000, "changeToNetincome": 18658000, "changeToAccountReceivables": -15237000, "changeToLiabilities": -6070000, "changeToInventory": 20382000, "changeToOperatingActivities": -50422000, "totalCashFromOperatingActivities": 81856000, "capitalExpenditures": -24850000, "investments": -3200000, "otherCashflowsFromInvestingActivities": 2313000, "totalCashflowsFromInvestingActivities": -25475000, "netBorrowings": -42970000, "otherCashflowsFromFinancingActivities": -19106000, "totalCashFromFinancingActivities": -62076000, "changeInCash": -5695000}, {"maxAge": 1, "endDate": "2018-03-31", "netIncome": 19083000, "depreciation": 16016000, "changeToNetincome": -34738000, "changeToAccountReceivables": 116765000, "changeToLiabilities": -61125000, "changeToInventory": -29068000, "changeToOperatingActivities": -50422000, "totalCashFromOperatingActivities": 27063000, "capitalExpenditures": -20376000, "investments": -8417000, "otherCashflowsFromInvestingActivities": 4405000, "totalCashflowsFromInvestingActivities": 41417000, "netBorrowings": -4121000, "otherCashflowsFromFinancingActivities": -8812000, "totalCashFromFinancingActivities": -12933000, "changeInCash": 55547000}, {"maxAge": 1, "endDate": "2017-03-31", "netIncome": 32105000, "depreciation": 19215000, "changeToNetincome": 15803000, "changeToAccountReceivables": -81716000, "changeToLiabilities": 82292000, "changeToInventory": -1741000, "changeToOperatingActivities": -50422000, "totalCashFromOperatingActivities": 66080000, "capitalExpenditures": -26920000, "investments": 79000, "otherCashflowsFromInvestingActivities": 3553000, "totalCashflowsFromInvestingActivities": -23535000, "dividendsPaid": -1913000, "netBorrowings": -26303000, "otherCashflowsFromFinancingActivities": -20123000, "totalCashFromFinancingActivities": -48339000, "changeInCash": -5794000}], "maxAge": 86400}, "institutionOwnership": {"maxAge": 1, "ownershipList": []}, "balanceSheetHistoryQuarterly": {"balanceSheetStatements": [{"maxAge": 1, "endDate": "2020-06-30", "totalStockholderEquity": 602601000, "netTangibleAssets": 602030000}, {"maxAge": 1, "endDate": "2020-03-31", "cash": 42676000, "shortTermInvestments": 852000, "netReceivables": 122483000, "inventory": 140260000, "otherCurrentAssets": 130207000, "totalCurrentAssets": 436478000, "longTermInvestments": 19412000, "propertyPlantEquipment": 125324000, "intangibleAssets": 571000, "otherAssets": 281327000, "totalAssets": 863112000, "accountsPayable": 75992000, "shortLongTermDebt": 11047000, "otherCurrentLiab": 41818000, "longTermDebt": 14358000, "otherLiab": 75979000, "minorityInterest": 11043000, "totalCurrentLiabilities": 159131000, "totalLiab": 249468000, "commonStock": 25500000, "treasuryStock": 577101000, "otherStockholderEquity": 577101000, "totalStockholderEquity": 602601000, "netTangibleAssets": 602030000}, {"maxAge": 1, "endDate": "2019-12-31", "totalStockholderEquity": 594158000, "netTangibleAssets": 593348000}, {"maxAge": 1, "endDate": "2019-09-30", "cash": 19985000, "shortTermInvestments": 832000, "netReceivables": 147699000, "inventory": 166165000, "otherCurrentAssets": 135829000, "totalCurrentAssets": 470510000, "longTermInvestments": 21427000, "propertyPlantEquipment": 131430000, "intangibleAssets": 810000, "otherAssets": 292786000, "totalAssets": 916963000, "accountsPayable": 97539000, "shortLongTermDebt": 12212000, "otherCurrentLiab": 43968000, "longTermDebt": 20800000, "otherLiab": 77533000, "minorityInterest": 13180000, "totalCurrentLiabilities": 211292000, "totalLiab": 309625000, "commonStock": 25500000, "treasuryStock": 568658000, "otherStockholderEquity": 568658000, "totalStockholderEquity": 594158000, "netTangibleAssets": 593348000}], "maxAge": 86400}, "earningsHistory": {"history": [{"maxAge": 1, "epsActual": {}, "epsEstimate": {}, "epsDifference": {}, "surprisePercent": {}, "quarter": {}, "period": "-4q"}, {"maxAge": 1, "epsActual": {}, "epsEstimate": {}, "epsDifference": {}, "surprisePercent": {}, "quarter": {}, "period": "-3q"}, {"maxAge": 1, "epsActual": {}, "epsEstimate": {}, "epsDifference": {}, "surprisePercent": {}, "quarter": {}, "period": "-2q"}, {"maxAge": 1, "epsActual": {}, "epsEstimate": {}, "epsDifference": {}, "surprisePercent": {}, "quarter": {}, "period": "-1q"}], "maxAge": 86400}, "indexTrend": {"maxAge": 1, "symbol": "SP5", "peRatio": 19.7411, "pegRatio": 1.34172, "estimates": [{"period": "0q", "growth": 0.549}, {"period": "+1q", "growth": 0.431}, {"period": "0y", "growth": 0.305}, {"period": "+1y", "growth": 0.109}, {"period": "+5y", "growth": 0.120859005}, {"period": "-5y"}]}, "industryTrend": {"maxAge": 1, "symbol": null, "estimates": []}, "insiderTransactions": {"transactions": [{"maxAge": 1, "shares": 175465, "filerUrl": "", "transactionText": "", "filerName": "Origin Engineers Pvt. Ltd.", "filerRelation": "Institution- Corporation", "moneyText": "", "startDate": "2020-07-13", "ownership": "D"}, {"maxAge": 1, "shares": 175465, "filerUrl": "", "transactionText": "", "filerName": "Spark On Line Pvt. Ltd.", "filerRelation": "Institution- Corporation", "moneyText": "", "startDate": "2020-07-13", "ownership": "D"}], "maxAge": 1}, "quoteType": {"exchange": "BSE", "quoteType": "EQUITY", "symbol": "WHBRADY.BO", "underlyingSymbol": "WHBRADY.BO", "shortName": "W.H.BRADY & CO.LTD.", "longName": "W.H. Brady & Company Limited", "firstTradeDateEpochUtc": "2000-11-23 09:15:00", "timeZoneFullName": "Asia/Kolkata", "timeZoneShortName": "IST", "uuid": "73e67d0a-6c4e-35b2-8f66-434e53bce6af", "messageBoardId": null, "gmtOffSetMilliseconds": 19800000, "maxAge": 1}, "incomeStatementHistory": {"incomeStatementHistory": [{"maxAge": 1, "endDate": "2020-03-31", "totalRevenue": 684297000, "costOfRevenue": 311994000, "grossProfit": 372303000, "researchDevelopment": {}, "sellingGeneralAdministrative": 99649000, "nonRecurring": {}, "otherOperatingExpenses": 159671000, "totalOperatingExpenses": 590549000, "operatingIncome": 93748000, "totalOtherIncomeExpenseNet": -16254000, "ebit": 93748000, "interestExpense": -16254000, "incomeBeforeTax": 77494000, "incomeTaxExpense": 9114000, "minorityInterest": 11043000, "netIncomeFromContinuingOps": 68380000, "discontinuedOperations": -18244000, "extraordinaryItems": {}, "effectOfAccountingCharges": {}, "otherItems": {}, "netIncome": 45077000, "netIncomeApplicableToCommonShares": 45077000}, {"maxAge": 1, "endDate": "2019-03-31", "totalRevenue": 596909000, "costOfRevenue": 288698000, "grossProfit": 308211000, "researchDevelopment": {}, "sellingGeneralAdministrative": 88738000, "nonRecurring": {}, "otherOperatingExpenses": 116793000, "totalOperatingExpenses": 512972000, "operatingIncome": 83937000, "totalOtherIncomeExpenseNet": -19501000, "ebit": 83937000, "interestExpense": -19123000, "incomeBeforeTax": 64436000, "incomeTaxExpense": 13356000, "minorityInterest": 8693000, "netIncomeFromContinuingOps": 51080000, "discontinuedOperations": -18244000, "extraordinaryItems": {}, "effectOfAccountingCharges": {}, "otherItems": {}, "netIncome": 45380000, "netIncomeApplicableToCommonShares": 45380000}, {"maxAge": 1, "endDate": "2018-03-31", "totalRevenue": 388546000, "costOfRevenue": 165436000, "grossProfit": 223110000, "researchDevelopment": {}, "sellingGeneralAdministrative": 84558000, "nonRecurring": {}, "otherOperatingExpenses": 109161000, "totalOperatingExpenses": 375301000, "operatingIncome": 13245000, "totalOtherIncomeExpenseNet": 9810000, "ebit": 13245000, "interestExpense": -23226000, "incomeBeforeTax": 23055000, "incomeTaxExpense": 7090000, "minorityInterest": 2760000, "netIncomeFromContinuingOps": 15965000, "discontinuedOperations": -18244000, "extraordinaryItems": {}, "effectOfAccountingCharges": {}, "otherItems": {}, "netIncome": 19083000, "netIncomeApplicableToCommonShares": 19083000}, {"maxAge": 1, "endDate": "2017-03-31", "totalRevenue": 496803000, "costOfRevenue": 245119000, "grossProfit": 251684000, "researchDevelopment": {}, "sellingGeneralAdministrative": 78854000, "nonRecurring": {}, "otherOperatingExpenses": 84760000, "totalOperatingExpenses": 428070000, "operatingIncome": 68733000, "totalOtherIncomeExpenseNet": -27665000, "ebit": 68733000, "interestExpense": -24464000, "incomeBeforeTax": 41068000, "incomeTaxExpense": 8914000, "minorityInterest": 5810000, "netIncomeFromContinuingOps": 32154000, "discontinuedOperations": -18244000, "extraordinaryItems": {}, "effectOfAccountingCharges": {}, "otherItems": {}, "netIncome": 32105000, "netIncomeApplicableToCommonShares": 32105000}], "maxAge": 86400}, "fundOwnership": {"maxAge": 1, "ownershipList": []}, "summaryDetail": {"maxAge": 1, "priceHint": 2, "previousClose": 118.05, "open": 117.35, "dayLow": 117.35, "dayHigh": 118.05, "regularMarketPreviousClose": 118.05, "regularMarketOpen": 117.35, "regularMarketDayLow": 117.35, "regularMarketDayHigh": 118.05, "trailingPE": 6.0272646, "volume": 20, "regularMarketVolume": 20, "averageVolume": 269, "averageVolume10days": 238, "averageDailyVolume10Day": 238, "bid": 116.05, "ask": 123.95, "bidSize": 0, "askSize": 0, "marketCap": 301027520, "fiftyTwoWeekLow": 73.15, "fiftyTwoWeekHigh": 195.8, "fiftyDayAverage": 134.39714, "twoHundredDayAverage": 144.89963, "trailingAnnualDividendRate": 1.0, "trailingAnnualDividendYield": 0.008470987, "currency": "INR", "fromCurrency": null, "toCurrency": null, "lastMarket": null, "algorithm": null, "tradeable": false}, "sectorTrend": {"maxAge": 1, "symbol": null, "estimates": []}, "incomeStatementHistoryQuarterly": {"incomeStatementHistory": [{"maxAge": 1, "endDate": "2020-06-30", "totalRevenue": 87396000, "costOfRevenue": 36296000, "grossProfit": 51100000, "researchDevelopment": {}, "sellingGeneralAdministrative": 20204000, "nonRecurring": {}, "otherOperatingExpenses": 16262000, "totalOperatingExpenses": 76411000, "operatingIncome": 10985000, "totalOtherIncomeExpenseNet": -1223000, "ebit": 10985000, "interestExpense": -1223000, "incomeBeforeTax": 9762000, "incomeTaxExpense": 1270000, "minorityInterest": {}, "netIncomeFromContinuingOps": 8492000, "discontinuedOperations": {}, "extraordinaryItems": {}, "effectOfAccountingCharges": {}, "otherItems": {}, "netIncome": 8413000, "netIncomeApplicableToCommonShares": 8413000}, {"maxAge": 1, "endDate": "2020-03-31", "totalRevenue": 157823000, "costOfRevenue": 69061000, "grossProfit": 88762000, "researchDevelopment": {}, "sellingGeneralAdministrative": 24787000, "nonRecurring": {}, "otherOperatingExpenses": 42071000, "totalOperatingExpenses": 141292000, "operatingIncome": 16531000, "totalOtherIncomeExpenseNet": -2549000, "ebit": 16531000, "interestExpense": -2548000, "incomeBeforeTax": 13982000, "incomeTaxExpense": -1810000, "minorityInterest": 11043000, "netIncomeFromContinuingOps": 15792000, "discontinuedOperations": -18244000, "extraordinaryItems": {}, "effectOfAccountingCharges": {}, "otherItems": {}, "netIncome": 177000, "netIncomeApplicableToCommonShares": 177000}, {"maxAge": 1, "endDate": "2019-12-31", "totalRevenue": 203672000, "costOfRevenue": 104890000, "grossProfit": 98782000, "researchDevelopment": {}, "sellingGeneralAdministrative": 24824000, "nonRecurring": {}, "otherOperatingExpenses": 41208000, "totalOperatingExpenses": 175747000, "operatingIncome": 27925000, "totalOtherIncomeExpenseNet": -3391000, "ebit": 27925000, "interestExpense": -3392000, "incomeBeforeTax": 24534000, "incomeTaxExpense": 5309000, "minorityInterest": 11043000, "netIncomeFromContinuingOps": 19225000, "discontinuedOperations": -18244000, "extraordinaryItems": {}, "effectOfAccountingCharges": {}, "otherItems": {}, "netIncome": 16022000, "netIncomeApplicableToCommonShares": 16022000}, {"maxAge": 1, "endDate": "2019-09-30", "totalRevenue": 139091000, "costOfRevenue": 48926000, "grossProfit": 90165000, "researchDevelopment": {}, "sellingGeneralAdministrative": 25580000, "nonRecurring": {}, "otherOperatingExpenses": 28750000, "totalOperatingExpenses": 107781000, "operatingIncome": 31310000, "totalOtherIncomeExpenseNet": -3690000, "ebit": 31310000, "interestExpense": -3690000, "incomeBeforeTax": 27620000, "incomeTaxExpense": 1703000, "minorityInterest": 13180000, "netIncomeFromContinuingOps": 25917000, "discontinuedOperations": -18244000, "extraordinaryItems": {}, "effectOfAccountingCharges": {}, "otherItems": {}, "netIncome": 23281000, "netIncomeApplicableToCommonShares": 23281000}], "maxAge": 86400}, "cashflowStatementHistoryQuarterly": {"cashflowStatements": [{"maxAge": 1, "endDate": "2020-06-30", "netIncome": 8413000, "changeToLiabilities": 0}, {"maxAge": 1, "endDate": "2020-03-31", "netIncome": 177000, "changeToLiabilities": 0}, {"maxAge": 1, "endDate": "2019-12-31", "netIncome": 16022000, "changeToLiabilities": 0}, {"maxAge": 1, "endDate": "2019-09-30", "netIncome": 23281000, "changeToLiabilities": 0}], "maxAge": 86400}, "insiderHolders": {"holders": [{"maxAge": 1, "name": "Origin Engineers Pvt. Ltd.", "relation": "Institution- Corporation", "url": "", "transactionDescription": "Acquisition", "latestTransDate": "2020-07-13", "positionDirect": 175465, "positionDirectDate": "2020-07-13"}, {"maxAge": 1, "name": "Spark On Line Pvt. Ltd.", "relation": "Institution- Corporation", "url": "", "transactionDescription": "Acquisition", "latestTransDate": "2020-07-13", "positionDirect": 175465, "positionDirectDate": "2020-07-13"}], "maxAge": 1}, "earnings": {"maxAge": 86400, "earningsChart": {"quarterly": [], "earningsDate": ["2020-09-11 05:30:S"]}, "financialsChart": {"yearly": [{"date": 2017, "revenue": 496803000, "earnings": 32105000}, {"date": 2018, "revenue": 388546000, "earnings": 19083000}, {"date": 2019, "revenue": 596909000, "earnings": 45380000}, {"date": 2020, "revenue": 684297000, "earnings": 45077000}], "quarterly": [{"date": "3Q2019", "revenue": 139091000, "earnings": 23281000}, {"date": "4Q2019", "revenue": 203672000, "earnings": 16022000}, {"date": "1Q2020", "revenue": 157823000, "earnings": 177000}, {"date": "2Q2020", "revenue": 87396000, "earnings": 8413000}]}, "financialCurrency": "INR"}, "calendarEvents": {"maxAge": 1, "earnings": {"earningsDate": ["2020-09-11 05:30:S"]}}, "price": {"maxAge": 1, "regularMarketChangePercent": 0.0, "regularMarketChange": 0.0, "regularMarketTime": "2021-04-29 13:47:24", "priceHint": 2, "regularMarketPrice": 118.05, "regularMarketDayHigh": 118.05, "regularMarketDayLow": 117.35, "regularMarketVolume": 20, "averageDailyVolume10Day": 238, "averageDailyVolume3Month": 269, "regularMarketPreviousClose": 118.05, "regularMarketSource": "FREE_REALTIME", "regularMarketOpen": 117.35, "exchange": "BSE", "exchangeName": "BSE", "exchangeDataDelayedBy": 0, "marketState": "CLOSED", "quoteType": "EQUITY", "symbol": "WHBRADY.BO", "underlyingSymbol": null, "shortName": "W.H.BRADY & CO.LTD.", "longName": "W.H. Brady & Company Limited", "currency": "INR", "quoteSourceName": "Delayed Quote", "currencySymbol": "\u20b9", "fromCurrency": null, "toCurrency": null, "lastMarket": null, "marketCap": 301027520}, "balanceSheetHistory": {"balanceSheetStatements": [{"maxAge": 1, "endDate": "2020-03-31", "cash": 42676000, "shortTermInvestments": 852000, "netReceivables": 122483000, "inventory": 140260000, "otherCurrentAssets": 130207000, "totalCurrentAssets": 436478000, "longTermInvestments": 19412000, "propertyPlantEquipment": 125324000, "intangibleAssets": 571000, "otherAssets": 281327000, "totalAssets": 863112000, "accountsPayable": 75992000, "shortLongTermDebt": 11047000, "otherCurrentLiab": 41818000, "longTermDebt": 14358000, "otherLiab": 75979000, "minorityInterest": 11043000, "totalCurrentLiabilities": 159131000, "totalLiab": 249468000, "commonStock": 25500000, "treasuryStock": 577101000, "otherStockholderEquity": 577101000, "totalStockholderEquity": 602601000, "netTangibleAssets": 602030000}, {"maxAge": 1, "endDate": "2019-03-31", "cash": 2673000, "netReceivables": 160483000, "inventory": 158839000, "otherCurrentAssets": 122546000, "totalCurrentAssets": 445798000, "longTermInvestments": 33355000, "propertyPlantEquipment": 139569000, "intangibleAssets": 1135000, "otherAssets": 318209000, "totalAssets": 938066000, "accountsPayable": 110677000, "shortLongTermDebt": 23431000, "otherCurrentLiab": 21088000, "longTermDebt": 21997000, "otherLiab": 74178000, "minorityInterest": 8693000, "totalCurrentLiabilities": 259084000, "totalLiab": 355259000, "commonStock": 25500000, "retainedEarnings": 261098000, "treasuryStock": 287516000, "otherStockholderEquity": 287516000, "totalStockholderEquity": 574114000, "netTangibleAssets": 572979000}, {"maxAge": 1, "endDate": "2018-03-31", "cash": 3056000, "netReceivables": 140445000, "inventory": 179222000, "otherCurrentAssets": 144827000, "totalCurrentAssets": 469320000, "longTermInvestments": 30221000, "propertyPlantEquipment": 133005000, "intangibleAssets": 509000, "otherAssets": 339236000, "deferredLongTermAssetCharges": 762000, "totalAssets": 972291000, "accountsPayable": 112580000, "shortLongTermDebt": 29403000, "otherCurrentLiab": 44111000, "longTermDebt": 50964000, "otherLiab": 76002000, "minorityInterest": 2760000, "totalCurrentLiabilities": 294298000, "totalLiab": 421264000, "commonStock": 25500000, "retainedEarnings": 215718000, "treasuryStock": 307049000, "otherStockholderEquity": 307049000, "totalStockholderEquity": 548267000, "netTangibleAssets": 547758000}, {"maxAge": 1, "endDate": "2017-03-31", "cash": 2360000, "shortTermInvestments": 5484000, "netReceivables": 270433000, "inventory": 150153000, "otherCurrentAssets": 101666000, "totalCurrentAssets": 531462000, "longTermInvestments": 23763000, "propertyPlantEquipment": 162395000, "intangibleAssets": 451000, "otherAssets": 351272000, "deferredLongTermAssetCharges": 1445000, "totalAssets": 1069343000, "accountsPayable": 161819000, "shortLongTermDebt": 25446000, "otherCurrentLiab": 41623000, "longTermDebt": 76832000, "otherLiab": 74373000, "minorityInterest": 5810000, "totalCurrentLiabilities": 363011000, "totalLiab": 514216000, "commonStock": 25500000, "retainedEarnings": 185015000, "treasuryStock": 338802000, "otherStockholderEquity": 338802000, "totalStockholderEquity": 549317000, "netTangibleAssets": 548866000}], "maxAge": 86400}, "earningsTrend": {"trend": [{"maxAge": 1, "period": "0q", "endDate": "2014-06-30", "growth": {}, "earningsEstimate": {"avg": 0.0, "low": 0.0, "high": 0.0, "yearAgoEps": {}, "numberOfAnalysts": 0, "growth": {}}, "revenueEstimate": {"avg": 0, "low": 0, "high": 0, "numberOfAnalysts": 0, "yearAgoRevenue": {}, "growth": {}}, "epsTrend": {"current": 0.0, "7daysAgo": 2.62, "30daysAgo": 2.62, "60daysAgo": 2.62, "90daysAgo": 2.62}, "epsRevisions": {"upLast7days": 0, "upLast30days": 0, "downLast30days": 0, "downLast90days": {}}}, {"maxAge": 1, "period": "+1q", "endDate": "2014-09-30", "growth": {}, "earningsEstimate": {"avg": 0.0, "low": 0.0, "high": 0.0, "yearAgoEps": {}, "numberOfAnalysts": 0, "growth": {}}, "revenueEstimate": {"avg": 0, "low": 0, "high": 0, "numberOfAnalysts": 0, "yearAgoRevenue": {}, "growth": {}}, "epsTrend": {"current": 0.0, "7daysAgo": 0.0, "30daysAgo": 0.0, "60daysAgo": 0.0, "90daysAgo": 0.0}, "epsRevisions": {"upLast7days": 0, "upLast30days": 0, "downLast30days": 0, "downLast90days": {}}}, {"maxAge": 1, "period": "0y", "endDate": "2019-03-31", "growth": {}, "earningsEstimate": {"avg": 0.0, "low": 0.0, "high": 0.0, "yearAgoEps": {}, "numberOfAnalysts": 0, "growth": {}}, "revenueEstimate": {"avg": 0, "low": 0, "high": 0, "numberOfAnalysts": 0, "yearAgoRevenue": {}, "growth": {}}, "epsTrend": {"current": 0.0, "7daysAgo": 0.0, "30daysAgo": 0.0, "60daysAgo": 0.0, "90daysAgo": 0.0}, "epsRevisions": {"upLast7days": 0, "upLast30days": 0, "downLast30days": 0, "downLast90days": {}}}, {"maxAge": 1, "period": "+1y", "endDate": "2015-03-31", "growth": {}, "earningsEstimate": {"avg": 0.0, "low": 0.0, "high": 0.0, "yearAgoEps": {}, "numberOfAnalysts": 0, "growth": {}}, "revenueEstimate": {"avg": 0, "low": 221920000, "high": 221920000, "numberOfAnalysts": 1, "yearAgoRevenue": {}, "growth": {}}, "epsTrend": {"current": 0.0, "7daysAgo": 10.53, "30daysAgo": 10.53, "60daysAgo": 10.53, "90daysAgo": 10.53}, "epsRevisions": {"upLast7days": 0, "upLast30days": 0, "downLast30days": 0, "downLast90days": {}}}, {"maxAge": 1, "period": "+5y", "endDate": null, "growth": {}, "earningsEstimate": {"avg": {}, "low": {}, "high": {}, "yearAgoEps": {}, "numberOfAnalysts": {}, "growth": {}}, "revenueEstimate": {"avg": {}, "low": {}, "high": {}, "numberOfAnalysts": {}, "yearAgoRevenue": {}, "growth": {}}, "epsTrend": {"current": {}, "7daysAgo": {}, "30daysAgo": {}, "60daysAgo": {}, "90daysAgo": {}}, "epsRevisions": {"upLast7days": {}, "upLast30days": {}, "downLast30days": {}, "downLast90days": {}}}, {"maxAge": 1, "period": "-5y", "endDate": null, "growth": {}, "earningsEstimate": {"avg": {}, "low": {}, "high": {}, "yearAgoEps": {}, "numberOfAnalysts": {}, "growth": {}}, "revenueEstimate": {"avg": {}, "low": {}, "high": {}, "numberOfAnalysts": {}, "yearAgoRevenue": {}, "growth": {}}, "epsTrend": {"current": {}, "7daysAgo": {}, "30daysAgo": {}, "60daysAgo": {}, "90daysAgo": {}}, "epsRevisions": {"upLast7days": {}, "upLast30days": {}, "downLast30days": {}, "downLast90days": {}}}], "maxAge": 1}, "financialData": {"maxAge": 86400, "currentPrice": 118.05, "targetHighPrice": 146.0, "targetLowPrice": 146.0, "targetMeanPrice": 146.0, "targetMedianPrice": 146.0, "recommendationKey": "none", "numberOfAnalystOpinions": 1, "grossProfits": 372303000, "financialCurrency": "INR"}}}