{"WHEELS.NS": {"assetProfile": {"address1": "Padi", "city": "Chennai", "zip": "600050", "country": "India", "phone": "91 44 2625 8511", "fax": "91 44 2625 7121", "website": "http://www.wheelsindia.com", "industry": "Auto Parts", "sector": "Consumer Cyclical", "longBusinessSummary": "Wheels India Limited manufactures and sells automotive and industrial components in India and internationally. The company offers steel wheels for use in heavy and light vehicles, as well as for agricultural applications; off-road construction wheels, wire wheels, and forged aluminum wheels; air suspension systems for buses, trucks and trailers, control and specialty products, and other vehicle applications; and wind turbines and machined components for various other applications. It also provides beams, boxes, columns, auto welded and manually welded plates, and rolled sections; and fabrication services for construction and mining equipment sector. Wheels India Limited was incorporated in 1960 and is based in Chennai, India.", "fullTimeEmployees": 2321, "companyOfficers": [{"maxAge": 1, "name": "Mr. Srivats  Ram", "age": 50, "title": "MD & Exec. Director", "yearBorn": 1970, "fiscalYear": 2020, "totalPay": 21646000, "exercisedValue": 0, "unexercisedValue": 0}, {"maxAge": 1, "name": "Mr. R.  Raghunathan", "title": "Chief Financial Officer", "fiscalYear": 2020, "totalPay": 5771000, "exercisedValue": 0, "unexercisedValue": 0}, {"maxAge": 1, "name": "Ms. K. V. Lakshmi ACS, ACMA, PGDBA, BGL", "title": "Compliance Officer & Company Sec.", "fiscalYear": 2020, "totalPay": 1540000, "exercisedValue": 0, "unexercisedValue": 0}, {"maxAge": 1, "name": "Mr. Shriram  Vijayaraghavan", "title": "Sr. VP of Operations", "exercisedValue": 0, "unexercisedValue": 0}], "compensationAsOfEpochDate": "2020-12-31 05:30:00", "maxAge": 86400}, "recommendationTrend": {"trend": [{"period": "0m", "strongBuy": 0, "buy": 0, "hold": 0, "sell": 0, "strongSell": 0}, {"period": "-1m", "strongBuy": 0, "buy": 1, "hold": 0, "sell": 0, "strongSell": 0}, {"period": "-2m", "strongBuy": 0, "buy": 1, "hold": 0, "sell": 0, "strongSell": 0}, {"period": "-3m", "strongBuy": 0, "buy": 1, "hold": 0, "sell": 0, "strongSell": 0}], "maxAge": 86400}, "cashflowStatementHistory": {"cashflowStatements": [{"maxAge": 1, "endDate": "2020-03-31", "netIncome": 490600000, "depreciation": 764200000, "changeToNetincome": 299300000, "changeToAccountReceivables": 1395300000, "changeToLiabilities": -1587000000, "changeToInventory": 235800000, "changeToOperatingActivities": 224700000, "totalCashFromOperatingActivities": 1837900000, "capitalExpenditures": -2442700000, "otherCashflowsFromInvestingActivities": 16800000, "totalCashflowsFromInvestingActivities": -2420500000, "dividendsPaid": -224600000, "netBorrowings": 1536900000, "otherCashflowsFromFinancingActivities": -613600000, "totalCashFromFinancingActivities": 698700000, "changeInCash": 116100000}, {"maxAge": 1, "endDate": "2019-03-31", "netIncome": 765100000, "depreciation": 786500000, "changeToNetincome": 752200000, "changeToAccountReceivables": -876700000, "changeToLiabilities": 1337700000, "changeToInventory": -617500000, "changeToOperatingActivities": -312200000, "totalCashFromOperatingActivities": 1835100000, "capitalExpenditures": -2409200000, "investments": -2400000, "otherCashflowsFromInvestingActivities": 32600000, "totalCashflowsFromInvestingActivities": -2303300000, "dividendsPaid": -224200000, "netBorrowings": 1269900000, "otherCashflowsFromFinancingActivities": -667800000, "totalCashFromFinancingActivities": 377900000, "changeInCash": -90300000}, {"maxAge": 1, "endDate": "2018-03-31", "netIncome": 750800000, "depreciation": 704500000, "changeToNetincome": 229100000, "changeToAccountReceivables": -677900000, "changeToLiabilities": 1215800000, "changeToInventory": -1144000000, "changeToOperatingActivities": 232500000, "totalCashFromOperatingActivities": 1310800000, "capitalExpenditures": -2121300000, "investments": 574700000, "otherCashflowsFromInvestingActivities": 23900000, "totalCashflowsFromInvestingActivities": -1351000000, "dividendsPaid": -201900000, "netBorrowings": -80600000, "otherCashflowsFromFinancingActivities": 375700000, "totalCashFromFinancingActivities": 93200000, "changeInCash": 53000000}, {"maxAge": 1, "endDate": "2017-03-31", "netIncome": 592400000, "depreciation": 631800000, "changeToNetincome": 498000000, "changeToAccountReceivables": -736600000, "changeToLiabilities": 476800000, "changeToInventory": 138700000, "changeToOperatingActivities": -56200000, "totalCashFromOperatingActivities": 1552300000, "capitalExpenditures": -794600000, "investments": 3600000, "otherCashflowsFromInvestingActivities": 17700000, "totalCashflowsFromInvestingActivities": -752300000, "dividendsPaid": -152000000, "netBorrowings": -134700000, "otherCashflowsFromFinancingActivities": -464300000, "totalCashFromFinancingActivities": -751000000, "changeInCash": 49000000}], "maxAge": 86400}, "indexTrend": {"maxAge": 1, "symbol": "SP5", "peRatio": 19.7411, "pegRatio": 1.34172, "estimates": [{"period": "0q", "growth": 0.549}, {"period": "+1q", "growth": 0.431}, {"period": "0y", "growth": 0.305}, {"period": "+1y", "growth": 0.109}, {"period": "+5y", "growth": 0.120865}, {"period": "-5y"}]}, "defaultKeyStatistics": {"maxAge": 1, "priceHint": 2, "enterpriseValue": 18063618048, "profitMargins": -0.010290001, "floatShares": 14953322, "sharesOutstanding": 24064600, "heldPercentInsiders": 0.67133003, "heldPercentInstitutions": 0.22920999, "beta": 1.048423, "category": null, "bookValue": 257.954, "priceToBook": 1.7251137, "fundFamily": null, "legalType": null, "lastFiscalYearEnd": "2020-03-31 05:30:00", "nextFiscalYearEnd": "2022-03-31 05:30:00", "mostRecentQuarter": "2020-12-31 05:30:00", "earningsQuarterlyGrowth": 0.394, "netIncomeToCommon": -213500000, "trailingEps": -8.873, "forwardEps": 48.04, "lastSplitFactor": "2:1", "lastSplitDate": "2018-08-08 05:30:00", "enterpriseToRevenue": 0.871, "enterpriseToEbitda": 18.975}, "industryTrend": {"maxAge": 1, "symbol": null, "estimates": []}, "quoteType": {"exchange": "NSI", "quoteType": "EQUITY", "symbol": "WHEELS.NS", "underlyingSymbol": "WHEELS.NS", "shortName": "WHEELS INDIA LTD", "longName": "Wheels India Limited", "firstTradeDateEpochUtc": "2002-07-01 09:15:00", "timeZoneFullName": "Asia/Kolkata", "timeZoneShortName": "IST", "uuid": "0c2a0b82-cc79-314e-ae38-151a3d59fcf7", "gmtOffSetMilliseconds": 19800000, "maxAge": 1}, "incomeStatementHistory": {"incomeStatementHistory": [{"maxAge": 1, "endDate": "2020-03-31", "totalRevenue": 26716100000, "costOfRevenue": 18792000000, "grossProfit": 7924100000, "researchDevelopment": {}, "sellingGeneralAdministrative": 3265100000, "nonRecurring": {}, "otherOperatingExpenses": 2941500000, "totalOperatingExpenses": 25775800000, "operatingIncome": 940300000, "totalOtherIncomeExpenseNet": -585000000, "ebit": 940300000, "interestExpense": -655500000, "incomeBeforeTax": 355300000, "incomeTaxExpense": -117900000, "minorityInterest": 209800000, "netIncomeFromContinuingOps": 473200000, "discontinuedOperations": {}, "extraordinaryItems": {}, "effectOfAccountingCharges": {}, "otherItems": {}, "netIncome": 490600000, "netIncomeApplicableToCommonShares": 490600000}, {"maxAge": 1, "endDate": "2019-03-31", "totalRevenue": 34413300000, "costOfRevenue": 24438900000, "grossProfit": 9974400000, "researchDevelopment": {}, "sellingGeneralAdministrative": 3558500000, "nonRecurring": {}, "otherOperatingExpenses": 3940000000, "totalOperatingExpenses": 32723900000, "operatingIncome": 1689400000, "totalOtherIncomeExpenseNet": -606900000, "ebit": 1689400000, "interestExpense": -646100000, "incomeBeforeTax": 1082500000, "incomeTaxExpense": 321000000, "minorityInterest": 228500000, "netIncomeFromContinuingOps": 761500000, "discontinuedOperations": {}, "extraordinaryItems": {}, "effectOfAccountingCharges": {}, "otherItems": {}, "netIncome": 765100000, "netIncomeApplicableToCommonShares": 765100000}, {"maxAge": 1, "endDate": "2018-03-31", "totalRevenue": 25625900000, "costOfRevenue": 17740300000, "grossProfit": 7885600000, "researchDevelopment": {}, "sellingGeneralAdministrative": 2853000000, "nonRecurring": {}, "otherOperatingExpenses": 3041900000, "totalOperatingExpenses": 24344300000, "operatingIncome": 1281600000, "totalOtherIncomeExpenseNet": -222100000, "ebit": 1281600000, "interestExpense": -437800000, "incomeBeforeTax": 1059500000, "incomeTaxExpense": 304600000, "minorityInterest": 232900000, "netIncomeFromContinuingOps": 754900000, "discontinuedOperations": {}, "extraordinaryItems": {}, "effectOfAccountingCharges": {}, "otherItems": {}, "netIncome": 750800000, "netIncomeApplicableToCommonShares": 750800000}, {"maxAge": 1, "endDate": "2017-03-31", "totalRevenue": 21728700000, "costOfRevenue": 14516600000, "grossProfit": 7212100000, "researchDevelopment": {}, "sellingGeneralAdministrative": 2604200000, "nonRecurring": {}, "otherOperatingExpenses": 2682300000, "totalOperatingExpenses": 20441800000, "operatingIncome": 1286900000, "totalOtherIncomeExpenseNet": -509900000, "ebit": 1286900000, "interestExpense": -469800000, "incomeBeforeTax": 777000000, "incomeTaxExpense": 184600000, "minorityInterest": 232900000, "netIncomeFromContinuingOps": 592400000, "discontinuedOperations": {}, "extraordinaryItems": {}, "effectOfAccountingCharges": {}, "otherItems": {}, "netIncome": 592400000, "netIncomeApplicableToCommonShares": 592400000}], "maxAge": 86400}, "fundOwnership": {"ownershipList": [{"maxAge": 1, "reportDate": "2021-01-31", "organization": "DFA Emerging Markets Core Equity Portfolio", "pctHeld": 0.0004, "position": 4388, "value": 2077498}, {"maxAge": 1, "reportDate": "2021-01-31", "organization": "DFA Emerging Markets Small Cap Series", "pctHeld": 0.00029999999, "position": 3448, "value": 1632455}, {"maxAge": 1, "reportDate": "2021-01-31", "organization": "DFA Investment Dimensions-Emerging Markets Social Core Equity", "pctHeld": 0.0001, "position": 1390, "value": 658095}, {"maxAge": 1, "reportDate": "2021-01-31", "organization": "DFA Investment Dimensions-World Ex U.S. Core Equity Port", "pctHeld": 0.0001, "position": 735, "value": 347985}, {"maxAge": 1, "reportDate": "2021-01-31", "organization": "John Hancock Fds II-Emerging Markets Fund", "pctHeld": 0.0001, "position": 626, "value": 296379}], "maxAge": 1}, "summaryDetail": {"maxAge": 1, "priceHint": 2, "previousClose": 455.35, "open": 458.5, "dayLow": 444.0, "dayHigh": 458.5, "regularMarketPreviousClose": 455.35, "regularMarketOpen": 458.5, "regularMarketDayLow": 444.0, "regularMarketDayHigh": 458.5, "dividendRate": 5.3, "dividendYield": 0.0116, "exDividendDate": "2020-07-22 05:30:00", "fiveYearAvgDividendYield": 1.1, "beta": 1.048423, "forwardPE": 9.263114, "volume": 8567, "regularMarketVolume": 8567, "averageVolume": 35681, "averageVolume10days": 190695, "averageDailyVolume10Day": 190695, "bid": 0.0, "ask": 0.0, "bidSize": 0, "askSize": 0, "marketCap": 10801618944, "fiftyTwoWeekLow": 319.7, "fiftyTwoWeekHigh": 600.0, "priceToSalesTrailing12Months": 0.5206578, "fiftyDayAverage": 466.38382, "twoHundredDayAverage": 448.42908, "trailingAnnualDividendRate": 2.65, "trailingAnnualDividendYield": 0.0058196993, "currency": "INR", "fromCurrency": null, "lastMarket": null, "algorithm": null, "tradeable": false}, "insiderHolders": {"holders": [{"maxAge": 1, "name": "India Motor Parts & Accessories Ltd", "relation": "Promoter", "url": "", "transactionDescription": "Acquisition", "latestTransDate": "2021-03-23", "positionDirect": 1098655, "positionDirectDate": "2021-03-23"}, {"maxAge": 1, "name": "Prasad (S)", "relation": "Independent Non-Executive Director", "url": "", "transactionDescription": "Other", "latestTransDate": "2019-12-17", "positionDirect": 0, "positionDirectDate": "2019-12-17"}, {"maxAge": 1, "name": "Ram (Nivedita)", "relation": "UNREPORTED", "url": "", "transactionDescription": "Acquisition", "latestTransDate": "2019-09-30", "positionDirect": 177600, "positionDirectDate": "2019-09-30"}, {"maxAge": 1, "name": "Titan Europe Plc", "relation": "Promoter", "url": "", "transactionDescription": "Sale", "latestTransDate": "2020-06-29", "positionDirectDate": "2020-06-29"}], "maxAge": 1}, "calendarEvents": {"maxAge": 1, "earnings": {"earningsDate": ["2020-10-30 05:30:S"]}, "exDividendDate": "2020-07-22 05:30:00"}, "upgradeDowngradeHistory": {"history": [], "maxAge": 86400}, "price": {"maxAge": 1, "regularMarketChangePercent": -0.02272978, "regularMarketChange": -10.350006, "regularMarketTime": "2021-04-30 15:29:11", "priceHint": 2, "regularMarketPrice": 445.0, "regularMarketDayHigh": 458.5, "regularMarketDayLow": 444.0, "regularMarketVolume": 8567, "averageDailyVolume10Day": 190695, "averageDailyVolume3Month": 35681, "regularMarketPreviousClose": 455.35, "regularMarketSource": "FREE_REALTIME", "regularMarketOpen": 458.5, "exchange": "NSI", "exchangeName": "NSE", "exchangeDataDelayedBy": 15, "marketState": "CLOSED", "quoteType": "EQUITY", "symbol": "WHEELS.NS", "underlyingSymbol": null, "shortName": "WHEELS INDIA LTD", "longName": "Wheels India Limited", "currency": "INR", "quoteSourceName": "Delayed Quote", "currencySymbol": "\u20b9", "fromCurrency": null, "lastMarket": null, "marketCap": 10801618944}, "balanceSheetHistory": {"balanceSheetStatements": [{"maxAge": 1, "endDate": "2020-03-31", "cash": 44600000, "netReceivables": 4909400000, "inventory": 4116600000, "otherCurrentAssets": 599400000, "totalCurrentAssets": 9797900000, "longTermInvestments": 232900000, "propertyPlantEquipment": 9457600000, "intangibleAssets": 49400000, "otherAssets": 332400000, "totalAssets": 19870200000, "accountsPayable": 5053500000, "shortLongTermDebt": 1295500000, "otherCurrentLiab": 326500000, "longTermDebt": 2829700000, "otherLiab": 516400000, "minorityInterest": 209800000, "totalCurrentLiabilities": 9604900000, "totalLiab": 13023100000, "commonStock": 240600000, "retainedEarnings": 5131100000, "treasuryStock": -49600000, "capitalSurplus": 1315200000, "otherStockholderEquity": -49600000, "totalStockholderEquity": 6637300000, "netTangibleAssets": 6587900000}, {"maxAge": 1, "endDate": "2019-03-31", "cash": 29100000, "shortTermInvestments": 41200000, "netReceivables": 6047100000, "inventory": 4351700000, "otherCurrentAssets": 1058200000, "totalCurrentAssets": 11710700000, "longTermInvestments": 250500000, "propertyPlantEquipment": 7695600000, "intangibleAssets": 62500000, "otherAssets": 428900000, "totalAssets": 20148200000, "accountsPayable": 6450800000, "shortLongTermDebt": 727500000, "otherCurrentLiab": 274500000, "longTermDebt": 2004500000, "otherLiab": 754400000, "minorityInterest": 228500000, "totalCurrentLiabilities": 10757400000, "totalLiab": 13516300000, "commonStock": 240600000, "retainedEarnings": 4865300000, "treasuryStock": -17700000, "capitalSurplus": 1315200000, "otherStockholderEquity": -17700000, "totalStockholderEquity": 6403400000, "netTangibleAssets": 6340900000}, {"maxAge": 1, "endDate": "2018-03-31", "cash": 45200000, "shortTermInvestments": 48700000, "netReceivables": 4960800000, "inventory": 3742500000, "otherCurrentAssets": 979100000, "totalCurrentAssets": 9901200000, "longTermInvestments": 215700000, "propertyPlantEquipment": 6193000000, "intangibleAssets": 26800000, "otherAssets": 292000000, "totalAssets": 16628700000, "accountsPayable": 4918100000, "shortLongTermDebt": 663600000, "otherCurrentLiab": 423800000, "longTermDebt": 1337200000, "otherLiab": 614400000, "minorityInterest": 232900000, "totalCurrentLiabilities": 8578000000, "totalLiab": 10529600000, "commonStock": 120300000, "retainedEarnings": 4325000000, "treasuryStock": -14600000, "capitalSurplus": 1435500000, "otherStockholderEquity": -14600000, "totalStockholderEquity": 5866200000, "netTangibleAssets": 5839400000}, {"maxAge": 1, "endDate": "2017-03-31", "cash": 33100000, "shortTermInvestments": 58100000, "netReceivables": 4482600000, "inventory": 2792300000, "otherCurrentAssets": 364800000, "totalCurrentAssets": 7812600000, "longTermInvestments": 194700000, "propertyPlantEquipment": 5464300000, "intangibleAssets": 18400000, "otherAssets": 203000000, "totalAssets": 13693000000, "accountsPayable": 4218300000, "shortLongTermDebt": 962400000, "otherCurrentLiab": 68900000, "longTermDebt": 1265700000, "otherLiab": 628900000, "totalCurrentLiabilities": 7111500000, "totalLiab": 9006100000, "commonStock": 120300000, "retainedEarnings": 3777000000, "treasuryStock": -31700000, "capitalSurplus": 821300000, "otherStockholderEquity": -31700000, "totalStockholderEquity": 4686900000, "netTangibleAssets": 4668500000}], "maxAge": 86400}, "earningsTrend": {"trend": [{"maxAge": 1, "period": "0q", "endDate": "2018-12-31", "growth": {}, "earningsEstimate": {"avg": 0.0, "low": 0.0, "high": 0.0, "yearAgoEps": 4.6, "numberOfAnalysts": 0, "growth": {}}, "revenueEstimate": {"avg": 0, "low": 0, "high": 0, "numberOfAnalysts": 0, "yearAgoRevenue": {}, "growth": {}}, "epsTrend": {"current": 0.0, "7daysAgo": 0.0, "30daysAgo": 0.0, "60daysAgo": 0.0, "90daysAgo": 0.0}, "epsRevisions": {"upLast7days": 0, "upLast30days": 0, "downLast30days": 0, "downLast90days": {}}}, {"maxAge": 1, "period": "+1q", "endDate": "2019-03-31", "growth": {}, "earningsEstimate": {"avg": 0.0, "low": 0.0, "high": 0.0, "yearAgoEps": 5.37, "numberOfAnalysts": 0, "growth": {}}, "revenueEstimate": {"avg": 0, "low": 0, "high": 0, "numberOfAnalysts": 0, "yearAgoRevenue": {}, "growth": {}}, "epsTrend": {"current": 0.0, "7daysAgo": 0.0, "30daysAgo": 0.0, "60daysAgo": 0.0, "90daysAgo": 0.0}, "epsRevisions": {"upLast7days": 0, "upLast30days": 0, "downLast30days": 0, "downLast90days": {}}}, {"maxAge": 1, "period": "0y", "endDate": "2019-03-31", "growth": {}, "earningsEstimate": {"avg": 0.0, "low": 0.0, "high": 0.0, "yearAgoEps": {}, "numberOfAnalysts": 0, "growth": {}}, "revenueEstimate": {"avg": 30094400000, "low": 30094400000, "high": 30094400000, "numberOfAnalysts": 1, "yearAgoRevenue": 25625900000, "growth": 0.174}, "epsTrend": {"current": 0.0, "7daysAgo": 32.35, "30daysAgo": 32.35, "60daysAgo": 32.35, "90daysAgo": 32.35}, "epsRevisions": {"upLast7days": 0, "upLast30days": 0, "downLast30days": 1, "downLast90days": {}}}, {"maxAge": 1, "period": "+1y", "endDate": "2020-03-31", "growth": {}, "earningsEstimate": {"avg": 0.0, "low": 0.0, "high": 0.0, "yearAgoEps": {}, "numberOfAnalysts": 0, "growth": {}}, "revenueEstimate": {"avg": 34909600000, "low": 34909600000, "high": 34909600000, "numberOfAnalysts": 1, "yearAgoRevenue": 30094400000, "growth": 0.16}, "epsTrend": {"current": 0.0, "7daysAgo": 37.28, "30daysAgo": 37.28, "60daysAgo": 37.28, "90daysAgo": 37.28}, "epsRevisions": {"upLast7days": 0, "upLast30days": 0, "downLast30days": 1, "downLast90days": {}}}, {"maxAge": 1, "period": "+5y", "endDate": null, "growth": 1.08, "earningsEstimate": {"avg": {}, "low": {}, "high": {}, "yearAgoEps": {}, "numberOfAnalysts": {}, "growth": {}}, "revenueEstimate": {"avg": {}, "low": {}, "high": {}, "numberOfAnalysts": {}, "yearAgoRevenue": {}, "growth": {}}, "epsTrend": {"current": {}, "7daysAgo": {}, "30daysAgo": {}, "60daysAgo": {}, "90daysAgo": {}}, "epsRevisions": {"upLast7days": {}, "upLast30days": {}, "downLast30days": {}, "downLast90days": {}}}, {"maxAge": 1, "period": "-5y", "endDate": null, "growth": {}, "earningsEstimate": {"avg": {}, "low": {}, "high": {}, "yearAgoEps": {}, "numberOfAnalysts": {}, "growth": {}}, "revenueEstimate": {"avg": {}, "low": {}, "high": {}, "numberOfAnalysts": {}, "yearAgoRevenue": {}, "growth": {}}, "epsTrend": {"current": {}, "7daysAgo": {}, "30daysAgo": {}, "60daysAgo": {}, "90daysAgo": {}}, "epsRevisions": {"upLast7days": {}, "upLast30days": {}, "downLast30days": {}, "downLast90days": {}}}], "maxAge": 1}, "institutionOwnership": {"ownershipList": [], "maxAge": 1}, "majorHoldersBreakdown": {"maxAge": 1, "insidersPercentHeld": 0.67133003, "institutionsPercentHeld": 0.22920999, "institutionsFloatPercentHeld": 0.69738996, "institutionsCount": 7}, "balanceSheetHistoryQuarterly": {"balanceSheetStatements": [{"maxAge": 1, "endDate": "2020-12-31", "totalStockholderEquity": 6212700000, "netTangibleAssets": 6175700000}, {"maxAge": 1, "endDate": "2020-09-30", "cash": 47700000, "shortTermInvestments": 51400000, "netReceivables": 4782200000, "inventory": 4107900000, "otherCurrentAssets": 971600000, "totalCurrentAssets": 9960800000, "longTermInvestments": 220400000, "propertyPlantEquipment": 9790300000, "intangibleAssets": 37000000, "otherAssets": 261100000, "totalAssets": 20269600000, "accountsPayable": 5286200000, "shortLongTermDebt": 1667900000, "otherCurrentLiab": 863700000, "longTermDebt": 3011500000, "otherLiab": 457900000, "minorityInterest": 192600000, "totalCurrentLiabilities": 10394900000, "totalLiab": 13864300000, "commonStock": 240600000, "treasuryStock": 5972100000, "otherStockholderEquity": 5972100000, "totalStockholderEquity": 6212700000, "netTangibleAssets": 6175700000}, {"maxAge": 1, "endDate": "2020-06-30", "totalStockholderEquity": 6637300000, "netTangibleAssets": 6587900000}, {"maxAge": 1, "endDate": "2020-03-31", "cash": 44600000, "netReceivables": 4909400000, "inventory": 4116600000, "otherCurrentAssets": 599400000, "totalCurrentAssets": 9797900000, "longTermInvestments": 232900000, "propertyPlantEquipment": 9457600000, "intangibleAssets": 49400000, "otherAssets": 332400000, "totalAssets": 19870200000, "accountsPayable": 5053500000, "shortLongTermDebt": 1295500000, "otherCurrentLiab": 326500000, "longTermDebt": 2829700000, "otherLiab": 516400000, "minorityInterest": 209800000, "totalCurrentLiabilities": 9604900000, "totalLiab": 13023100000, "commonStock": 240600000, "retainedEarnings": 5131100000, "treasuryStock": -49600000, "capitalSurplus": 1315200000, "otherStockholderEquity": -49600000, "totalStockholderEquity": 6637300000, "netTangibleAssets": 6587900000}], "maxAge": 86400}, "earningsHistory": {"history": [{"maxAge": 1, "epsActual": 4.6, "epsEstimate": 6.87, "epsDifference": -2.27, "surprisePercent": -0.33, "quarter": "2017-03-31", "period": "-4q"}, {"maxAge": 1, "epsActual": 5.37, "epsEstimate": 6.09, "epsDifference": -0.72, "surprisePercent": -0.118, "quarter": "2017-12-31", "period": "-3q"}, {"maxAge": 1, "epsActual": 14.97, "epsEstimate": 7.65, "epsDifference": 7.32, "surprisePercent": 0.95699996, "quarter": "2018-06-30", "period": "-2q"}, {"maxAge": 1, "epsActual": 9.42, "epsEstimate": 11.48, "epsDifference": -2.06, "surprisePercent": -0.17899999, "quarter": "2018-09-30", "period": "-1q"}], "maxAge": 86400}, "summaryProfile": {"address1": "Padi", "city": "Chennai", "zip": "600050", "country": "India", "phone": "91 44 2625 8511", "fax": "91 44 2625 7121", "website": "http://www.wheelsindia.com", "industry": "Auto Parts", "sector": "Consumer Cyclical", "longBusinessSummary": "Wheels India Limited manufactures and sells automotive and industrial components in India and internationally. The company offers steel wheels for use in heavy and light vehicles, as well as for agricultural applications; off-road construction wheels, wire wheels, and forged aluminum wheels; air suspension systems for buses, trucks and trailers, control and specialty products, and other vehicle applications; and wind turbines and machined components for various other applications. It also provides beams, boxes, columns, auto welded and manually welded plates, and rolled sections; and fabrication services for construction and mining equipment sector. Wheels India Limited was incorporated in 1960 and is based in Chennai, India.", "fullTimeEmployees": 2321, "companyOfficers": [], "maxAge": 86400}, "netSharePurchaseActivity": {"maxAge": 1, "period": "6m", "buyInfoCount": 0, "buyInfoShares": 0, "sellInfoCount": 0, "netInfoCount": 0, "netInfoShares": 0, "netPercentInsiderShares": 0.0, "totalInsiderShares": 16162637}, "insiderTransactions": {"transactions": [{"maxAge": 1, "shares": 584655, "value": 3598142, "filerUrl": "", "transactionText": "Acquisition at price 6.15 per share.", "filerName": "India Motor Parts & Accessories Ltd", "filerRelation": "Promoter", "moneyText": "", "startDate": "2021-03-23", "ownership": "D"}, {"maxAge": 1, "shares": 3612091, "value": 20465385, "filerUrl": "", "transactionText": "Sale at price 5.67 per share.", "filerName": "Titan Europe Plc", "filerRelation": "Promoter", "moneyText": "", "startDate": "2020-06-29", "ownership": "D"}, {"maxAge": 1, "shares": 1200821, "filerUrl": "", "transactionText": "", "filerName": "Titan Europe Plc", "filerRelation": "Promoter", "moneyText": "", "startDate": "2020-06-04", "ownership": "D"}, {"maxAge": 1, "shares": 916592, "filerUrl": "", "transactionText": "", "filerName": "Titan Europe Plc", "filerRelation": "Promoter", "moneyText": "", "startDate": "2020-02-20", "ownership": "D"}, {"maxAge": 1, "shares": 0, "filerUrl": "", "transactionText": "", "filerName": "Titan Europe Plc", "filerRelation": "Promoter", "moneyText": "", "startDate": "2020-02-20", "ownership": "I"}, {"maxAge": 1, "shares": 3200, "filerUrl": "", "transactionText": "", "filerName": "Prasad (S)", "filerRelation": "Independent Non-Executive Director", "moneyText": "", "startDate": "2019-12-17", "ownership": "D"}, {"maxAge": 1, "shares": 177600, "filerUrl": "", "transactionText": "", "filerName": "Ram (Nivedita)", "filerRelation": "UNREPORTED", "moneyText": "", "startDate": "2019-09-30", "ownership": "D"}, {"maxAge": 1, "shares": 1610864, "filerUrl": "", "transactionText": "", "filerName": "Titan Europe Plc", "filerRelation": "Promoter", "moneyText": "", "startDate": "2019-09-30", "ownership": "D"}, {"maxAge": 1, "shares": 574170, "filerUrl": "", "transactionText": "", "filerName": "Titan Europe Plc", "filerRelation": "Promoter", "moneyText": "", "startDate": "2013-05-10", "ownership": "D"}], "maxAge": 1}, "sectorTrend": {"maxAge": 1, "symbol": null, "estimates": []}, "incomeStatementHistoryQuarterly": {"incomeStatementHistory": [{"maxAge": 1, "endDate": "2020-12-31", "totalRevenue": 7080800000, "costOfRevenue": 4870900000, "grossProfit": 2209900000, "researchDevelopment": {}, "sellingGeneralAdministrative": 809500000, "nonRecurring": {}, "otherOperatingExpenses": 858600000, "totalOperatingExpenses": 6769200000, "operatingIncome": 311600000, "totalOtherIncomeExpenseNet": -135000000, "ebit": 311600000, "interestExpense": -151000000, "incomeBeforeTax": 176600000, "incomeTaxExpense": 55400000, "minorityInterest": {}, "netIncomeFromContinuingOps": 121200000, "discontinuedOperations": {}, "extraordinaryItems": {}, "effectOfAccountingCharges": {}, "otherItems": {}, "netIncome": 121100000, "netIncomeApplicableToCommonShares": 121100000}, {"maxAge": 1, "endDate": "2020-09-30", "totalRevenue": 5620800000, "costOfRevenue": 3773000000, "grossProfit": 1847800000, "researchDevelopment": {}, "sellingGeneralAdministrative": 730200000, "nonRecurring": {}, "otherOperatingExpenses": 703500000, "totalOperatingExpenses": 5403800000, "operatingIncome": 217000000, "totalOtherIncomeExpenseNet": -133600000, "ebit": 217000000, "interestExpense": -141800000, "incomeBeforeTax": 83400000, "incomeTaxExpense": 17600000, "minorityInterest": 192600000, "netIncomeFromContinuingOps": 65800000, "discontinuedOperations": {}, "extraordinaryItems": {}, "effectOfAccountingCharges": {}, "otherItems": {}, "netIncome": 68400000, "netIncomeApplicableToCommonShares": 68400000}, {"maxAge": 1, "endDate": "2020-06-30", "totalRevenue": 2164500000, "costOfRevenue": 1518100000, "grossProfit": 646400000, "researchDevelopment": {}, "sellingGeneralAdministrative": 587900000, "nonRecurring": {}, "otherOperatingExpenses": 338300000, "totalOperatingExpenses": 2623200000, "operatingIncome": -458700000, "totalOtherIncomeExpenseNet": -142300000, "ebit": -458700000, "interestExpense": -146800000, "incomeBeforeTax": -601000000, "incomeTaxExpense": -149300000, "minorityInterest": 192600000, "netIncomeFromContinuingOps": -451700000, "discontinuedOperations": {}, "extraordinaryItems": {}, "effectOfAccountingCharges": {}, "otherItems": {}, "netIncome": -437100000, "netIncomeApplicableToCommonShares": -437100000}, {"maxAge": 1, "endDate": "2020-03-31", "totalRevenue": 5886100000, "costOfRevenue": 4208800000, "grossProfit": 1677300000, "researchDevelopment": {}, "sellingGeneralAdministrative": 914500000, "nonRecurring": {}, "otherOperatingExpenses": 408100000, "totalOperatingExpenses": 5731200000, "operatingIncome": 154900000, "totalOtherIncomeExpenseNet": -123400000, "ebit": 154900000, "interestExpense": -153900000, "incomeBeforeTax": 31500000, "incomeTaxExpense": 3700000, "minorityInterest": 209800000, "netIncomeFromContinuingOps": 27800000, "discontinuedOperations": {}, "extraordinaryItems": {}, "effectOfAccountingCharges": {}, "otherItems": {}, "netIncome": 34100000, "netIncomeApplicableToCommonShares": 34100000}], "maxAge": 86400}, "cashflowStatementHistoryQuarterly": {"cashflowStatements": [{"maxAge": 1, "endDate": "2020-12-31", "netIncome": 121100000, "changeToLiabilities": 0}, {"maxAge": 1, "endDate": "2020-09-30", "netIncome": 68400000, "changeToLiabilities": 0}, {"maxAge": 1, "endDate": "2020-06-30", "netIncome": -437100000, "changeToLiabilities": 0}, {"maxAge": 1, "endDate": "2020-03-31", "netIncome": 34100000, "changeToLiabilities": 0}], "maxAge": 86400}, "earnings": {"maxAge": 86400, "earningsChart": {"quarterly": [{"date": "1Q2017", "actual": 4.6, "estimate": 6.87}, {"date": "4Q2017", "actual": 5.37, "estimate": 6.09}, {"date": "2Q2018", "actual": 14.97, "estimate": 7.65}, {"date": "3Q2018", "actual": 9.42, "estimate": 11.48}], "currentQuarterEstimateDate": "4Q", "currentQuarterEstimateYear": 2018, "earningsDate": ["2020-10-30 05:30:S"]}, "financialsChart": {"yearly": [{"date": 2017, "revenue": 21728700000, "earnings": 592400000}, {"date": 2018, "revenue": 25625900000, "earnings": 750800000}, {"date": 2019, "revenue": 34413300000, "earnings": 765100000}, {"date": 2020, "revenue": 26716100000, "earnings": 490600000}], "quarterly": [{"date": "1Q2020", "revenue": 5886100000, "earnings": 34100000}, {"date": "2Q2020", "revenue": 2164500000, "earnings": -437100000}, {"date": "3Q2020", "revenue": 5620800000, "earnings": 68400000}, {"date": "4Q2020", "revenue": 7080800000, "earnings": 121100000}]}, "financialCurrency": "INR"}, "financialData": {"maxAge": 86400, "currentPrice": 445.0, "targetHighPrice": 982.0, "targetLowPrice": 982.0, "targetMeanPrice": 982.0, "targetMedianPrice": 982.0, "recommendationKey": "none", "numberOfAnalystOpinions": 1, "totalCash": 99100000, "totalCashPerShare": 4.116, "ebitda": 951974976, "totalDebt": 7256500224, "totalRevenue": 20746100736, "debtToEquity": 113.289, "revenuePerShare": 862.159, "grossProfits": 7924100000, "earningsGrowth": 0.471, "revenueGrowth": 0.103, "grossMargins": 0.30759, "ebitdaMargins": 0.045890003, "operatingMargins": 0.01084, "profitMargins": -0.010290001, "financialCurrency": "INR"}}}