{"WHIRLPOOL.NS": {"assetProfile": {"address1": "Whirlpool House", "address2": "Plot No. 40 Sector- 44", "city": "Gurugram", "zip": "122002", "country": "India", "phone": "91 12 4459 1300", "fax": "91 12 4459 1301", "website": "http://www.whirlpoolindia.com", "industry": "Consumer Electronics", "sector": "Technology", "longBusinessSummary": "Whirlpool of India Limited manufactures and trades in home appliances under the Whirlpool brand in India and internationally. The company primarily offers refrigerators, washing machines, air conditioners, microwave ovens, and small appliances, as well as air and water purifiers. It also provides built-in appliances, including built-in ovens, coffee machines, microwave ovens, cooker hoods, hobs, dishwashers, wine coolers, and washers and dryers, as well as commercial appliances and accessories. It also exports its products to Afghanistan, China, and Sri Lanka. The company was incorporated in 1960 and is headquartered in Gurugram, India. Whirlpool of India Limited is a subsidiary of Whirlpool Mauritius Limited.", "fullTimeEmployees": 2842, "companyOfficers": [{"maxAge": 1, "name": "Ms. Roopali  Singh", "title": "Sr. Director of Legal & Secretarial, Compliance Officer and Company Sec.", "fiscalYear": 2020, "totalPay": 11639000, "exercisedValue": 0, "unexercisedValue": 0}, {"maxAge": 1, "name": "Mr. Arumalla Hari Bhavanarayana Reddy", "age": 56, "title": "Director of Pune Plant & Exec. Director", "yearBorn": 1964, "fiscalYear": 2020, "totalPay": 11794000, "exercisedValue": 0, "unexercisedValue": 0}, {"maxAge": 1, "name": "Mr. Vishal  Bhola", "age": 48, "title": "MD & Additional Director", "yearBorn": 1972, "exercisedValue": 0, "unexercisedValue": 0}, {"maxAge": 1, "name": "Mr. Aditya  Jain", "title": "Chief Financial Officer", "exercisedValue": 0, "unexercisedValue": 0}, {"maxAge": 1, "name": "Mr. Hari  Nair", "age": 70, "title": "Chief Design Officer", "yearBorn": 1950, "exercisedValue": 0, "unexercisedValue": 0}, {"maxAge": 1, "name": "Ganesh  Subramanian", "age": 52, "title": "Head of Service Quality & Systems and Training", "yearBorn": 1968, "exercisedValue": 0, "unexercisedValue": 0}, {"maxAge": 1, "name": "Mr. Mahesh  Krishna", "age": 50, "title": "VP", "yearBorn": 1970, "fiscalYear": 2009, "exercisedValue": 0, "unexercisedValue": 0}, {"maxAge": 1, "name": "Mr. Vikas  Singhal", "age": 53, "title": "VP of Manufacturing & Supply Chain", "yearBorn": 1967, "fiscalYear": 2018, "exercisedValue": 0, "unexercisedValue": 0}, {"maxAge": 1, "name": "Mr. Rajiv  Kapur", "age": 60, "title": "VP of New Bus. & Consumer Interface", "yearBorn": 1960, "exercisedValue": 0, "unexercisedValue": 0}], "auditRisk": 6, "boardRisk": 6, "compensationRisk": 1, "shareHolderRightsRisk": 8, "overallRisk": 7, "governanceEpochDate": "2021-04-01 05:30:00", "compensationAsOfEpochDate": "2020-12-31 05:30:00", "maxAge": 86400}, "cashflowStatementHistory": {"cashflowStatements": [{"maxAge": 1, "endDate": "2020-03-31", "netIncome": 4901900000, "depreciation": 1300500000, "changeToNetincome": -1300500000, "changeToAccountReceivables": -263700000, "changeToLiabilities": 1674400000, "changeToInventory": -3102900000, "changeToOperatingActivities": 570100000, "totalCashFromOperatingActivities": 3802200000, "capitalExpenditures": -3072500000, "investments": 1377400000, "otherCashflowsFromInvestingActivities": 951700000, "totalCashflowsFromInvestingActivities": -719800000, "dividendsPaid": -634400000, "netBorrowings": -80400000, "otherCashflowsFromFinancingActivities": -157100000, "totalCashFromFinancingActivities": -871900000, "changeInCash": 2210500000}, {"maxAge": 1, "endDate": "2019-03-31", "netIncome": 4097400000, "depreciation": 1123100000, "changeToNetincome": -1182700000, "changeToAccountReceivables": -163000000, "changeToLiabilities": 873500000, "changeToInventory": -784800000, "changeToOperatingActivities": 41200000, "totalCashFromOperatingActivities": 4024800000, "capitalExpenditures": -1872500000, "investments": -1631100000, "otherCashflowsFromInvestingActivities": 875900000, "totalCashflowsFromInvestingActivities": -2619000000, "dividendsPaid": -502000000, "netBorrowings": -80400000, "otherCashflowsFromFinancingActivities": -117200000, "totalCashFromFinancingActivities": -619200000, "changeInCash": 786600000}, {"maxAge": 1, "endDate": "2018-03-31", "netIncome": 3506700000, "depreciation": 1016800000, "changeToNetincome": -709700000, "changeToAccountReceivables": -339600000, "changeToLiabilities": 36700000, "changeToInventory": 786400000, "changeToOperatingActivities": -471600000, "totalCashFromOperatingActivities": 3842400000, "capitalExpenditures": -1561400000, "investments": -3202900000, "otherCashflowsFromInvestingActivities": 608400000, "totalCashflowsFromInvestingActivities": -4151200000, "dividendsPaid": -378400000, "netBorrowings": -80400000, "otherCashflowsFromFinancingActivities": -86400000, "totalCashFromFinancingActivities": -464800000, "changeInCash": -773600000}, {"maxAge": 1, "endDate": "2017-03-31", "netIncome": 3104900000, "depreciation": 860600000, "changeToNetincome": -664100000, "changeToAccountReceivables": -133900000, "changeToLiabilities": 2697200000, "changeToInventory": -2052400000, "changeToOperatingActivities": 9200000, "totalCashFromOperatingActivities": 3835500000, "capitalExpenditures": -1121600000, "investments": -1371300000, "otherCashflowsFromInvestingActivities": 689000000, "totalCashflowsFromInvestingActivities": -1800500000, "dividendsPaid": -378400000, "netBorrowings": -80400000, "otherCashflowsFromFinancingActivities": -12600000, "totalCashFromFinancingActivities": -12600000, "changeInCash": 2022400000}], "maxAge": 86400}, "institutionOwnership": {"ownershipList": [{"maxAge": 1, "reportDate": "2020-12-31", "organization": "Stanley-Laman Group, Ltd.", "pctHeld": 0.00029999999, "position": 34000, "value": 89386000}], "maxAge": 1}, "majorHoldersBreakdown": {"maxAge": 1, "insidersPercentHeld": 0.75, "institutionsPercentHeld": 0.10873, "institutionsFloatPercentHeld": 0.43493, "institutionsCount": 55}, "balanceSheetHistoryQuarterly": {"balanceSheetStatements": [{"maxAge": 1, "endDate": "2020-12-31", "totalStockholderEquity": 26541700000, "netTangibleAssets": 26501100000}, {"maxAge": 1, "endDate": "2020-09-30", "cash": 19485300000, "shortTermInvestments": 25500000, "netReceivables": 2231800000, "inventory": 7940500000, "otherCurrentAssets": 854300000, "totalCurrentAssets": 30537400000, "longTermInvestments": 1943000000, "propertyPlantEquipment": 7176500000, "intangibleAssets": 40600000, "otherAssets": 1474600000, "deferredLongTermAssetCharges": 427000000, "totalAssets": 41172100000, "accountsPayable": 10977800000, "otherCurrentLiab": 1236400000, "otherLiab": 2270200000, "totalCurrentLiabilities": 12214200000, "totalLiab": 14630400000, "commonStock": 1268700000, "treasuryStock": 25273000000, "otherStockholderEquity": 25273000000, "totalStockholderEquity": 26541700000, "netTangibleAssets": 26501100000}, {"maxAge": 1, "endDate": "2020-06-30", "totalStockholderEquity": 25634800000, "netTangibleAssets": 25580500000}, {"maxAge": 1, "endDate": "2020-03-31", "cash": 12741600000, "shortTermInvestments": 3783300000, "netReceivables": 3010200000, "inventory": 11988900000, "otherCurrentAssets": 1293200000, "totalCurrentAssets": 32817200000, "longTermInvestments": 1888200000, "propertyPlantEquipment": 7475600000, "intangibleAssets": 54300000, "otherAssets": 1367400000, "deferredLongTermAssetCharges": 374900000, "totalAssets": 43602700000, "accountsPayable": 14291500000, "otherCurrentLiab": 1100000000, "otherLiab": 2143800000, "totalCurrentLiabilities": 15676900000, "totalLiab": 17967900000, "commonStock": 1268700000, "retainedEarnings": 22164600000, "treasuryStock": 2074600000, "capitalSurplus": 126900000, "otherStockholderEquity": 2074600000, "totalStockholderEquity": 25634800000, "netTangibleAssets": 25580500000}], "maxAge": 86400}, "indexTrend": {"maxAge": 1, "symbol": "SP5", "peRatio": 19.7411, "pegRatio": 1.34172, "estimates": [{"period": "0q", "growth": 0.549}, {"period": "+1q", "growth": 0.431}, {"period": "0y", "growth": 0.305}, {"period": "+1y", "growth": 0.109}, {"period": "+5y", "growth": 0.120865}, {"period": "-5y"}]}, "defaultKeyStatistics": {"maxAge": 1, "priceHint": 2, "enterpriseValue": 256361611264, "profitMargins": 0.05738, "floatShares": 31743772, "sharesOutstanding": 126872000, "heldPercentInsiders": 0.75, "heldPercentInstitutions": 0.10873, "beta": 0.771128, "category": null, "bookValue": 209.109, "priceToBook": 10.623407, "fundFamily": null, "legalType": null, "lastFiscalYearEnd": "2020-03-31 05:30:00", "nextFiscalYearEnd": "2022-03-31 05:30:00", "mostRecentQuarter": "2020-12-31 05:30:00", "earningsQuarterlyGrowth": -0.067, "netIncomeToCommon": 3141100032, "trailingEps": 24.757, "lastSplitFactor": null, "enterpriseToRevenue": 4.683, "enterpriseToEbitda": 56.679}, "summaryProfile": {"address1": "Whirlpool House", "address2": "Plot No. 40 Sector- 44", "city": "Gurugram", "zip": "122002", "country": "India", "phone": "91 12 4459 1300", "fax": "91 12 4459 1301", "website": "http://www.whirlpoolindia.com", "industry": "Consumer Electronics", "sector": "Technology", "longBusinessSummary": "Whirlpool of India Limited manufactures and trades in home appliances under the Whirlpool brand in India and internationally. The company primarily offers refrigerators, washing machines, air conditioners, microwave ovens, and small appliances, as well as air and water purifiers. It also provides built-in appliances, including built-in ovens, coffee machines, microwave ovens, cooker hoods, hobs, dishwashers, wine coolers, and washers and dryers, as well as commercial appliances and accessories. It also exports its products to Afghanistan, China, and Sri Lanka. The company was incorporated in 1960 and is headquartered in Gurugram, India. Whirlpool of India Limited is a subsidiary of Whirlpool Mauritius Limited.", "fullTimeEmployees": 2842, "companyOfficers": [], "maxAge": 86400}, "netSharePurchaseActivity": {"maxAge": 1, "period": "6m", "buyInfoCount": 0, "buyInfoShares": 0, "sellInfoCount": 0, "netInfoCount": 0, "netInfoShares": 0, "netPercentInsiderShares": 0.0, "totalInsiderShares": 95231312}, "quoteType": {"exchange": "NSI", "quoteType": "EQUITY", "symbol": "WHIRLPOOL.NS", "underlyingSymbol": "WHIRLPOOL.NS", "shortName": "WHIRLPOOL OF INDIA", "longName": "Whirlpool of India Limited", "firstTradeDateEpochUtc": "2002-08-12 09:15:00", "timeZoneFullName": "Asia/Kolkata", "timeZoneShortName": "IST", "uuid": "d82033da-2da9-3e12-a17b-2f46b3c8ea36", "gmtOffSetMilliseconds": 19800000, "maxAge": 1}, "incomeStatementHistory": {"incomeStatementHistory": [{"maxAge": 1, "endDate": "2020-03-31", "totalRevenue": 59925200000, "costOfRevenue": 36943100000, "grossProfit": 22982100000, "researchDevelopment": {}, "sellingGeneralAdministrative": 7729200000, "nonRecurring": {}, "otherOperatingExpenses": 8519400000, "totalOperatingExpenses": 54484900000, "operatingIncome": 5440300000, "totalOtherIncomeExpenseNet": 1227600000, "ebit": 5440300000, "interestExpense": -17800000, "incomeBeforeTax": 6667900000, "incomeTaxExpense": 1766000000, "minorityInterest": {}, "netIncomeFromContinuingOps": 4901900000, "discontinuedOperations": {}, "extraordinaryItems": {}, "effectOfAccountingCharges": {}, "otherItems": {}, "netIncome": 4901900000, "netIncomeApplicableToCommonShares": 4901900000}, {"maxAge": 1, "endDate": "2019-03-31", "totalRevenue": 53976500000, "costOfRevenue": 34063800000, "grossProfit": 19912700000, "researchDevelopment": {}, "sellingGeneralAdministrative": 6364100000, "nonRecurring": {}, "otherOperatingExpenses": 7126900000, "totalOperatingExpenses": 48667900000, "operatingIncome": 5308600000, "totalOtherIncomeExpenseNet": 983000000, "ebit": 5308600000, "interestExpense": -4600000, "incomeBeforeTax": 6291600000, "incomeTaxExpense": 2194200000, "minorityInterest": {}, "netIncomeFromContinuingOps": 4097400000, "discontinuedOperations": {}, "extraordinaryItems": {}, "effectOfAccountingCharges": {}, "otherItems": {}, "netIncome": 4097400000, "netIncomeApplicableToCommonShares": 4097400000}, {"maxAge": 1, "endDate": "2018-03-31", "totalRevenue": 48319100000, "costOfRevenue": 30282900000, "grossProfit": 18036200000, "researchDevelopment": {}, "sellingGeneralAdministrative": 6006600000, "nonRecurring": {}, "otherOperatingExpenses": 6422600000, "totalOperatingExpenses": 43727200000, "operatingIncome": 4591900000, "totalOtherIncomeExpenseNet": 816300000, "ebit": 4591900000, "interestExpense": -500000, "incomeBeforeTax": 5408200000, "incomeTaxExpense": 1901500000, "minorityInterest": {}, "netIncomeFromContinuingOps": 3506700000, "discontinuedOperations": {}, "extraordinaryItems": {}, "effectOfAccountingCharges": {}, "otherItems": {}, "netIncome": 3506700000, "netIncomeApplicableToCommonShares": 3506700000}, {"maxAge": 1, "endDate": "2017-03-31", "totalRevenue": 39407700000, "costOfRevenue": 23396000000, "grossProfit": 16011700000, "researchDevelopment": {}, "sellingGeneralAdministrative": 5314300000, "nonRecurring": {}, "otherOperatingExpenses": 5763600000, "totalOperatingExpenses": 35348000000, "operatingIncome": 4059700000, "totalOtherIncomeExpenseNet": 625100000, "ebit": 4059700000, "interestExpense": -5300000, "incomeBeforeTax": 4684800000, "incomeTaxExpense": 1579900000, "minorityInterest": {}, "netIncomeFromContinuingOps": 3104900000, "discontinuedOperations": {}, "extraordinaryItems": {}, "effectOfAccountingCharges": {}, "otherItems": {}, "netIncome": 3104900000, "netIncomeApplicableToCommonShares": 3104900000}], "maxAge": 86400}, "fundOwnership": {"ownershipList": [{"maxAge": 1, "reportDate": "2021-01-31", "organization": "Vanguard International Stock Index-Emerging Markets Stk", "pctHeld": 0.0033000002, "position": 418981, "value": 1069679442}, {"maxAge": 1, "reportDate": "2021-01-31", "organization": "Vanguard International Stock Index-Total Intl Stock Indx", "pctHeld": 0.0032, "position": 408294, "value": 1042394996}, {"maxAge": 1, "reportDate": "2020-12-31", "organization": "Matthews International  Fds-Matthews India Fd", "pctHeld": 0.0014, "position": 177005, "value": 465346145}, {"maxAge": 1, "reportDate": "2021-01-31", "organization": "DFA Emerging Markets Core Equity Portfolio", "pctHeld": 0.001, "position": 126817, "value": 323770141}, {"maxAge": 1, "reportDate": "2020-12-31", "organization": "Eaton Vance Greater India Portfolio", "pctHeld": 0.00059999997, "position": 81838, "value": 215152102}, {"maxAge": 1, "reportDate": "2021-01-31", "organization": "DFA Emerging Markets Small Cap Series", "pctHeld": 0.00059999997, "position": 71984, "value": 183778751}, {"maxAge": 1, "reportDate": "2021-01-31", "organization": "Vanguard Intl Equity Index Fds-FTSE All World ex U.S. Index Fund", "pctHeld": 0.0004, "position": 54960, "value": 140315628}, {"maxAge": 1, "reportDate": "2021-02-28", "organization": "Schwab Strategic Tr-Schwab Emerging Markets Equity ETF", "pctHeld": 0.00029999999, "position": 37438, "value": 90309815}, {"maxAge": 1, "reportDate": "2021-03-31", "organization": "Columbia ETF Trust II-Columbia India Consumer ETF", "pctHeld": 0.0002, "position": 28043, "value": 62440543}, {"maxAge": 1, "reportDate": "2021-01-31", "organization": "DFA Emerging Markets Series", "pctHeld": 0.0002, "position": 27842, "value": 71082018}], "maxAge": 1}, "summaryDetail": {"maxAge": 1, "priceHint": 2, "previousClose": 2171.5, "open": 2173.95, "dayLow": 2153.3, "dayHigh": 2249.85, "regularMarketPreviousClose": 2171.5, "regularMarketOpen": 2173.95, "regularMarketDayLow": 2153.3, "regularMarketDayHigh": 2249.85, "dividendRate": 5.0, "dividendYield": 0.0023, "exDividendDate": "2020-08-06 05:30:00", "payoutRatio": 0.2019, "beta": 0.771128, "trailingPE": 89.73018, "volume": 158159, "regularMarketVolume": 158159, "averageVolume": 125626, "averageVolume10days": 113716, "averageDailyVolume10Day": 113716, "bid": 0.0, "ask": 0.0, "bidSize": 0, "askSize": 0, "marketCap": 281948651520, "fiftyTwoWeekLow": 1715.7, "fiftyTwoWeekHigh": 2787.0, "priceToSalesTrailing12Months": 5.1505747, "fiftyDayAverage": 2363.2646, "twoHundredDayAverage": 2287.2664, "trailingAnnualDividendRate": 5.0, "trailingAnnualDividendYield": 0.0023025558, "currency": "INR", "fromCurrency": null, "lastMarket": null, "algorithm": null, "tradeable": false}, "incomeStatementHistoryQuarterly": {"incomeStatementHistory": [{"maxAge": 1, "endDate": "2020-12-31", "totalRevenue": 14939800000, "costOfRevenue": 9463900000, "grossProfit": 5475900000, "researchDevelopment": {}, "sellingGeneralAdministrative": 1684000000, "nonRecurring": {}, "otherOperatingExpenses": 2785900000, "totalOperatingExpenses": 14284900000, "operatingIncome": 654900000, "totalOtherIncomeExpenseNet": 285500000, "ebit": 654900000, "interestExpense": -68000000, "incomeBeforeTax": 940400000, "incomeTaxExpense": 226800000, "minorityInterest": {}, "netIncomeFromContinuingOps": 713600000, "discontinuedOperations": {}, "extraordinaryItems": {}, "effectOfAccountingCharges": {}, "otherItems": {}, "netIncome": 713600000, "netIncomeApplicableToCommonShares": 713600000}, {"maxAge": 1, "endDate": "2020-09-30", "totalRevenue": 15994700000, "costOfRevenue": 9936900000, "grossProfit": 6057800000, "researchDevelopment": {}, "sellingGeneralAdministrative": 1502200000, "nonRecurring": {}, "otherOperatingExpenses": 2744000000, "totalOperatingExpenses": 14607200000, "operatingIncome": 1387500000, "totalOtherIncomeExpenseNet": 399400000, "ebit": 1387500000, "interestExpense": -9500000, "incomeBeforeTax": 1786900000, "incomeTaxExpense": 440200000, "minorityInterest": {}, "netIncomeFromContinuingOps": 1346700000, "discontinuedOperations": {}, "extraordinaryItems": {}, "effectOfAccountingCharges": {}, "otherItems": {}, "netIncome": 1346700000, "netIncomeApplicableToCommonShares": 1346700000}, {"maxAge": 1, "endDate": "2020-06-30", "totalRevenue": 10270500000, "costOfRevenue": 6577500000, "grossProfit": 3693000000, "researchDevelopment": {}, "sellingGeneralAdministrative": 1486800000, "nonRecurring": {}, "otherOperatingExpenses": 1739800000, "totalOperatingExpenses": 10087600000, "operatingIncome": 182900000, "totalOtherIncomeExpenseNet": 61100000, "ebit": 182900000, "interestExpense": -73600000, "incomeBeforeTax": 244000000, "incomeTaxExpense": 86500000, "minorityInterest": {}, "netIncomeFromContinuingOps": 157500000, "discontinuedOperations": {}, "extraordinaryItems": {}, "effectOfAccountingCharges": {}, "otherItems": {}, "netIncome": 157500000, "netIncomeApplicableToCommonShares": 157500000}, {"maxAge": 1, "endDate": "2020-03-31", "totalRevenue": 13536200000, "costOfRevenue": 8829100000, "grossProfit": 4707100000, "researchDevelopment": {}, "sellingGeneralAdministrative": 3258700000, "nonRecurring": {}, "otherOperatingExpenses": 78600000, "totalOperatingExpenses": 12523800000, "operatingIncome": 1012400000, "totalOtherIncomeExpenseNet": 226200000, "ebit": 1012400000, "interestExpense": -73600000, "incomeBeforeTax": 1238600000, "incomeTaxExpense": 315200000, "minorityInterest": {}, "netIncomeFromContinuingOps": 923400000, "discontinuedOperations": {}, "extraordinaryItems": {}, "effectOfAccountingCharges": {}, "otherItems": {}, "netIncome": 923400000, "netIncomeApplicableToCommonShares": 923400000}], "maxAge": 86400}, "cashflowStatementHistoryQuarterly": {"cashflowStatements": [{"maxAge": 1, "endDate": "2020-12-31", "netIncome": 713600000, "changeToLiabilities": 0}, {"maxAge": 1, "endDate": "2020-09-30", "netIncome": 1346700000, "changeToLiabilities": 0}, {"maxAge": 1, "endDate": "2020-06-30", "netIncome": 157500000, "changeToLiabilities": 0}, {"maxAge": 1, "endDate": "2020-03-31", "netIncome": 923400000, "changeToLiabilities": 0}], "maxAge": 86400}, "insiderHolders": {"holders": [], "maxAge": 1}, "calendarEvents": {"maxAge": 1, "earnings": {"earningsDate": []}, "exDividendDate": "2020-08-06 05:30:00"}, "upgradeDowngradeHistory": {"history": [], "maxAge": 86400}, "price": {"maxAge": 1, "regularMarketChangePercent": 0.02300251, "regularMarketChange": 49.94995, "regularMarketTime": "2021-04-30 15:29:59", "priceHint": 2, "regularMarketPrice": 2221.45, "regularMarketDayHigh": 2249.85, "regularMarketDayLow": 2153.3, "regularMarketVolume": 158159, "averageDailyVolume10Day": 113716, "averageDailyVolume3Month": 125626, "regularMarketPreviousClose": 2171.5, "regularMarketSource": "FREE_REALTIME", "regularMarketOpen": 2173.95, "exchange": "NSI", "exchangeName": "NSE", "exchangeDataDelayedBy": 15, "marketState": "CLOSED", "quoteType": "EQUITY", "symbol": "WHIRLPOOL.NS", "underlyingSymbol": null, "shortName": "WHIRLPOOL OF INDIA", "longName": "Whirlpool of India Limited", "currency": "INR", "quoteSourceName": "Delayed Quote", "currencySymbol": "\u20b9", "fromCurrency": null, "lastMarket": null, "marketCap": 281948651520}, "balanceSheetHistory": {"balanceSheetStatements": [{"maxAge": 1, "endDate": "2020-03-31", "cash": 12741600000, "shortTermInvestments": 3783300000, "netReceivables": 3010200000, "inventory": 11988900000, "otherCurrentAssets": 1293200000, "totalCurrentAssets": 32817200000, "longTermInvestments": 1888200000, "propertyPlantEquipment": 7475600000, "intangibleAssets": 54300000, "otherAssets": 1367400000, "deferredLongTermAssetCharges": 374900000, "totalAssets": 43602700000, "accountsPayable": 14291500000, "otherCurrentLiab": 1100000000, "otherLiab": 2143800000, "totalCurrentLiabilities": 15676900000, "totalLiab": 17967900000, "commonStock": 1268700000, "retainedEarnings": 22164600000, "treasuryStock": 2074600000, "capitalSurplus": 126900000, "otherStockholderEquity": 2074600000, "totalStockholderEquity": 25634800000, "netTangibleAssets": 25580500000}, {"maxAge": 1, "endDate": "2019-03-31", "cash": 10531100000, "shortTermInvestments": 1383300000, "netReceivables": 2720000000, "inventory": 8886000000, "otherCurrentAssets": 1116700000, "totalCurrentAssets": 24637100000, "longTermInvestments": 5207100000, "propertyPlantEquipment": 5465200000, "intangibleAssets": 50200000, "otherAssets": 1757900000, "deferredLongTermAssetCharges": 344000000, "totalAssets": 37117500000, "accountsPayable": 12362200000, "otherCurrentLiab": 853800000, "otherLiab": 1989000000, "totalCurrentLiabilities": 13674700000, "totalLiab": 15663700000, "commonStock": 1268700000, "retainedEarnings": 18051300000, "treasuryStock": 2006900000, "capitalSurplus": 126900000, "otherStockholderEquity": 2006900000, "totalStockholderEquity": 21453800000, "netTangibleAssets": 21403600000}, {"maxAge": 1, "endDate": "2018-03-31", "cash": 9750100000, "netReceivables": 2559800000, "inventory": 8101200000, "otherCurrentAssets": 1072500000, "totalCurrentAssets": 21483600000, "longTermInvestments": 4563200000, "propertyPlantEquipment": 4724600000, "intangibleAssets": 65100000, "otherAssets": 1421600000, "deferredLongTermAssetCharges": 279000000, "totalAssets": 32258100000, "accountsPayable": 11529800000, "otherCurrentLiab": 751900000, "otherLiab": 1636500000, "totalCurrentLiabilities": 12658200000, "totalLiab": 14294700000, "commonStock": 1268700000, "retainedEarnings": 14617400000, "treasuryStock": 1950400000, "capitalSurplus": 126900000, "otherStockholderEquity": 1950400000, "totalStockholderEquity": 17963400000, "netTangibleAssets": 17898300000}, {"maxAge": 1, "endDate": "2017-03-31", "cash": 10523700000, "netReceivables": 2131200000, "inventory": 8887600000, "otherCurrentAssets": 789900000, "totalCurrentAssets": 22332400000, "longTermInvestments": 1296800000, "propertyPlantEquipment": 4215000000, "intangibleAssets": 58500000, "otherAssets": 858600000, "deferredLongTermAssetCharges": 159200000, "totalAssets": 28761300000, "accountsPayable": 11208000000, "otherCurrentLiab": 670800000, "otherLiab": 1391600000, "totalCurrentLiabilities": 12539100000, "totalLiab": 13930700000, "commonStock": 1268700000, "retainedEarnings": 11596800000, "treasuryStock": 1838200000, "capitalSurplus": 126900000, "otherStockholderEquity": 1838200000, "totalStockholderEquity": 14830600000, "netTangibleAssets": 14772100000}], "maxAge": 86400}, "financialData": {"maxAge": 86400, "currentPrice": 2221.45, "recommendationKey": "none", "totalCash": 19510800384, "totalCashPerShare": 153.658, "ebitda": 4523049984, "totalDebt": 146000000, "totalRevenue": 54741200896, "debtToEquity": 0.55, "revenuePerShare": 431.455, "grossProfits": 22982100000, "earningsGrowth": -0.068, "revenueGrowth": 0.175, "grossMargins": 0.36415002, "ebitdaMargins": 0.08262999, "operatingMargins": 0.059320003, "profitMargins": 0.05738, "financialCurrency": "INR"}}}