{"WILLAMAGOR.NS": {"assetProfile": {"address1": "Four Mangoe Lane", "address2": "Surendra Mohan Ghosh Sarani", "city": "Kolkata", "zip": "700001", "country": "India", "phone": "91 33 2243 5391", "fax": "91 33 2248 8114", "website": "http://wmtea.com", "industry": "Credit Services", "sector": "Financial Services", "longBusinessSummary": "Williamson Magor & Co. Limited operates as a non-banking financial company in India. The company also engages in the investments and lending activities. Further, it provides rent, maintenance, and management consultancy services. The company was founded in 1868 and is based in Kolkata, India.", "fullTimeEmployees": 2, "companyOfficers": [{"maxAge": 1, "name": "Ms. Aditi  Daga", "age": 30, "title": "Company Sec. & Compliance Officer", "yearBorn": 1990, "fiscalYear": 2020, "totalPay": 878000, "exercisedValue": 0, "unexercisedValue": 0}, {"maxAge": 1, "name": "Mr. Madan Lal Agarwal", "age": 53, "title": "Mang. & CFO", "yearBorn": 1967, "exercisedValue": 0, "unexercisedValue": 0}, {"maxAge": 1, "name": "Ms. Yashodhara  Khaitan", "age": 63, "title": "Mang. of Investments", "yearBorn": 1957, "exercisedValue": 0, "unexercisedValue": 0}, {"maxAge": 1, "name": "S.  Mukherjee", "age": 65, "title": "Group Advisor", "yearBorn": 1955, "fiscalYear": 2007, "exercisedValue": 0, "unexercisedValue": 0}], "compensationAsOfEpochDate": "2020-12-31 05:30:00", "maxAge": 86400}, "recommendationTrend": {"trend": [{"period": "0m", "strongBuy": 0, "buy": 0, "hold": 0, "sell": 0, "strongSell": 0}, {"period": "-1m", "strongBuy": 0, "buy": 0, "hold": 0, "sell": 0, "strongSell": 0}, {"period": "-2m", "strongBuy": 0, "buy": 0, "hold": 0, "sell": 0, "strongSell": 0}, {"period": "-3m", "strongBuy": 0, "buy": 0, "hold": 0, "sell": 0, "strongSell": 0}], "maxAge": 86400}, "cashflowStatementHistory": {"cashflowStatements": [{"maxAge": 1, "endDate": "2020-03-31", "netIncome": -1348959000, "depreciation": 471000, "changeToNetincome": 1042609000, "changeToAccountReceivables": -69168000, "changeToLiabilities": 305555000, "totalCashFromOperatingActivities": -69492000, "capitalExpenditures": -11000, "investments": -569233000, "totalCashflowsFromInvestingActivities": -3232000, "netBorrowings": 110924000, "otherCashflowsFromFinancingActivities": -6444000, "totalCashFromFinancingActivities": 104480000, "changeInCash": 31754000}, {"maxAge": 1, "endDate": "2019-03-31", "netIncome": -164155000, "depreciation": 629000, "changeToNetincome": -534809000, "changeToAccountReceivables": -1999457000, "changeToLiabilities": 719334000, "totalCashFromOperatingActivities": -1978458000, "capitalExpenditures": -44000, "investments": -53572000, "totalCashflowsFromInvestingActivities": -53616000, "netBorrowings": 1678072000, "otherCashflowsFromFinancingActivities": 303461000, "totalCashFromFinancingActivities": 1981533000, "changeInCash": -50541000}, {"maxAge": 1, "endDate": "2018-03-31", "netIncome": -499440000, "depreciation": 752000, "changeToNetincome": -39412000, "changeToAccountReceivables": -222629000, "changeToLiabilities": 222510000, "changeToOperatingActivities": -440000, "totalCashFromOperatingActivities": -538659000, "capitalExpenditures": -60000, "investments": -279200000, "totalCashflowsFromInvestingActivities": -279260000, "netBorrowings": 786010000, "otherCashflowsFromFinancingActivities": 303461000, "totalCashFromFinancingActivities": 786010000, "changeInCash": -31910000}, {"maxAge": 1, "endDate": "2017-03-31", "netIncome": -139944000, "depreciation": 918000, "changeToNetincome": -28220000, "changeToAccountReceivables": 230713000, "changeToLiabilities": -39538000, "changeToOperatingActivities": -661000, "totalCashFromOperatingActivities": 23268000, "capitalExpenditures": -88000, "investments": -1209988000, "totalCashflowsFromInvestingActivities": -1210076000, "netBorrowings": 1221328000, "otherCashflowsFromFinancingActivities": 303461000, "totalCashFromFinancingActivities": 1221328000, "changeInCash": 34520000}], "maxAge": 86400}, "indexTrend": {"maxAge": 1, "symbol": "SP5", "peRatio": 19.7411, "pegRatio": 1.34172, "estimates": [{"period": "0q", "growth": 0.549}, {"period": "+1q", "growth": 0.431}, {"period": "0y", "growth": 0.305}, {"period": "+1y", "growth": 0.109}, {"period": "+5y", "growth": 0.120865}, {"period": "-5y"}]}, "defaultKeyStatistics": {"maxAge": 1, "priceHint": 2, "enterpriseValue": 6947566080, "profitMargins": 0.0, "floatShares": 3140214, "sharesOutstanding": 10956400, "heldPercentInsiders": 0.67401004, "heldPercentInstitutions": 0.0187, "beta": 1.164915, "category": null, "bookValue": -89.888, "fundFamily": null, "legalType": null, "lastFiscalYearEnd": "2020-03-31 05:30:00", "nextFiscalYearEnd": "2022-03-31 05:30:00", "mostRecentQuarter": "2020-12-31 05:30:00", "netIncomeToCommon": -367758016, "trailingEps": -33.559, "lastSplitFactor": null, "enterpriseToRevenue": 76.172, "enterpriseToEbitda": -8593.156}, "industryTrend": {"maxAge": 1, "symbol": null, "estimates": []}, "quoteType": {"exchange": "NSI", "quoteType": "EQUITY", "symbol": "WILLAMAGOR.NS", "underlyingSymbol": "WILLAMAGOR.NS", "shortName": "WILLIAMSON MAGOR &", "longName": "Williamson Magor & Co. Limited", "firstTradeDateEpochUtc": "2002-07-01 09:15:00", "timeZoneFullName": "Asia/Kolkata", "timeZoneShortName": "IST", "uuid": "17916ed5-1d14-309e-86a4-f21384646019", "gmtOffSetMilliseconds": 19800000, "maxAge": 1}, "incomeStatementHistory": {"incomeStatementHistory": [{"maxAge": 1, "endDate": "2020-03-31", "totalRevenue": 307315000, "costOfRevenue": 5510000, "grossProfit": 301805000, "researchDevelopment": {}, "sellingGeneralAdministrative": 12699000, "nonRecurring": {}, "otherOperatingExpenses": 78598000, "totalOperatingExpenses": 97278000, "operatingIncome": 210037000, "totalOtherIncomeExpenseNet": -1340719000, "ebit": 210037000, "interestExpense": -552379000, "incomeBeforeTax": -1130682000, "incomeTaxExpense": 218277000, "minorityInterest": {}, "netIncomeFromContinuingOps": -1348959000, "discontinuedOperations": {}, "extraordinaryItems": {}, "effectOfAccountingCharges": {}, "otherItems": {}, "netIncome": -1348959000, "netIncomeApplicableToCommonShares": -1348959000}, {"maxAge": 1, "endDate": "2019-03-31", "totalRevenue": 485587000, "costOfRevenue": 13174000, "grossProfit": 472413000, "researchDevelopment": {}, "sellingGeneralAdministrative": 8197000, "nonRecurring": {}, "otherOperatingExpenses": -3230000, "totalOperatingExpenses": 18770000, "operatingIncome": 466817000, "totalOtherIncomeExpenseNet": -970306000, "ebit": 466817000, "interestExpense": -1094280000, "incomeBeforeTax": -503489000, "incomeTaxExpense": -339334000, "minorityInterest": {}, "netIncomeFromContinuingOps": -164155000, "discontinuedOperations": {}, "extraordinaryItems": {}, "effectOfAccountingCharges": {}, "otherItems": {}, "netIncome": -164155000, "netIncomeApplicableToCommonShares": -164155000}, {"maxAge": 1, "endDate": "2018-03-31", "totalRevenue": 490085000, "costOfRevenue": 20569000, "grossProfit": 469516000, "researchDevelopment": {}, "sellingGeneralAdministrative": 8090000, "nonRecurring": {}, "otherOperatingExpenses": 35823000, "totalOperatingExpenses": 65234000, "operatingIncome": 424851000, "totalOtherIncomeExpenseNet": -924291000, "ebit": 424851000, "interestExpense": -875581000, "incomeBeforeTax": -499440000, "incomeTaxExpense": 0, "minorityInterest": {}, "netIncomeFromContinuingOps": -499440000, "discontinuedOperations": {}, "extraordinaryItems": {}, "effectOfAccountingCharges": {}, "otherItems": {}, "netIncome": -499440000, "netIncomeApplicableToCommonShares": -499440000}, {"maxAge": 1, "endDate": "2017-03-31", "totalRevenue": 493370000, "costOfRevenue": 22485000, "grossProfit": 470885000, "researchDevelopment": {}, "sellingGeneralAdministrative": 6106000, "nonRecurring": {}, "otherOperatingExpenses": -70830000, "totalOperatingExpenses": -41321000, "operatingIncome": 534691000, "totalOtherIncomeExpenseNet": -674635000, "ebit": 534691000, "interestExpense": -651331000, "incomeBeforeTax": -139944000, "incomeTaxExpense": 0, "minorityInterest": {}, "netIncomeFromContinuingOps": -139944000, "discontinuedOperations": {}, "extraordinaryItems": {}, "effectOfAccountingCharges": {}, "otherItems": {}, "netIncome": -139944000, "netIncomeApplicableToCommonShares": -139944000}], "maxAge": 86400}, "fundOwnership": {"ownershipList": [], "maxAge": 1}, "summaryDetail": {"maxAge": 1, "priceHint": 2, "previousClose": 17.3, "open": 16.95, "dayLow": 16.75, "dayHigh": 18.85, "regularMarketPreviousClose": 17.3, "regularMarketOpen": 16.95, "regularMarketDayLow": 16.75, "regularMarketDayHigh": 18.85, "exDividendDate": "2001-08-07 05:30:00", "payoutRatio": 0.0, "beta": 1.164915, "volume": 18408, "regularMarketVolume": 18408, "averageVolume": 23074, "averageVolume10days": 8770, "averageDailyVolume10Day": 8770, "bid": 0.0, "ask": 0.0, "bidSize": 0, "askSize": 0, "marketCap": 209171200, "fiftyTwoWeekLow": 8.85, "fiftyTwoWeekHigh": 28.6, "priceToSalesTrailing12Months": 2.2933176, "fiftyDayAverage": 20.533333, "twoHundredDayAverage": 19.586071, "currency": "INR", "fromCurrency": null, "lastMarket": null, "algorithm": null, "tradeable": false}, "insiderHolders": {"holders": [{"maxAge": 1, "name": "Khaitan (Brij Mohan)", "relation": "Non Executive Chairman", "url": "", "transactionDescription": "Other", "latestTransDate": "2017-09-25", "positionDirect": 15240, "positionDirectDate": "2017-09-25"}, {"maxAge": 1, "name": "Khaitan (Shanti)", "relation": "Promoter", "url": "", "transactionDescription": "Other", "latestTransDate": "2015-03-31", "positionDirect": 2400, "positionDirectDate": "2015-03-31"}], "maxAge": 1}, "calendarEvents": {"maxAge": 1, "earnings": {"earningsDate": []}, "exDividendDate": "2001-08-07 05:30:00"}, "upgradeDowngradeHistory": {"history": [], "maxAge": 86400}, "price": {"maxAge": 1, "regularMarketChangePercent": 0.06358384, "regularMarketChange": 1.1000004, "regularMarketTime": "2021-04-30 15:29:41", "priceHint": 2, "regularMarketPrice": 18.4, "regularMarketDayHigh": 18.85, "regularMarketDayLow": 16.75, "regularMarketVolume": 18408, "averageDailyVolume10Day": 8770, "averageDailyVolume3Month": 23074, "regularMarketPreviousClose": 17.3, "regularMarketSource": "FREE_REALTIME", "regularMarketOpen": 16.95, "exchange": "NSI", "exchangeName": "NSE", "exchangeDataDelayedBy": 15, "marketState": "CLOSED", "quoteType": "EQUITY", "symbol": "WILLAMAGOR.NS", "underlyingSymbol": null, "shortName": "WILLIAMSON MAGOR &", "longName": "Williamson Magor & Co. Limited", "currency": "INR", "quoteSourceName": "Delayed Quote", "currencySymbol": "\u20b9", "fromCurrency": null, "lastMarket": null, "marketCap": 209171200}, "balanceSheetHistory": {"balanceSheetStatements": [{"maxAge": 1, "endDate": "2020-03-31", "cash": 6015000, "shortTermInvestments": 6864000, "netReceivables": 3729640000, "otherCurrentAssets": 699661000, "totalCurrentAssets": 5126003000, "longTermInvestments": 472026000, "propertyPlantEquipment": 10681000, "otherAssets": 936858000, "deferredLongTermAssetCharges": 929506000, "totalAssets": 6545568000, "accountsPayable": 3692000, "shortLongTermDebt": 6758058000, "otherCurrentLiab": 1023096000, "longTermDebt": 798357000, "otherLiab": 150000, "totalCurrentLiabilities": 8428286000, "totalLiab": 9226793000, "commonStock": 109564000, "retainedEarnings": -131797000, "treasuryStock": -2658992000, "otherStockholderEquity": -2658992000, "totalStockholderEquity": -2681225000, "netTangibleAssets": -2681225000}, {"maxAge": 1, "endDate": "2019-03-31", "cash": 10350000, "shortTermInvestments": 6132000, "netReceivables": 3512357000, "otherCurrentAssets": 740553000, "totalCurrentAssets": 5577921000, "longTermInvestments": 2048846000, "propertyPlantEquipment": 16763000, "otherAssets": 879046000, "deferredLongTermAssetCharges": 870978000, "totalAssets": 8522576000, "accountsPayable": 3322000, "shortLongTermDebt": 4393143000, "otherCurrentLiab": 726135000, "longTermDebt": 3052348000, "otherLiab": 150000, "totalCurrentLiabilities": 5811199000, "totalLiab": 8863697000, "commonStock": 109564000, "retainedEarnings": 1217178000, "treasuryStock": -1667863000, "otherStockholderEquity": -1667863000, "totalStockholderEquity": -341121000, "netTangibleAssets": -341121000}, {"maxAge": 1, "endDate": "2018-03-31", "cash": 23674000, "netReceivables": 1759083000, "otherCurrentAssets": 126373000, "totalCurrentAssets": 1909777000, "longTermInvestments": 4793433000, "propertyPlantEquipment": 17379000, "otherAssets": 314859000, "totalAssets": 7035448000, "accountsPayable": 3547000, "shortLongTermDebt": 335512000, "otherCurrentLiab": 15236000, "longTermDebt": 3295320000, "otherLiab": 6734000, "totalCurrentLiabilities": 2845942000, "totalLiab": 6147996000, "commonStock": 109564000, "retainedEarnings": 655654000, "treasuryStock": 66625000, "capitalSurplus": 55609000, "otherStockholderEquity": 66625000, "totalStockholderEquity": 887452000, "netTangibleAssets": 887452000}, {"maxAge": 1, "endDate": "2017-03-31", "cash": 55584000, "netReceivables": 1841892000, "otherCurrentAssets": 75849000, "totalCurrentAssets": 1974028000, "longTermInvestments": 4519746000, "propertyPlantEquipment": 18071000, "otherAssets": 11897000, "totalAssets": 6523742000, "accountsPayable": 25467000, "shortLongTermDebt": 321921000, "otherCurrentLiab": 25309000, "longTermDebt": 2630401000, "otherLiab": 6593000, "totalCurrentLiabilities": 2499856000, "totalLiab": 5136850000, "commonStock": 109564000, "retainedEarnings": 1155094000, "treasuryStock": 66625000, "capitalSurplus": 55609000, "otherStockholderEquity": 66625000, "totalStockholderEquity": 1386892000, "netTangibleAssets": 1386892000}], "maxAge": 86400}, "earningsTrend": {"trend": [{"maxAge": 1, "period": "0q", "endDate": null, "growth": {}, "earningsEstimate": {"avg": 0.0, "low": 0.0, "high": 0.0, "yearAgoEps": {}, "numberOfAnalysts": 0, "growth": {}}, "revenueEstimate": {"avg": 0, "low": 0, "high": 0, "numberOfAnalysts": 0, "yearAgoRevenue": {}, "growth": {}}, "epsTrend": {"current": 0.0, "7daysAgo": 0.0, "30daysAgo": 0.0, "60daysAgo": 0.0, "90daysAgo": 0.0}, "epsRevisions": {"upLast7days": 0, "upLast30days": 0, "downLast30days": 0, "downLast90days": {}}}, {"maxAge": 1, "period": "+1q", "endDate": null, "growth": {}, "earningsEstimate": {"avg": 0.0, "low": 0.0, "high": 0.0, "yearAgoEps": {}, "numberOfAnalysts": 0, "growth": {}}, "revenueEstimate": {"avg": 0, "low": 0, "high": 0, "numberOfAnalysts": 0, "yearAgoRevenue": {}, "growth": {}}, "epsTrend": {"current": 0.0, "7daysAgo": 0.0, "30daysAgo": 0.0, "60daysAgo": 0.0, "90daysAgo": 0.0}, "epsRevisions": {"upLast7days": 0, "upLast30days": 0, "downLast30days": 0, "downLast90days": {}}}, {"maxAge": 1, "period": "0y", "endDate": null, "growth": {}, "earningsEstimate": {"avg": 0.0, "low": 0.0, "high": 0.0, "yearAgoEps": {}, "numberOfAnalysts": 0, "growth": {}}, "revenueEstimate": {"avg": 0, "low": 0, "high": 0, "numberOfAnalysts": 0, "yearAgoRevenue": {}, "growth": {}}, "epsTrend": {"current": 0.0, "7daysAgo": 0.0, "30daysAgo": 0.0, "60daysAgo": 0.0, "90daysAgo": 0.0}, "epsRevisions": {"upLast7days": 0, "upLast30days": 0, "downLast30days": 0, "downLast90days": {}}}, {"maxAge": 1, "period": "+1y", "endDate": null, "growth": {}, "earningsEstimate": {"avg": 0.0, "low": 0.0, "high": 0.0, "yearAgoEps": {}, "numberOfAnalysts": 0, "growth": {}}, "revenueEstimate": {"avg": 0, "low": 0, "high": 0, "numberOfAnalysts": 0, "yearAgoRevenue": {}, "growth": {}}, "epsTrend": {"current": 0.0, "7daysAgo": 0.0, "30daysAgo": 0.0, "60daysAgo": 0.0, "90daysAgo": 0.0}, "epsRevisions": {"upLast7days": 0, "upLast30days": 0, "downLast30days": 0, "downLast90days": {}}}, {"maxAge": 1, "period": "+5y", "endDate": null, "growth": {}, "earningsEstimate": {"avg": {}, "low": {}, "high": {}, "yearAgoEps": {}, "numberOfAnalysts": {}, "growth": {}}, "revenueEstimate": {"avg": {}, "low": {}, "high": {}, "numberOfAnalysts": {}, "yearAgoRevenue": {}, "growth": {}}, "epsTrend": {"current": {}, "7daysAgo": {}, "30daysAgo": {}, "60daysAgo": {}, "90daysAgo": {}}, "epsRevisions": {"upLast7days": {}, "upLast30days": {}, "downLast30days": {}, "downLast90days": {}}}, {"maxAge": 1, "period": "-5y", "endDate": null, "growth": {}, "earningsEstimate": {"avg": {}, "low": {}, "high": {}, "yearAgoEps": {}, "numberOfAnalysts": {}, "growth": {}}, "revenueEstimate": {"avg": {}, "low": {}, "high": {}, "numberOfAnalysts": {}, "yearAgoRevenue": {}, "growth": {}}, "epsTrend": {"current": {}, "7daysAgo": {}, "30daysAgo": {}, "60daysAgo": {}, "90daysAgo": {}}, "epsRevisions": {"upLast7days": {}, "upLast30days": {}, "downLast30days": {}, "downLast90days": {}}}], "maxAge": 1}, "institutionOwnership": {"ownershipList": [], "maxAge": 1}, "majorHoldersBreakdown": {"maxAge": 1, "insidersPercentHeld": 0.67401004, "institutionsPercentHeld": 0.0187, "institutionsFloatPercentHeld": 0.057350002, "institutionsCount": 1}, "balanceSheetHistoryQuarterly": {"balanceSheetStatements": [{"maxAge": 1, "endDate": "2020-12-31", "totalStockholderEquity": -984847000, "netTangibleAssets": -984847000}, {"maxAge": 1, "endDate": "2020-09-30", "cash": 17323000, "netReceivables": 4380237000, "totalCurrentAssets": 4397560000, "longTermInvestments": 1986735000, "propertyPlantEquipment": 4491000, "otherAssets": 1221667000, "deferredLongTermAssetCharges": 1210613000, "totalAssets": 7610453000, "accountsPayable": 4515000, "shortLongTermDebt": 995134000, "otherCurrentLiab": 1099535000, "longTermDebt": 5779865000, "otherLiab": 716251000, "totalCurrentLiabilities": 2099184000, "totalLiab": 8595300000, "commonStock": 109564000, "treasuryStock": -1094411000, "otherStockholderEquity": -1094411000, "totalStockholderEquity": -984847000, "netTangibleAssets": -984847000}, {"maxAge": 1, "endDate": "2020-06-30", "totalStockholderEquity": -2681223000, "netTangibleAssets": -2681223000}, {"maxAge": 1, "endDate": "2020-03-31", "cash": 6015000, "shortTermInvestments": 6864000, "netReceivables": 3729640000, "otherCurrentAssets": 699661000, "totalCurrentAssets": 5126003000, "longTermInvestments": 472026000, "propertyPlantEquipment": 10681000, "otherAssets": 936858000, "deferredLongTermAssetCharges": 929506000, "totalAssets": 6545568000, "accountsPayable": 3692000, "shortLongTermDebt": 6758058000, "otherCurrentLiab": 1023096000, "longTermDebt": 798357000, "otherLiab": 150000, "totalCurrentLiabilities": 8428286000, "totalLiab": 9226793000, "commonStock": 109564000, "retainedEarnings": -131797000, "treasuryStock": -2658992000, "otherStockholderEquity": -2658992000, "totalStockholderEquity": -2681225000, "netTangibleAssets": -2681225000}], "maxAge": 86400}, "earningsHistory": {"history": [{"maxAge": 1, "epsActual": {}, "epsEstimate": {}, "epsDifference": {}, "surprisePercent": {}, "quarter": {}, "period": "-4q"}, {"maxAge": 1, "epsActual": {}, "epsEstimate": {}, "epsDifference": {}, "surprisePercent": {}, "quarter": {}, "period": "-3q"}, {"maxAge": 1, "epsActual": {}, "epsEstimate": {}, "epsDifference": {}, "surprisePercent": {}, "quarter": {}, "period": "-2q"}, {"maxAge": 1, "epsActual": {}, "epsEstimate": {}, "epsDifference": {}, "surprisePercent": {}, "quarter": {}, "period": "-1q"}], "maxAge": 86400}, "summaryProfile": {"address1": "Four Mangoe Lane", "address2": "Surendra Mohan Ghosh Sarani", "city": "Kolkata", "zip": "700001", "country": "India", "phone": "91 33 2243 5391", "fax": "91 33 2248 8114", "website": "http://wmtea.com", "industry": "Credit Services", "sector": "Financial Services", "longBusinessSummary": "Williamson Magor & Co. Limited operates as a non-banking financial company in India. The company also engages in the investments and lending activities. Further, it provides rent, maintenance, and management consultancy services. The company was founded in 1868 and is based in Kolkata, India.", "fullTimeEmployees": 2, "companyOfficers": [], "maxAge": 86400}, "netSharePurchaseActivity": {"maxAge": 1, "period": "6m", "buyInfoCount": 0, "buyInfoShares": 0, "sellInfoCount": 0, "netInfoCount": 0, "netInfoShares": 0, "netPercentInsiderShares": 0.0, "totalInsiderShares": 7398146}, "insiderTransactions": {"transactions": [{"maxAge": 1, "shares": 2400, "filerUrl": "", "transactionText": "", "filerName": "Khaitan (Brij Mohan)", "filerRelation": "Non Executive Chairman", "moneyText": "", "startDate": "2017-09-25", "ownership": "D"}, {"maxAge": 1, "shares": 2400, "filerUrl": "", "transactionText": "", "filerName": "Khaitan (Shanti)", "filerRelation": "Promoter", "moneyText": "", "startDate": "2015-03-31", "ownership": "D"}], "maxAge": 1}, "sectorTrend": {"maxAge": 1, "symbol": null, "estimates": []}, "incomeStatementHistoryQuarterly": {"incomeStatementHistory": [{"maxAge": 1, "endDate": "2020-12-31", "totalRevenue": 16285000, "costOfRevenue": 0, "grossProfit": 16285000, "researchDevelopment": {}, "sellingGeneralAdministrative": 178000, "nonRecurring": {}, "otherOperatingExpenses": 4943000, "totalOperatingExpenses": 5196000, "operatingIncome": 11089000, "totalOtherIncomeExpenseNet": -23602000, "ebit": 11089000, "interestExpense": -27810000, "incomeBeforeTax": -12513000, "incomeTaxExpense": 0, "minorityInterest": {}, "netIncomeFromContinuingOps": -12513000, "discontinuedOperations": {}, "extraordinaryItems": {}, "effectOfAccountingCharges": {}, "otherItems": {}, "netIncome": -12513000, "netIncomeApplicableToCommonShares": -12513000}, {"maxAge": 1, "endDate": "2020-09-30", "totalRevenue": 74366000, "costOfRevenue": 0, "grossProfit": 74366000, "researchDevelopment": {}, "sellingGeneralAdministrative": 530000, "nonRecurring": {}, "otherOperatingExpenses": 9641000, "totalOperatingExpenses": 10226000, "operatingIncome": 64140000, "totalOtherIncomeExpenseNet": 587075000, "ebit": 64140000, "interestExpense": -82037000, "incomeBeforeTax": 651215000, "incomeTaxExpense": -476087000, "minorityInterest": {}, "netIncomeFromContinuingOps": 1127302000, "discontinuedOperations": {}, "extraordinaryItems": {}, "effectOfAccountingCharges": {}, "otherItems": {}, "netIncome": 1127302000, "netIncomeApplicableToCommonShares": 1127302000}, {"maxAge": 1, "endDate": "2020-06-30", "totalRevenue": 65755000, "costOfRevenue": 0, "grossProfit": 65755000, "researchDevelopment": {}, "sellingGeneralAdministrative": 541000, "nonRecurring": {}, "otherOperatingExpenses": 7423000, "totalOperatingExpenses": 8059000, "operatingIncome": 57696000, "totalOtherIncomeExpenseNet": -109899000, "ebit": 57696000, "interestExpense": -101887000, "incomeBeforeTax": -52203000, "incomeTaxExpense": 0, "minorityInterest": {}, "netIncomeFromContinuingOps": -52203000, "discontinuedOperations": {}, "extraordinaryItems": {}, "effectOfAccountingCharges": {}, "otherItems": {}, "netIncome": -52203000, "netIncomeApplicableToCommonShares": -52203000}, {"maxAge": 1, "endDate": "2020-03-31", "totalRevenue": -65197000, "costOfRevenue": 5510000, "grossProfit": -70707000, "researchDevelopment": {}, "sellingGeneralAdministrative": 9599000, "nonRecurring": {}, "otherOperatingExpenses": 172849000, "totalOperatingExpenses": 188050000, "operatingIncome": -253247000, "totalOtherIncomeExpenseNet": -958821000, "ebit": -253247000, "interestExpense": -101887000, "incomeBeforeTax": -1212068000, "incomeTaxExpense": 218277000, "minorityInterest": {}, "netIncomeFromContinuingOps": -1430345000, "discontinuedOperations": {}, "extraordinaryItems": {}, "effectOfAccountingCharges": {}, "otherItems": {}, "netIncome": -1430345000, "netIncomeApplicableToCommonShares": -1430345000}], "maxAge": 86400}, "cashflowStatementHistoryQuarterly": {"cashflowStatements": [{"maxAge": 1, "endDate": "2020-12-31", "netIncome": -12513000, "changeToLiabilities": 0}, {"maxAge": 1, "endDate": "2020-09-30", "netIncome": 1127302000, "changeToLiabilities": 0}, {"maxAge": 1, "endDate": "2020-06-30", "netIncome": -52203000, "changeToLiabilities": 0}, {"maxAge": 1, "endDate": "2020-03-31", "netIncome": -1430345000, "changeToLiabilities": 0}], "maxAge": 86400}, "earnings": {"maxAge": 86400, "earningsChart": {"quarterly": [], "earningsDate": []}, "financialsChart": {"yearly": [{"date": 2017, "revenue": 493370000, "earnings": -139944000}, {"date": 2018, "revenue": 490085000, "earnings": -499440000}, {"date": 2019, "revenue": 485587000, "earnings": -164155000}, {"date": 2020, "revenue": 307315000, "earnings": -1348959000}], "quarterly": [{"date": "1Q2020", "revenue": -65197000, "earnings": -1430345000}, {"date": "2Q2020", "revenue": 65755000, "earnings": -52203000}, {"date": "3Q2020", "revenue": 74366000, "earnings": 1127302000}, {"date": "4Q2020", "revenue": 16285000, "earnings": -12513000}]}, "financialCurrency": "INR"}, "financialData": {"maxAge": 86400, "currentPrice": 18.4, "recommendationKey": "none", "totalCash": 17323000, "totalCashPerShare": 1.578, "ebitda": -808500, "totalDebt": 6774999040, "totalRevenue": 91209000, "revenuePerShare": 8.323, "grossProfits": 301805000, "revenueGrowth": -0.897, "grossMargins": 0.93959, "ebitdaMargins": -0.0088599995, "operatingMargins": -0.01273, "profitMargins": 0.0, "financialCurrency": "INR"}}}