{"WILLAMAGOR.BO": {"cashflowStatementHistory": {"cashflowStatements": [{"maxAge": 1, "endDate": "2020-03-31", "netIncome": -1348959000, "depreciation": 471000, "changeToNetincome": 1046927000, "changeToAccountReceivables": -73482000, "changeToLiabilities": 305551000, "totalCashFromOperatingActivities": -69492000, "capitalExpenditures": -11000, "investments": -569235000, "totalCashflowsFromInvestingActivities": -3234000, "netBorrowings": 110924000, "otherCashflowsFromFinancingActivities": -6444000, "totalCashFromFinancingActivities": 104480000, "changeInCash": 31754000}, {"maxAge": 1, "endDate": "2019-03-31", "netIncome": 249345000, "depreciation": 633000, "changeToNetincome": -903464000, "changeToAccountReceivables": -2020914000, "changeToLiabilities": 1052981000, "changeToOperatingActivities": -1690000, "totalCashFromOperatingActivities": -1623109000, "capitalExpenditures": -44000, "investments": -54203000, "otherCashflowsFromInvestingActivities": 630000, "totalCashflowsFromInvestingActivities": -53617000, "netBorrowings": 1663729000, "otherCashflowsFromFinancingActivities": -6444000, "totalCashFromFinancingActivities": 1663729000, "changeInCash": -12997000}, {"maxAge": 1, "endDate": "2018-03-31", "netIncome": -499440000, "depreciation": 752000, "changeToNetincome": -39412000, "changeToAccountReceivables": -222629000, "changeToLiabilities": 222510000, "changeToOperatingActivities": -440000, "totalCashFromOperatingActivities": -538659000, "capitalExpenditures": -60000, "investments": -279200000, "otherCashflowsFromInvestingActivities": 630000, "totalCashflowsFromInvestingActivities": -279260000, "netBorrowings": 786010000, "otherCashflowsFromFinancingActivities": -6444000, "totalCashFromFinancingActivities": 786010000, "changeInCash": -31910000}, {"maxAge": 1, "endDate": "2017-03-31", "netIncome": -139944000, "depreciation": 918000, "changeToNetincome": -28220000, "changeToAccountReceivables": 230713000, "changeToLiabilities": -39538000, "changeToOperatingActivities": -661000, "totalCashFromOperatingActivities": 23268000, "capitalExpenditures": -88000, "investments": -1209988000, "otherCashflowsFromInvestingActivities": 630000, "totalCashflowsFromInvestingActivities": -1210076000, "netBorrowings": 1221328000, "otherCashflowsFromFinancingActivities": -6444000, "totalCashFromFinancingActivities": 1221328000, "changeInCash": 34520000}], "maxAge": 86400}, "institutionOwnership": {"ownershipList": [], "maxAge": 1}, "balanceSheetHistoryQuarterly": {"balanceSheetStatements": [{"maxAge": 1, "endDate": "2020-06-30", "totalStockholderEquity": -2681223000, "netTangibleAssets": -2681223000}, {"maxAge": 1, "endDate": "2020-03-31", "cash": 199579000, "netReceivables": 3185337000, "totalCurrentAssets": 3384916000, "longTermInvestments": 2211335000, "propertyPlantEquipment": 10680000, "otherAssets": 938635000, "deferredLongTermAssetCharges": 929506000, "totalAssets": 6545566000, "accountsPayable": 3691000, "longTermDebt": 7556415000, "otherLiab": 1666683000, "totalCurrentLiabilities": 3691000, "totalLiab": 9226789000, "commonStock": 109564000, "treasuryStock": -2790787000, "otherStockholderEquity": -2790787000, "totalStockholderEquity": -2681223000, "netTangibleAssets": -2681223000}, {"maxAge": 1, "endDate": "2019-12-31", "totalStockholderEquity": -1636133000, "netTangibleAssets": -1636133000}, {"maxAge": 1, "endDate": "2019-09-30", "cash": 9921000, "netReceivables": 4753161000, "totalCurrentAssets": 4763082000, "longTermInvestments": 2367065000, "propertyPlantEquipment": 14732000, "otherAssets": 880965000, "deferredLongTermAssetCharges": 870978000, "totalAssets": 8025844000, "accountsPayable": 1730000, "longTermDebt": 5550906000, "otherLiab": 4109341000, "totalCurrentLiabilities": 1730000, "totalLiab": 9661977000, "commonStock": 109564000, "treasuryStock": -1745697000, "otherStockholderEquity": -1745697000, "totalStockholderEquity": -1636133000, "netTangibleAssets": -1636133000}], "maxAge": 86400}, "indexTrend": {"maxAge": 1, "symbol": "SP5", "peRatio": 19.7411, "pegRatio": 1.34172, "estimates": [{"period": "0q", "growth": 0.549}, {"period": "+1q", "growth": 0.431}, {"period": "0y", "growth": 0.305}, {"period": "+1y", "growth": 0.109}, {"period": "+5y", "growth": 0.120865}, {"period": "-5y"}]}, "insiderTransactions": {"transactions": [{"maxAge": 1, "shares": 2400, "filerUrl": "", "transactionText": "", "filerName": "Khaitan (Brij Mohan)", "filerRelation": "Non Executive Chairman", "moneyText": "", "startDate": "2017-09-25", "ownership": "D"}, {"maxAge": 1, "shares": 2400, "filerUrl": "", "transactionText": "", "filerName": "Khaitan (Shanti)", "filerRelation": "Promoter", "moneyText": "", "startDate": "2015-03-31", "ownership": "D"}], "maxAge": 1}, "quoteType": {"exchange": "BSE", "quoteType": "EQUITY", "symbol": "WILLAMAGOR.BO", "underlyingSymbol": "WILLAMAGOR.BO", "shortName": "WILLIAMSON MAGOR & COMPANY LTD", "longName": "Williamson Magor & Co. Limited", "firstTradeDateEpochUtc": "2000-03-08 09:15:00", "timeZoneFullName": "Asia/Kolkata", "timeZoneShortName": "IST", "uuid": "d3daff99-e9f6-3e85-9778-2926c3fbdd93", "gmtOffSetMilliseconds": 19800000, "maxAge": 1}, "incomeStatementHistory": {"incomeStatementHistory": [{"maxAge": 1, "endDate": "2020-03-31", "totalRevenue": 435357000, "costOfRevenue": 0, "grossProfit": 435357000, "researchDevelopment": {}, "sellingGeneralAdministrative": 4009000, "nonRecurring": {}, "otherOperatingExpenses": 562500000, "totalOperatingExpenses": 566980000, "operatingIncome": -131623000, "totalOtherIncomeExpenseNet": -999059000, "ebit": -131623000, "interestExpense": -586634000, "incomeBeforeTax": -1130682000, "incomeTaxExpense": 218277000, "minorityInterest": {}, "netIncomeFromContinuingOps": -1348959000, "discontinuedOperations": {}, "extraordinaryItems": {}, "effectOfAccountingCharges": {}, "otherItems": {}, "netIncome": -1348959000, "netIncomeApplicableToCommonShares": -1348959000}, {"maxAge": 1, "endDate": "2019-03-31", "totalRevenue": 490648000, "costOfRevenue": 13174000, "grossProfit": 477474000, "researchDevelopment": {}, "sellingGeneralAdministrative": 9494000, "nonRecurring": {}, "otherOperatingExpenses": 2275000, "totalOperatingExpenses": 25575000, "operatingIncome": 465073000, "totalOtherIncomeExpenseNet": -1086706000, "ebit": 465073000, "interestExpense": -1079937000, "incomeBeforeTax": -621633000, "incomeTaxExpense": -870978000, "minorityInterest": {}, "netIncomeFromContinuingOps": 249345000, "discontinuedOperations": {}, "extraordinaryItems": {}, "effectOfAccountingCharges": {}, "otherItems": {}, "netIncome": 249345000, "netIncomeApplicableToCommonShares": 249345000}, {"maxAge": 1, "endDate": "2018-03-31", "totalRevenue": 490085000, "costOfRevenue": 20569000, "grossProfit": 469516000, "researchDevelopment": {}, "sellingGeneralAdministrative": 8090000, "nonRecurring": {}, "otherOperatingExpenses": 35823000, "totalOperatingExpenses": 65234000, "operatingIncome": 424851000, "totalOtherIncomeExpenseNet": -924291000, "ebit": 424851000, "interestExpense": -875581000, "incomeBeforeTax": -499440000, "incomeTaxExpense": 0, "minorityInterest": {}, "netIncomeFromContinuingOps": -499440000, "discontinuedOperations": {}, "extraordinaryItems": {}, "effectOfAccountingCharges": {}, "otherItems": {}, "netIncome": -499440000, "netIncomeApplicableToCommonShares": -499440000}, {"maxAge": 1, "endDate": "2017-03-31", "totalRevenue": 493370000, "costOfRevenue": 22485000, "grossProfit": 470885000, "researchDevelopment": {}, "sellingGeneralAdministrative": 6106000, "nonRecurring": {}, "otherOperatingExpenses": -70830000, "totalOperatingExpenses": -41321000, "operatingIncome": 534691000, "totalOtherIncomeExpenseNet": -674635000, "ebit": 534691000, "interestExpense": -651331000, "incomeBeforeTax": -139944000, "incomeTaxExpense": 0, "minorityInterest": {}, "netIncomeFromContinuingOps": -139944000, "discontinuedOperations": {}, "extraordinaryItems": {}, "effectOfAccountingCharges": {}, "otherItems": {}, "netIncome": -139944000, "netIncomeApplicableToCommonShares": -139944000}], "maxAge": 86400}, "fundOwnership": {"ownershipList": [], "maxAge": 1}, "summaryDetail": {"maxAge": 1, "priceHint": 2, "previousClose": 17.95, "open": 17.85, "dayLow": 17.35, "dayHigh": 18.4, "regularMarketPreviousClose": 17.95, "regularMarketOpen": 17.85, "regularMarketDayLow": 17.35, "regularMarketDayHigh": 18.4, "volume": 1370, "regularMarketVolume": 1370, "averageVolume": 3901, "averageVolume10days": 1376, "averageDailyVolume10Day": 1376, "bid": 17.55, "ask": 18.15, "bidSize": 0, "askSize": 0, "marketCap": 198061872, "fiftyTwoWeekLow": 10.37, "fiftyTwoWeekHigh": 29.0, "fiftyDayAverage": 21.924242, "twoHundredDayAverage": 19.176838, "currency": "INR", "fromCurrency": null, "lastMarket": null, "algorithm": null, "tradeable": false}, "incomeStatementHistoryQuarterly": {"incomeStatementHistory": [{"maxAge": 1, "endDate": "2020-06-30", "totalRevenue": 65765000, "costOfRevenue": 0, "grossProfit": 65765000, "researchDevelopment": {}, "sellingGeneralAdministrative": 541000, "nonRecurring": {}, "otherOperatingExpenses": 7433000, "totalOperatingExpenses": 8069000, "operatingIncome": 57696000, "totalOtherIncomeExpenseNet": -109899000, "ebit": 57696000, "interestExpense": -101887000, "incomeBeforeTax": -52203000, "incomeTaxExpense": 0, "minorityInterest": {}, "netIncomeFromContinuingOps": -52203000, "discontinuedOperations": {}, "extraordinaryItems": {}, "effectOfAccountingCharges": {}, "otherItems": {}, "netIncome": -52203000, "netIncomeApplicableToCommonShares": -52203000}, {"maxAge": 1, "endDate": "2020-03-31", "totalRevenue": -44775000, "costOfRevenue": 0, "grossProfit": -44775000, "researchDevelopment": {}, "sellingGeneralAdministrative": 909000, "nonRecurring": {}, "otherOperatingExpenses": 537580000, "totalOperatingExpenses": 538582000, "operatingIncome": -583357000, "totalOtherIncomeExpenseNet": -613412000, "ebit": -583357000, "interestExpense": -101887000, "incomeBeforeTax": -1196769000, "incomeTaxExpense": 218277000, "minorityInterest": {}, "netIncomeFromContinuingOps": -1415046000, "discontinuedOperations": {}, "extraordinaryItems": {}, "effectOfAccountingCharges": {}, "otherItems": {}, "netIncome": -1415046000, "netIncomeApplicableToCommonShares": -1415046000}, {"maxAge": 1, "endDate": "2019-12-31", "totalRevenue": 165122000, "costOfRevenue": 0, "grossProfit": 165122000, "researchDevelopment": {}, "sellingGeneralAdministrative": 1064000, "nonRecurring": {}, "otherOperatingExpenses": 11294000, "totalOperatingExpenses": 12486000, "operatingIncome": 152636000, "totalOtherIncomeExpenseNet": -266031000, "ebit": 152636000, "interestExpense": -273305000, "incomeBeforeTax": -113395000, "incomeTaxExpense": 0, "minorityInterest": {}, "netIncomeFromContinuingOps": -113395000, "discontinuedOperations": {}, "extraordinaryItems": {}, "effectOfAccountingCharges": {}, "otherItems": {}, "netIncome": -113395000, "netIncomeApplicableToCommonShares": -113395000}, {"maxAge": 1, "endDate": "2019-09-30", "totalRevenue": 132252000, "costOfRevenue": 0, "grossProfit": 132252000, "researchDevelopment": {}, "sellingGeneralAdministrative": 1057000, "nonRecurring": {}, "otherOperatingExpenses": 9637000, "totalOperatingExpenses": 10813000, "operatingIncome": 121439000, "totalOtherIncomeExpenseNet": 187600000, "ebit": 121439000, "interestExpense": -273208000, "incomeBeforeTax": 309039000, "incomeTaxExpense": 0, "minorityInterest": {}, "netIncomeFromContinuingOps": 309039000, "discontinuedOperations": {}, "extraordinaryItems": {}, "effectOfAccountingCharges": {}, "otherItems": {}, "netIncome": 309039000, "netIncomeApplicableToCommonShares": 309039000}], "maxAge": 86400}, "cashflowStatementHistoryQuarterly": {"cashflowStatements": [{"maxAge": 1, "endDate": "2020-06-30", "netIncome": -52203000, "changeToLiabilities": 0}, {"maxAge": 1, "endDate": "2020-03-31", "netIncome": -1415046000, "changeToLiabilities": 0}, {"maxAge": 1, "endDate": "2019-12-31", "netIncome": -113395000, "changeToLiabilities": 0}, {"maxAge": 1, "endDate": "2019-09-30", "netIncome": 309039000, "changeToLiabilities": 0}], "maxAge": 86400}, "insiderHolders": {"holders": [{"maxAge": 1, "name": "Khaitan (Brij Mohan)", "relation": "Non Executive Chairman", "url": "", "transactionDescription": "Other", "latestTransDate": "2017-09-25", "positionDirect": 15240, "positionDirectDate": "2017-09-25"}, {"maxAge": 1, "name": "Khaitan (Shanti)", "relation": "Promoter", "url": "", "transactionDescription": "Other", "latestTransDate": "2015-03-31", "positionDirect": 2400, "positionDirectDate": "2015-03-31"}], "maxAge": 1}, "calendarEvents": {"maxAge": 1, "earnings": {"earningsDate": []}}, "upgradeDowngradeHistory": {"history": [], "maxAge": 86400}, "price": {"maxAge": 1, "regularMarketChangePercent": 0.011141997, "regularMarketChange": 0.19999886, "regularMarketTime": "2021-04-30 15:28:03", "priceHint": 2, "regularMarketPrice": 18.15, "regularMarketDayHigh": 18.4, "regularMarketDayLow": 17.35, "regularMarketVolume": 1370, "averageDailyVolume10Day": 1376, "averageDailyVolume3Month": 3901, "regularMarketPreviousClose": 17.95, "regularMarketSource": "FREE_REALTIME", "regularMarketOpen": 17.85, "exchange": "BSE", "exchangeName": "BSE", "exchangeDataDelayedBy": 0, "marketState": "CLOSED", "quoteType": "EQUITY", "symbol": "WILLAMAGOR.BO", "underlyingSymbol": null, "shortName": "WILLIAMSON MAGOR & COMPANY LTD", "longName": "Williamson Magor & Co. Limited", "currency": "INR", "quoteSourceName": "Delayed Quote", "currencySymbol": "\u20b9", "fromCurrency": null, "lastMarket": null, "marketCap": 198061872}, "balanceSheetHistory": {"balanceSheetStatements": [{"maxAge": 1, "endDate": "2020-03-31", "cash": 199579000, "netReceivables": 3185337000, "totalCurrentAssets": 3384916000, "longTermInvestments": 2211335000, "propertyPlantEquipment": 10680000, "otherAssets": 938635000, "deferredLongTermAssetCharges": 929506000, "totalAssets": 6545566000, "accountsPayable": 3691000, "longTermDebt": 7556415000, "otherLiab": 1666683000, "totalCurrentLiabilities": 3691000, "totalLiab": 9226789000, "commonStock": 109564000, "treasuryStock": -2790787000, "otherStockholderEquity": -2790787000, "totalStockholderEquity": -2681223000, "netTangibleAssets": -2681223000}, {"maxAge": 1, "endDate": "2019-03-31", "cash": 10677000, "netReceivables": 3400869000, "otherCurrentAssets": 666620000, "totalCurrentAssets": 4079233000, "longTermInvestments": 4843421000, "propertyPlantEquipment": 16791000, "otherAssets": 1070441000, "deferredLongTermAssetCharges": 870978000, "totalAssets": 10009886000, "accountsPayable": 3322000, "shortLongTermDebt": 354974000, "otherCurrentLiab": 721612000, "longTermDebt": 2951087000, "otherLiab": 5335000, "totalCurrentLiabilities": 5916667000, "totalLiab": 8873089000, "commonStock": 109564000, "retainedEarnings": 904999000, "treasuryStock": 66625000, "capitalSurplus": 55609000, "otherStockholderEquity": 66625000, "totalStockholderEquity": 1136797000, "netTangibleAssets": 1136797000}, {"maxAge": 1, "endDate": "2018-03-31", "cash": 23674000, "netReceivables": 1759083000, "otherCurrentAssets": 126373000, "totalCurrentAssets": 1909777000, "longTermInvestments": 4793433000, "propertyPlantEquipment": 17379000, "otherAssets": 314859000, "totalAssets": 7035448000, "accountsPayable": 3547000, "shortLongTermDebt": 335512000, "otherCurrentLiab": 15236000, "longTermDebt": 3295320000, "otherLiab": 6734000, "totalCurrentLiabilities": 2845942000, "totalLiab": 6147996000, "commonStock": 109564000, "retainedEarnings": 655654000, "treasuryStock": 66625000, "capitalSurplus": 55609000, "otherStockholderEquity": 66625000, "totalStockholderEquity": 887452000, "netTangibleAssets": 887452000}, {"maxAge": 1, "endDate": "2017-03-31", "cash": 55584000, "netReceivables": 1841892000, "otherCurrentAssets": 75849000, "totalCurrentAssets": 1974028000, "longTermInvestments": 4519746000, "propertyPlantEquipment": 18071000, "otherAssets": 11897000, "totalAssets": 6523742000, "accountsPayable": 25467000, "shortLongTermDebt": 321921000, "otherCurrentLiab": 25309000, "longTermDebt": 2630401000, "otherLiab": 6593000, "totalCurrentLiabilities": 2499856000, "totalLiab": 5136850000, "commonStock": 109564000, "retainedEarnings": 1155094000, "treasuryStock": 66625000, "capitalSurplus": 55609000, "otherStockholderEquity": 66625000, "totalStockholderEquity": 1386892000, "netTangibleAssets": 1386892000}], "maxAge": 86400}, "financialData": {"maxAge": 86400, "currentPrice": 18.15, "recommendationKey": "none", "grossProfits": 435357000, "financialCurrency": "INR"}}}