{"WILLIMFI.BO": {"cashflowStatementHistory": {"cashflowStatements": [{"maxAge": 1, "endDate": "2020-03-31", "netIncome": -231870000, "depreciation": 95000, "changeToNetincome": 117795000, "changeToLiabilities": 0, "changeToOperatingActivities": 201447000, "totalCashFromOperatingActivities": 87467000, "investments": -64325000, "otherCashflowsFromInvestingActivities": 643752000, "totalCashflowsFromInvestingActivities": 1108920000, "netBorrowings": -1204870000, "totalCashFromFinancingActivities": -1204870000, "changeInCash": -8483000}, {"maxAge": 1, "endDate": "2019-03-31", "netIncome": -1923789475, "depreciation": 104226, "changeToNetincome": 2247280116, "changeToLiabilities": 26833706, "changeToOperatingActivities": -1453417811, "totalCashFromOperatingActivities": -1102989238, "investments": -106223467, "otherCashflowsFromInvestingActivities": 12721646, "totalCashflowsFromInvestingActivities": -93501821, "netBorrowings": 1581000000, "otherCashflowsFromFinancingActivities": -389864814, "totalCashFromFinancingActivities": 1191135186, "changeInCash": -5355873}, {"maxAge": 1, "endDate": "2018-03-31", "netIncome": -295807263, "depreciation": 87489, "changeToNetincome": 553743637, "changeToLiabilities": -13305283, "changeToOperatingActivities": -974451156, "totalCashFromOperatingActivities": -729732576, "capitalExpenditures": -76000, "investments": -499600000, "otherCashflowsFromInvestingActivities": 1655781, "totalCashflowsFromInvestingActivities": -498020219, "netBorrowings": 1770500000, "otherCashflowsFromFinancingActivities": -538670713, "totalCashFromFinancingActivities": 1231829287, "changeInCash": 4076492}, {"maxAge": 1, "endDate": "2017-03-31", "netIncome": -146194838, "depreciation": 106673, "changeToNetincome": 377818849, "changeToLiabilities": 25375992, "changeToOperatingActivities": 37240615, "totalCashFromOperatingActivities": 294347291, "capitalExpenditures": -76000, "investments": -1019999990, "otherCashflowsFromInvestingActivities": 18288438, "totalCashflowsFromInvestingActivities": -1001711552, "netBorrowings": 1026500000, "otherCashflowsFromFinancingActivities": -322308458, "totalCashFromFinancingActivities": 704191542, "changeInCash": -3172719}], "maxAge": 86400}, "institutionOwnership": {"ownershipList": [], "maxAge": 1}, "balanceSheetHistoryQuarterly": {"balanceSheetStatements": [{"maxAge": 1, "endDate": "2020-06-30", "totalStockholderEquity": -3031645000, "netTangibleAssets": -3031645000}, {"maxAge": 1, "endDate": "2020-03-31", "cash": 136000, "netReceivables": 2096926000, "totalCurrentAssets": 2097062000, "longTermInvestments": 597171000, "propertyPlantEquipment": 120000, "otherAssets": 282390000, "totalAssets": 2976743000, "longTermDebt": 4956630000, "otherLiab": 1051758000, "totalLiab": 6008388000, "commonStock": 83591000, "treasuryStock": -3115236000, "otherStockholderEquity": -3115236000, "totalStockholderEquity": -3031645000, "netTangibleAssets": -3031645000}, {"maxAge": 1, "endDate": "2019-12-31", "cash": 136000, "netReceivables": 2096926000, "totalCurrentAssets": 2097062000, "longTermInvestments": 597171000, "propertyPlantEquipment": 120000, "otherAssets": 282390000, "totalAssets": 2976743000, "longTermDebt": 4956630000, "otherLiab": 1051758000, "totalLiab": 6008388000, "commonStock": 83591000, "treasuryStock": -3115236000, "otherStockholderEquity": -3115236000, "totalStockholderEquity": -3031645000, "netTangibleAssets": -3031645000}, {"maxAge": 1, "endDate": "2019-09-30", "cash": 3668990, "netReceivables": 2663489390, "totalCurrentAssets": 2667158380, "longTermInvestments": 849007270, "propertyPlantEquipment": 143230, "otherAssets": 7161790, "totalAssets": 3523470670, "longTermDebt": 5350515760, "otherLiab": 1131246650, "totalLiab": 6481762410, "commonStock": 83591360, "treasuryStock": -3041883100, "otherStockholderEquity": -3041883100, "totalStockholderEquity": -2958291740, "netTangibleAssets": -2958291740}], "maxAge": 86400}, "indexTrend": {"maxAge": 1, "symbol": "SP5", "peRatio": 19.7411, "pegRatio": 1.34172, "estimates": [{"period": "0q", "growth": 0.549}, {"period": "+1q", "growth": 0.431}, {"period": "0y", "growth": 0.305}, {"period": "+1y", "growth": 0.109}, {"period": "+5y", "growth": 0.120859005}, {"period": "-5y"}]}, "insiderTransactions": {"transactions": [{"maxAge": 1, "shares": 10, "filerUrl": "", "transactionText": "", "filerName": "Khaitan (Deepak)", "filerRelation": "Promoter", "moneyText": "", "startDate": "2016-10-31", "ownership": "D"}, {"maxAge": 1, "shares": 5, "filerUrl": "", "transactionText": "", "filerName": "Khaitan (Yashodhara)", "filerRelation": "Promoter", "moneyText": "", "startDate": "2016-10-31", "ownership": "D"}, {"maxAge": 1, "shares": 36219, "filerUrl": "", "transactionText": "", "filerName": "Khaitan (Amritanshu)", "filerRelation": "Promoter", "moneyText": "", "startDate": "2015-04-01", "ownership": "D"}, {"maxAge": 1, "shares": 200, "filerUrl": "", "transactionText": "", "filerName": "Khaitan (Yashodhara)", "filerRelation": "Promoter", "moneyText": "", "startDate": "2015-03-31", "ownership": "D"}], "maxAge": 1}, "quoteType": {"exchange": "BSE", "quoteType": "EQUITY", "symbol": "WILLIMFI.BO", "underlyingSymbol": "WILLIMFI.BO", "shortName": "WILLIAMSON FINANCIAL SERVICES", "longName": "Williamson Financial Services Limited", "firstTradeDateEpochUtc": "2000-01-03 09:15:00", "timeZoneFullName": "Asia/Kolkata", "timeZoneShortName": "IST", "uuid": "e0205123-717d-3936-bdbf-db75dd643433", "gmtOffSetMilliseconds": 19800000, "maxAge": 1}, "incomeStatementHistory": {"incomeStatementHistory": [{"maxAge": 1, "endDate": "2020-03-31", "totalRevenue": -120426000, "costOfRevenue": 0, "grossProfit": -120426000, "researchDevelopment": {}, "sellingGeneralAdministrative": 2032000, "nonRecurring": {}, "otherOperatingExpenses": 161326000, "totalOperatingExpenses": 163453000, "operatingIncome": -283879000, "totalOtherIncomeExpenseNet": 52009000, "ebit": 0, "interestExpense": {}, "incomeBeforeTax": -231870000, "incomeTaxExpense": 0, "minorityInterest": {}, "netIncomeFromContinuingOps": -231870000, "discontinuedOperations": {}, "extraordinaryItems": {}, "effectOfAccountingCharges": {}, "otherItems": {}, "netIncome": -231870000, "netIncomeApplicableToCommonShares": -231870000}, {"maxAge": 1, "endDate": "2019-03-31", "totalRevenue": -437665906, "costOfRevenue": 545240, "grossProfit": -438211146, "researchDevelopment": {}, "sellingGeneralAdministrative": 6496063, "nonRecurring": {}, "otherOperatingExpenses": 42764561, "totalOperatingExpenses": 49910090, "operatingIncome": -487575996, "totalOtherIncomeExpenseNet": -1426948559, "ebit": 0, "interestExpense": {}, "incomeBeforeTax": -1914524555, "incomeTaxExpense": 9264920, "minorityInterest": {}, "netIncomeFromContinuingOps": -1923789475, "discontinuedOperations": {}, "extraordinaryItems": {}, "effectOfAccountingCharges": {}, "otherItems": {}, "netIncome": -1923789475, "netIncomeApplicableToCommonShares": -1923789475}, {"maxAge": 1, "endDate": "2018-03-31", "totalRevenue": -241379861, "costOfRevenue": 1379525, "grossProfit": -242759386, "researchDevelopment": {}, "sellingGeneralAdministrative": 6968283, "nonRecurring": {}, "otherOperatingExpenses": 45992105, "totalOperatingExpenses": 54427402, "operatingIncome": -295807263, "totalOtherIncomeExpenseNet": 0, "ebit": 0, "interestExpense": {}, "incomeBeforeTax": -295807263, "incomeTaxExpense": 0, "minorityInterest": {}, "netIncomeFromContinuingOps": -295807263, "discontinuedOperations": {}, "extraordinaryItems": {}, "effectOfAccountingCharges": {}, "otherItems": {}, "netIncome": -295807263, "netIncomeApplicableToCommonShares": -295807263}, {"maxAge": 1, "endDate": "2017-03-31", "totalRevenue": -50445202, "costOfRevenue": 580062, "grossProfit": -51025264, "researchDevelopment": {}, "sellingGeneralAdministrative": 6330773, "nonRecurring": {}, "otherOperatingExpenses": 50689047, "totalOperatingExpenses": 57706555, "operatingIncome": -108151757, "totalOtherIncomeExpenseNet": -38043081, "ebit": 0, "interestExpense": {}, "incomeBeforeTax": -146194838, "incomeTaxExpense": 0, "minorityInterest": {}, "netIncomeFromContinuingOps": -146194838, "discontinuedOperations": {}, "extraordinaryItems": {}, "effectOfAccountingCharges": {}, "otherItems": {}, "netIncome": -146194838, "netIncomeApplicableToCommonShares": -146194838}], "maxAge": 86400}, "fundOwnership": {"ownershipList": [], "maxAge": 1}, "summaryDetail": {"maxAge": 1, "priceHint": 4, "previousClose": 4.9, "open": 4.9, "dayLow": 4.9, "dayHigh": 4.9, "regularMarketPreviousClose": 4.9, "regularMarketOpen": 4.9, "regularMarketDayLow": 4.9, "regularMarketDayHigh": 4.9, "volume": 500, "regularMarketVolume": 500, "averageVolume": 1595, "averageVolume10days": 0, "averageDailyVolume10Day": 0, "bid": 0.0, "ask": 4.9, "bidSize": 0, "askSize": 0, "marketCap": 40959788, "fiftyTwoWeekLow": 2.73, "fiftyTwoWeekHigh": 6.2, "fiftyDayAverage": 3.2418182, "twoHundredDayAverage": 3.7869854, "currency": "INR", "fromCurrency": null, "lastMarket": null, "algorithm": null, "tradeable": false}, "incomeStatementHistoryQuarterly": {"incomeStatementHistory": [{"maxAge": 1, "endDate": "2020-06-30", "totalRevenue": -21390000, "costOfRevenue": 0, "grossProfit": -21390000, "researchDevelopment": {}, "sellingGeneralAdministrative": 267000, "nonRecurring": {}, "otherOperatingExpenses": 1532000, "totalOperatingExpenses": 1806000, "operatingIncome": -23196000, "totalOtherIncomeExpenseNet": 0, "ebit": 0, "interestExpense": {}, "incomeBeforeTax": -23196000, "incomeTaxExpense": 0, "minorityInterest": {}, "netIncomeFromContinuingOps": -23196000, "discontinuedOperations": {}, "extraordinaryItems": {}, "effectOfAccountingCharges": {}, "otherItems": {}, "netIncome": -23196000, "netIncomeApplicableToCommonShares": -23196000}, {"maxAge": 1, "endDate": "2020-03-31", "totalRevenue": -275152000, "costOfRevenue": 0, "grossProfit": -275152000, "researchDevelopment": {}, "sellingGeneralAdministrative": 263000, "nonRecurring": {}, "otherOperatingExpenses": -168468000, "totalOperatingExpenses": -168160000, "operatingIncome": -106992000, "totalOtherIncomeExpenseNet": 107000, "ebit": 0, "interestExpense": {}, "incomeBeforeTax": -106885000, "incomeTaxExpense": 0, "minorityInterest": {}, "netIncomeFromContinuingOps": -106885000, "discontinuedOperations": {}, "extraordinaryItems": {}, "effectOfAccountingCharges": {}, "otherItems": {}, "netIncome": -106885000, "netIncomeApplicableToCommonShares": -106885000}, {"maxAge": 1, "endDate": "2019-12-31", "totalRevenue": 52286955, "costOfRevenue": 0, "grossProfit": 52286955, "researchDevelopment": {}, "sellingGeneralAdministrative": 296860, "nonRecurring": {}, "otherOperatingExpenses": 21936120, "totalOperatingExpenses": 22261455, "operatingIncome": 30025500, "totalOtherIncomeExpenseNet": 26004500, "ebit": 0, "interestExpense": {}, "incomeBeforeTax": 56030000, "incomeTaxExpense": 0, "minorityInterest": {}, "netIncomeFromContinuingOps": 56030000, "discontinuedOperations": {}, "extraordinaryItems": {}, "effectOfAccountingCharges": {}, "otherItems": {}, "netIncome": 56030000, "netIncomeApplicableToCommonShares": 56030000}, {"maxAge": 1, "endDate": "2019-09-30", "totalRevenue": -112858260, "costOfRevenue": 0, "grossProfit": -112858260, "researchDevelopment": {}, "sellingGeneralAdministrative": 686360, "nonRecurring": {}, "otherOperatingExpenses": 116234560, "totalOperatingExpenses": 116939940, "operatingIncome": -229798200, "totalOtherIncomeExpenseNet": 0, "ebit": 0, "interestExpense": {}, "incomeBeforeTax": -229798200, "incomeTaxExpense": 0, "minorityInterest": {}, "netIncomeFromContinuingOps": -229798200, "discontinuedOperations": {}, "extraordinaryItems": {}, "effectOfAccountingCharges": {}, "otherItems": {}, "netIncome": -229798200, "netIncomeApplicableToCommonShares": -229798200}], "maxAge": 86400}, "cashflowStatementHistoryQuarterly": {"cashflowStatements": [{"maxAge": 1, "endDate": "2020-06-30", "netIncome": -23196000, "changeToLiabilities": 0}, {"maxAge": 1, "endDate": "2020-03-31", "netIncome": -106885000, "depreciation": 28475, "changeToNetincome": -213313790, "changeToLiabilities": -71780, "changeToOperatingActivities": 5794875, "totalCashFromOperatingActivities": -151532220, "investments": -32162500, "otherCashflowsFromInvestingActivities": 321783100, "totalCashflowsFromInvestingActivities": 554367100, "netBorrowings": -429905000, "otherCashflowsFromFinancingActivities": 25303410, "totalCashFromFinancingActivities": -404601590, "changeInCash": -1766710}, {"maxAge": 1, "endDate": "2019-12-31", "netIncome": 56030000, "depreciation": 28475, "changeToNetincome": -213313790, "changeToLiabilities": -71780, "changeToOperatingActivities": 5794875, "totalCashFromOperatingActivities": -151532220, "investments": -32162500, "otherCashflowsFromInvestingActivities": 321783100, "totalCashflowsFromInvestingActivities": 554367100, "netBorrowings": -429905000, "otherCashflowsFromFinancingActivities": 25303410, "totalCashFromFinancingActivities": -404601590, "changeInCash": -1766710}, {"maxAge": 1, "endDate": "2019-09-30", "netIncome": -229798200, "depreciation": 28475, "changeToNetincome": -213313790, "changeToLiabilities": 0, "changeToOperatingActivities": 5794875, "totalCashFromOperatingActivities": -151532220, "investments": -32162500, "otherCashflowsFromInvestingActivities": 321783100, "totalCashflowsFromInvestingActivities": 554367100, "netBorrowings": -429905000, "otherCashflowsFromFinancingActivities": 25303410, "totalCashFromFinancingActivities": -404601590, "changeInCash": -1766710}], "maxAge": 86400}, "insiderHolders": {"holders": [{"maxAge": 1, "name": "Khaitan (Amritanshu)", "relation": "Promoter", "url": "", "transactionDescription": "Other", "latestTransDate": "2015-04-01", "positionDirect": 36219, "positionDirectDate": "2015-04-01"}, {"maxAge": 1, "name": "Khaitan (Deepak)", "relation": "Promoter", "url": "", "transactionDescription": "Other", "latestTransDate": "2016-10-31", "positionDirect": 0, "positionDirectDate": "2016-10-31"}, {"maxAge": 1, "name": "Khaitan (Yashodhara)", "relation": "Promoter", "url": "", "transactionDescription": "Other", "latestTransDate": "2016-10-31", "positionDirect": 205, "positionDirectDate": "2016-10-31"}], "maxAge": 1}, "calendarEvents": {"maxAge": 1, "earnings": {"earningsDate": []}}, "upgradeDowngradeHistory": {"history": [], "maxAge": 86400}, "price": {"maxAge": 1, "regularMarketChangePercent": 0.0, "regularMarketChange": 0.0, "regularMarketTime": "2021-04-23 14:15:00", "priceHint": 4, "regularMarketPrice": 4.9, "regularMarketDayHigh": 4.9, "regularMarketDayLow": 4.9, "regularMarketVolume": 500, "averageDailyVolume10Day": 0, "averageDailyVolume3Month": 1595, "regularMarketPreviousClose": 4.9, "regularMarketSource": "FREE_REALTIME", "regularMarketOpen": 4.9, "exchange": "BSE", "exchangeName": "BSE", "exchangeDataDelayedBy": 0, "marketState": "CLOSED", "quoteType": "EQUITY", "symbol": "WILLIMFI.BO", "underlyingSymbol": null, "shortName": "WILLIAMSON FINANCIAL SERVICES", "longName": "Williamson Financial Services Limited", "currency": "INR", "quoteSourceName": "Delayed Quote", "currencySymbol": "\u20b9", "fromCurrency": null, "lastMarket": null, "marketCap": 40959788}, "balanceSheetHistory": {"balanceSheetStatements": [{"maxAge": 1, "endDate": "2020-03-31", "cash": 136000, "netReceivables": 2096926000, "totalCurrentAssets": 2097062000, "longTermInvestments": 597171000, "propertyPlantEquipment": 120000, "otherAssets": 282390000, "totalAssets": 2976743000, "longTermDebt": 4956630000, "otherLiab": 1051758000, "totalLiab": 6008388000, "commonStock": 83591000, "treasuryStock": -3115236000, "otherStockholderEquity": -3115236000, "totalStockholderEquity": -3031645000, "netTangibleAssets": -3031645000}, {"maxAge": 1, "endDate": "2019-03-31", "cash": 8618562, "netReceivables": 3040784048, "otherCurrentAssets": 352560730, "totalCurrentAssets": 3401963340, "longTermInvestments": 1656577273, "propertyPlantEquipment": 2224471, "goodWill": 2, "otherAssets": 63746, "totalAssets": 5060828832, "shortLongTermDebt": 325000000, "otherCurrentLiab": 11800010, "longTermDebt": 1975000000, "otherLiab": 27789235, "totalCurrentLiabilities": 4972515596, "totalLiab": 6975304831, "commonStock": 83591360, "retainedEarnings": -2543928653, "treasuryStock": 427816334, "capitalSurplus": 118044960, "otherStockholderEquity": 427816334, "totalStockholderEquity": -1914475999, "netTangibleAssets": -1914476001}, {"maxAge": 1, "endDate": "2018-03-31", "cash": 13974435, "netReceivables": 1825937296, "otherCurrentAssets": 241645359, "totalCurrentAssets": 2081557090, "longTermInvestments": 2844942303, "propertyPlantEquipment": 2400937, "goodWill": 2, "otherAssets": 63746, "totalAssets": 4928964078, "otherCurrentLiab": 1126463, "longTermDebt": 2400000000, "otherLiab": 9674852, "totalCurrentLiabilities": 2509903510, "totalLiab": 4919578362, "commonStock": 83591360, "retainedEarnings": -620139178, "treasuryStock": 427888574, "capitalSurplus": 118044960, "otherStockholderEquity": 427888574, "totalStockholderEquity": 9385716, "netTangibleAssets": 9385714}, {"maxAge": 1, "endDate": "2017-03-31", "cash": 9897943, "netReceivables": 1024396716, "otherCurrentAssets": 26147437, "totalCurrentAssets": 1060442096, "longTermInvestments": 2332934303, "propertyPlantEquipment": 2488277, "goodWill": 2, "otherAssets": 63746, "totalAssets": 3395928424, "otherCurrentLiab": 22007689, "longTermDebt": 1500000000, "otherLiab": 8509720, "totalCurrentLiabilities": 1582149874, "totalLiab": 3090659594, "commonStock": 83591360, "retainedEarnings": -324331915, "treasuryStock": 427964425, "capitalSurplus": 118044960, "otherStockholderEquity": 427964425, "totalStockholderEquity": 305268830, "netTangibleAssets": 305268828}], "maxAge": 86400}, "financialData": {"maxAge": 86400, "currentPrice": 4.9, "recommendationKey": "none", "grossProfits": -120426000, "financialCurrency": "INR"}}}