{"WINDMACHIN.NS": {"assetProfile": {"address1": "Plot 5402-5403, Phase-IV", "address2": "GIDC Vatva", "city": "Ahmedabad", "zip": "382445", "country": "India", "phone": "91 79 3026 2100", "fax": "91 79 2584 2059", "website": "http://www.windsormachines.com", "industry": "Specialty Industrial Machinery", "sector": "Industrials", "longBusinessSummary": "Windsor Machines Limited engages in the manufacturing and selling of plastic processing machinery in India and internationally. The company operates through Extrusion Machinery and Injection Moulding Machinery segments. It offers injection molding machines, including two platen, toggle, hydro-mechanical, and electric injection molding machines. The company also provides pipe extrusion lines, such as single screw extruders for PE/ PP pipes; in line drip irrigation solutions; and twin screw pipe extruders for RPVC/UPVC pipe extrusion lines, as well as die heads/polyolefin processing (PE/PPR), multiple pipe die head with single downstream equipment, dual pipe head die with dual downstream equipment, calibrating systems/vacuum and pressure equipment, haul-off units, tube cutting units, and coiling units. In addition, it offers blown film lines comprising 7 and 9 layer blown film extrusion lines; five layer polyolefin dedicated line for non-barrier film applications; five layer IBC co-extrusion blown film lines; three layer IBC co-extrusion blown film lines; and three layer non-IBC co-extrusion blown film lines. The company was formerly known as DGP Windsor India limited and changed its name to Windsor Machines Limited in 2005. Windsor Machines Limited was incorporated in 1963 and is based in Ahmedabad, India. Windsor Machines Limited is a subsidiary of Castle Equipments Private Limited.", "fullTimeEmployees": 520, "companyOfficers": [{"maxAge": 1, "name": "Mr. Rajan Shankar Narayan Tarakhad", "age": 60, "title": "CEO & Exec. Director", "yearBorn": 1960, "fiscalYear": 2020, "totalPay": 14000000, "exercisedValue": 0, "unexercisedValue": 0}, {"maxAge": 1, "name": "Ms. Priti Anand Patel", "title": "Company Sec. & Compliance Officer", "exercisedValue": 0, "unexercisedValue": 0}, {"maxAge": 1, "name": "Mr. Anand  Jain", "title": "Chief Financial Officer", "exercisedValue": 0, "unexercisedValue": 0}], "compensationAsOfEpochDate": "2020-12-31 05:30:00", "maxAge": 86400}, "cashflowStatementHistory": {"cashflowStatements": [{"maxAge": 1, "endDate": "2020-03-31", "netIncome": -73494000, "depreciation": 135457000, "changeToNetincome": -5167000, "changeToAccountReceivables": 97331000, "changeToLiabilities": -8243000, "changeToInventory": 112240000, "changeToOperatingActivities": -24908000, "totalCashFromOperatingActivities": 240940000, "capitalExpenditures": -52539000, "investments": 48256000, "otherCashflowsFromInvestingActivities": 86841000, "totalCashflowsFromInvestingActivities": 82965000, "dividendsPaid": -64045000, "netBorrowings": -189106000, "otherCashflowsFromFinancingActivities": -123216000, "totalCashFromFinancingActivities": -376367000, "changeInCash": -50819000}, {"maxAge": 1, "endDate": "2019-03-31", "netIncome": -30289000, "depreciation": 132994000, "changeToNetincome": -18512000, "changeToAccountReceivables": 232571000, "changeToLiabilities": -130480000, "changeToInventory": -74480000, "changeToOperatingActivities": 255414000, "totalCashFromOperatingActivities": 375794000, "capitalExpenditures": -97420000, "investments": -32548000, "otherCashflowsFromInvestingActivities": 110341000, "totalCashflowsFromInvestingActivities": 4123000, "dividendsPaid": -63935000, "netBorrowings": -115535000, "otherCashflowsFromFinancingActivities": -138953000, "totalCashFromFinancingActivities": -318423000, "changeInCash": 61494000}, {"maxAge": 1, "endDate": "2018-03-31", "netIncome": 120472000, "depreciation": 125024000, "changeToNetincome": 25330000, "changeToAccountReceivables": -171954000, "changeToLiabilities": 279556000, "changeToInventory": -117776000, "changeToOperatingActivities": -40099000, "totalCashFromOperatingActivities": 227318000, "capitalExpenditures": -110573000, "investments": 40293000, "otherCashflowsFromInvestingActivities": 153041000, "totalCashflowsFromInvestingActivities": -22088000, "dividendsPaid": -47938000, "netBorrowings": -97485000, "otherCashflowsFromFinancingActivities": -25760000, "totalCashFromFinancingActivities": -171183000, "changeInCash": 34047000}, {"maxAge": 1, "endDate": "2017-03-31", "netIncome": 99061000, "depreciation": 118070000, "changeToNetincome": 32678000, "changeToAccountReceivables": -8940000, "changeToLiabilities": 120274000, "changeToInventory": -44703000, "changeToOperatingActivities": -129026000, "totalCashFromOperatingActivities": 191233000, "capitalExpenditures": -474891000, "investments": -119882000, "otherCashflowsFromInvestingActivities": 93269000, "totalCashflowsFromInvestingActivities": -797013000, "dividendsPaid": -47938000, "netBorrowings": 695352000, "otherCashflowsFromFinancingActivities": -88073000, "totalCashFromFinancingActivities": 607279000, "changeInCash": 1499000}], "maxAge": 86400}, "institutionOwnership": {"ownershipList": [], "maxAge": 1}, "majorHoldersBreakdown": {"maxAge": 1, "insidersPercentHeld": 0.73193, "institutionsPercentHeld": 0.0, "institutionsFloatPercentHeld": 0.0, "institutionsCount": 0}, "balanceSheetHistoryQuarterly": {"balanceSheetStatements": [{"maxAge": 1, "endDate": "2020-12-31", "totalStockholderEquity": 2684655000, "netTangibleAssets": 2477071000}, {"maxAge": 1, "endDate": "2020-09-30", "cash": 40732000, "shortTermInvestments": 41888000, "netReceivables": 231266000, "inventory": 674238000, "otherCurrentAssets": 75230000, "totalCurrentAssets": 1063354000, "longTermInvestments": 1182000, "propertyPlantEquipment": 3355274000, "goodWill": 4863000, "intangibleAssets": 202721000, "otherAssets": 918321000, "totalAssets": 5545715000, "accountsPayable": 595597000, "otherCurrentLiab": 1071101000, "longTermDebt": 366960000, "otherLiab": 716224000, "minorityInterest": 110388000, "totalCurrentLiabilities": 1667488000, "totalLiab": 2750672000, "commonStock": 129864000, "treasuryStock": 2554791000, "otherStockholderEquity": 2554791000, "totalStockholderEquity": 2684655000, "netTangibleAssets": 2477071000}, {"maxAge": 1, "endDate": "2020-06-30", "totalStockholderEquity": 2748981000, "netTangibleAssets": 2539710000}, {"maxAge": 1, "endDate": "2020-03-31", "cash": 91533000, "netReceivables": 214463000, "inventory": 734852000, "otherCurrentAssets": 68779000, "totalCurrentAssets": 1132571000, "longTermInvestments": 735000, "propertyPlantEquipment": 3424216000, "goodWill": 4863000, "intangibleAssets": 204408000, "otherAssets": 914564000, "totalAssets": 5681357000, "accountsPayable": 801630000, "shortLongTermDebt": 153028000, "otherCurrentLiab": 564739000, "longTermDebt": 338566000, "otherLiab": 726546000, "minorityInterest": 110656000, "totalCurrentLiabilities": 1756608000, "totalLiab": 2821720000, "commonStock": 129864000, "retainedEarnings": 2491655000, "treasuryStock": 127462000, "otherStockholderEquity": 127462000, "totalStockholderEquity": 2748981000, "netTangibleAssets": 2539710000}], "maxAge": 86400}, "indexTrend": {"maxAge": 1, "symbol": "SP5", "peRatio": 19.7411, "pegRatio": 1.34172, "estimates": [{"period": "0q", "growth": 0.549}, {"period": "+1q", "growth": 0.431}, {"period": "0y", "growth": 0.305}, {"period": "+1y", "growth": 0.109}, {"period": "+5y", "growth": 0.120865}, {"period": "-5y"}]}, "defaultKeyStatistics": {"maxAge": 1, "priceHint": 2, "enterpriseValue": 2368510976, "profitMargins": -0.10649, "floatShares": 15447107, "sharesOutstanding": 64931800, "heldPercentInsiders": 0.73193, "heldPercentInstitutions": 0.0, "beta": 0.85153, "category": null, "bookValue": 40.597, "priceToBook": 0.7365076, "fundFamily": null, "legalType": null, "lastFiscalYearEnd": "2020-03-31 05:30:00", "nextFiscalYearEnd": "2022-03-31 05:30:00", "mostRecentQuarter": "2020-12-31 05:30:00", "earningsQuarterlyGrowth": 49.091, "netIncomeToCommon": -270479008, "trailingEps": -4.21, "lastSplitFactor": "2:1", "lastSplitDate": "2011-06-16 05:30:00", "enterpriseToRevenue": 0.932, "enterpriseToEbitda": 19.755}, "summaryProfile": {"address1": "Plot 5402-5403, Phase-IV", "address2": "GIDC Vatva", "city": "Ahmedabad", "zip": "382445", "country": "India", "phone": "91 79 3026 2100", "fax": "91 79 2584 2059", "website": "http://www.windsormachines.com", "industry": "Specialty Industrial Machinery", "sector": "Industrials", "longBusinessSummary": "Windsor Machines Limited engages in the manufacturing and selling of plastic processing machinery in India and internationally. The company operates through Extrusion Machinery and Injection Moulding Machinery segments. It offers injection molding machines, including two platen, toggle, hydro-mechanical, and electric injection molding machines. The company also provides pipe extrusion lines, such as single screw extruders for PE/ PP pipes; in line drip irrigation solutions; and twin screw pipe extruders for RPVC/UPVC pipe extrusion lines, as well as die heads/polyolefin processing (PE/PPR), multiple pipe die head with single downstream equipment, dual pipe head die with dual downstream equipment, calibrating systems/vacuum and pressure equipment, haul-off units, tube cutting units, and coiling units. In addition, it offers blown film lines comprising 7 and 9 layer blown film extrusion lines; five layer polyolefin dedicated line for non-barrier film applications; five layer IBC co-extrusion blown film lines; three layer IBC co-extrusion blown film lines; and three layer non-IBC co-extrusion blown film lines. The company was formerly known as DGP Windsor India limited and changed its name to Windsor Machines Limited in 2005. Windsor Machines Limited was incorporated in 1963 and is based in Ahmedabad, India. Windsor Machines Limited is a subsidiary of Castle Equipments Private Limited.", "fullTimeEmployees": 520, "companyOfficers": [], "maxAge": 86400}, "netSharePurchaseActivity": {"maxAge": 1, "period": "6m", "buyInfoCount": 0, "buyInfoShares": 0, "sellInfoCount": 0, "netInfoCount": 0, "netInfoShares": 0, "netPercentInsiderShares": 0.0, "totalInsiderShares": 47503056}, "insiderTransactions": {"transactions": [{"maxAge": 1, "shares": 110012, "filerUrl": "", "transactionText": "", "filerName": "Ghodbunder Developers Pvt Ltd", "filerRelation": "Promoter", "moneyText": "", "startDate": "2016-10-25", "ownership": "D"}, {"maxAge": 1, "shares": 125000, "filerUrl": "", "transactionText": "", "filerName": "Ghodbunder Developers Pvt Ltd", "filerRelation": "Promoter", "moneyText": "", "startDate": "2016-09-23", "ownership": "D"}, {"maxAge": 1, "shares": 275000, "filerUrl": "", "transactionText": "", "filerName": "Ghodbunder Developers Pvt Ltd", "filerRelation": "Promoter", "moneyText": "", "startDate": "2016-09-14", "ownership": "D"}, {"maxAge": 1, "shares": 2948874, "filerUrl": "", "transactionText": "", "filerName": "VIP Industries Ltd", "filerRelation": "Institution- Corporation", "moneyText": "", "startDate": "2014-03-28", "ownership": "D"}, {"maxAge": 1, "shares": 5000, "filerUrl": "", "transactionText": "", "filerName": "Thakur (Jayant)", "filerRelation": "Director (Non-Executive)", "moneyText": "", "startDate": "2013-12-11", "ownership": "D"}, {"maxAge": 1, "shares": 5899748, "filerUrl": "", "transactionText": "", "filerName": "Sitlani (Vandana Ramesh)", "filerRelation": "UNREPORTED", "moneyText": "", "startDate": "2012-06-28", "ownership": "D"}, {"maxAge": 1, "shares": 240000, "filerUrl": "", "transactionText": "", "filerName": "VIP Industries Ltd", "filerRelation": "UNREPORTED", "moneyText": "", "startDate": "2009-09-05", "ownership": "D"}], "maxAge": 1}, "quoteType": {"exchange": "NSI", "quoteType": "EQUITY", "symbol": "WINDMACHIN.NS", "underlyingSymbol": "WINDMACHIN.NS", "shortName": "WINDSOR MACHINES", "longName": "Windsor Machines Limited", "firstTradeDateEpochUtc": "2002-08-12 09:15:00", "timeZoneFullName": "Asia/Kolkata", "timeZoneShortName": "IST", "uuid": "3a42e002-c9fe-32ab-8249-5fd9db8ea05b", "gmtOffSetMilliseconds": 19800000, "maxAge": 1}, "incomeStatementHistory": {"incomeStatementHistory": [{"maxAge": 1, "endDate": "2020-03-31", "totalRevenue": 2830516000, "costOfRevenue": 1780024000, "grossProfit": 1050492000, "researchDevelopment": {}, "sellingGeneralAdministrative": 580449000, "nonRecurring": {}, "otherOperatingExpenses": 416763000, "totalOperatingExpenses": 2920417000, "operatingIncome": -89901000, "totalOtherIncomeExpenseNet": -230472000, "ebit": -89901000, "interestExpense": -80849000, "incomeBeforeTax": -320373000, "incomeTaxExpense": -245178000, "minorityInterest": 110656000, "netIncomeFromContinuingOps": -75195000, "discontinuedOperations": {}, "extraordinaryItems": {}, "effectOfAccountingCharges": {}, "otherItems": {}, "netIncome": -73494000, "netIncomeApplicableToCommonShares": -73494000}, {"maxAge": 1, "endDate": "2019-03-31", "totalRevenue": 3495055000, "costOfRevenue": 2280499000, "grossProfit": 1214556000, "researchDevelopment": {}, "sellingGeneralAdministrative": 638641000, "nonRecurring": {}, "otherOperatingExpenses": 451759000, "totalOperatingExpenses": 3512469000, "operatingIncome": -17414000, "totalOtherIncomeExpenseNet": 70232000, "ebit": -17414000, "interestExpense": -101850000, "incomeBeforeTax": 52818000, "incomeTaxExpense": 83107000, "minorityInterest": 110656000, "netIncomeFromContinuingOps": -30289000, "discontinuedOperations": {}, "extraordinaryItems": {}, "effectOfAccountingCharges": {}, "otherItems": {}, "netIncome": -30289000, "netIncomeApplicableToCommonShares": -30289000}, {"maxAge": 1, "endDate": "2018-03-31", "totalRevenue": 3929437000, "costOfRevenue": 2460093000, "grossProfit": 1469344000, "researchDevelopment": {}, "sellingGeneralAdministrative": 603340000, "nonRecurring": {}, "otherOperatingExpenses": 505854000, "totalOperatingExpenses": 3701076000, "operatingIncome": 228361000, "totalOtherIncomeExpenseNet": -7799000, "ebit": 228361000, "interestExpense": -113346000, "incomeBeforeTax": 220562000, "incomeTaxExpense": 100090000, "minorityInterest": 110656000, "netIncomeFromContinuingOps": 120472000, "discontinuedOperations": {}, "extraordinaryItems": {}, "effectOfAccountingCharges": {}, "otherItems": {}, "netIncome": 120472000, "netIncomeApplicableToCommonShares": 120472000}, {"maxAge": 1, "endDate": "2017-03-31", "totalRevenue": 3540352000, "costOfRevenue": 2204931000, "grossProfit": 1335421000, "researchDevelopment": {}, "sellingGeneralAdministrative": 572470000, "nonRecurring": {}, "otherOperatingExpenses": 451771000, "totalOperatingExpenses": 3351061000, "operatingIncome": 189291000, "totalOtherIncomeExpenseNet": 1157000, "ebit": 189291000, "interestExpense": -75324000, "incomeBeforeTax": 190448000, "incomeTaxExpense": 91449000, "minorityInterest": 20000, "netIncomeFromContinuingOps": 98999000, "discontinuedOperations": {}, "extraordinaryItems": {}, "effectOfAccountingCharges": {}, "otherItems": {}, "netIncome": 99061000, "netIncomeApplicableToCommonShares": 99061000}], "maxAge": 86400}, "fundOwnership": {"ownershipList": [], "maxAge": 1}, "summaryDetail": {"maxAge": 1, "priceHint": 2, "previousClose": 30.4, "open": 30.85, "dayLow": 29.45, "dayHigh": 30.85, "regularMarketPreviousClose": 30.4, "regularMarketOpen": 30.85, "regularMarketDayLow": 29.45, "regularMarketDayHigh": 30.85, "exDividendDate": "2019-09-16 05:30:00", "payoutRatio": 0.0, "beta": 0.85153, "volume": 91802, "regularMarketVolume": 91802, "averageVolume": 168491, "averageVolume10days": 284579, "averageDailyVolume10Day": 284579, "bid": 0.0, "ask": 0.0, "bidSize": 0, "askSize": 0, "marketCap": 1928687488, "fiftyTwoWeekLow": 10.75, "fiftyTwoWeekHigh": 32.7, "priceToSalesTrailing12Months": 0.7593363, "fiftyDayAverage": 25.574242, "twoHundredDayAverage": 18.448929, "trailingAnnualDividendRate": 1.0, "trailingAnnualDividendYield": 0.032894738, "currency": "INR", "fromCurrency": null, "lastMarket": null, "algorithm": null, "tradeable": false}, "incomeStatementHistoryQuarterly": {"incomeStatementHistory": [{"maxAge": 1, "endDate": "2020-12-31", "totalRevenue": 911847000, "costOfRevenue": 574369000, "grossProfit": 337478000, "researchDevelopment": {}, "sellingGeneralAdministrative": 136344000, "nonRecurring": {}, "otherOperatingExpenses": 89638000, "totalOperatingExpenses": 834946000, "operatingIncome": 76901000, "totalOtherIncomeExpenseNet": -23018000, "ebit": 76901000, "interestExpense": -24999000, "incomeBeforeTax": 53883000, "incomeTaxExpense": -5748000, "minorityInterest": {}, "netIncomeFromContinuingOps": 59631000, "discontinuedOperations": {}, "extraordinaryItems": {}, "effectOfAccountingCharges": {}, "otherItems": {}, "netIncome": 59709000, "netIncomeApplicableToCommonShares": 59709000}, {"maxAge": 1, "endDate": "2020-09-30", "totalRevenue": 711988000, "costOfRevenue": 443439000, "grossProfit": 268549000, "researchDevelopment": {}, "sellingGeneralAdministrative": 122187000, "nonRecurring": {}, "otherOperatingExpenses": 83321000, "totalOperatingExpenses": 685483000, "operatingIncome": 26505000, "totalOtherIncomeExpenseNet": -19915000, "ebit": 26505000, "interestExpense": -22160000, "incomeBeforeTax": 6590000, "incomeTaxExpense": -6502000, "minorityInterest": 110388000, "netIncomeFromContinuingOps": 13092000, "discontinuedOperations": {}, "extraordinaryItems": {}, "effectOfAccountingCharges": {}, "otherItems": {}, "netIncome": 13226000, "netIncomeApplicableToCommonShares": 13226000}, {"maxAge": 1, "endDate": "2020-06-30", "totalRevenue": 294887000, "costOfRevenue": 172991000, "grossProfit": 121896000, "researchDevelopment": {}, "sellingGeneralAdministrative": 112735000, "nonRecurring": {}, "otherOperatingExpenses": 53184000, "totalOperatingExpenses": 374892000, "operatingIncome": -80005000, "totalOtherIncomeExpenseNet": -21994000, "ebit": -80005000, "interestExpense": -24495000, "incomeBeforeTax": -101999000, "incomeTaxExpense": -6955000, "minorityInterest": 110388000, "netIncomeFromContinuingOps": -95044000, "discontinuedOperations": {}, "extraordinaryItems": {}, "effectOfAccountingCharges": {}, "otherItems": {}, "netIncome": -94910000, "netIncomeApplicableToCommonShares": -94910000}, {"maxAge": 1, "endDate": "2020-03-31", "totalRevenue": 621243000, "costOfRevenue": 417947000, "grossProfit": 203296000, "researchDevelopment": {}, "sellingGeneralAdministrative": 176424000, "nonRecurring": {}, "otherOperatingExpenses": 32666000, "totalOperatingExpenses": 662049000, "operatingIncome": -40806000, "totalOtherIncomeExpenseNet": -270270000, "ebit": -40806000, "interestExpense": -2100000, "incomeBeforeTax": -311076000, "incomeTaxExpense": -62380000, "minorityInterest": 110656000, "netIncomeFromContinuingOps": -248696000, "discontinuedOperations": {}, "extraordinaryItems": {}, "effectOfAccountingCharges": {}, "otherItems": {}, "netIncome": -248502000, "netIncomeApplicableToCommonShares": -248502000}], "maxAge": 86400}, "cashflowStatementHistoryQuarterly": {"cashflowStatements": [{"maxAge": 1, "endDate": "2020-12-31", "netIncome": 59709000, "changeToLiabilities": 0}, {"maxAge": 1, "endDate": "2020-09-30", "netIncome": 13226000, "changeToLiabilities": 0}, {"maxAge": 1, "endDate": "2020-06-30", "netIncome": -94910000, "changeToLiabilities": 0}, {"maxAge": 1, "endDate": "2020-03-31", "netIncome": -248502000, "changeToLiabilities": 0}], "maxAge": 86400}, "insiderHolders": {"holders": [{"maxAge": 1, "name": "Ghodbunder Developers Pvt Ltd", "relation": "Promoter", "url": "", "transactionDescription": "Acquisition", "latestTransDate": "2016-10-25", "positionDirect": 3010012, "positionDirectDate": "2016-10-25"}, {"maxAge": 1, "name": "Sitlani (Vandana Ramesh)", "relation": "UNREPORTED", "url": "", "transactionDescription": "Acquisition", "latestTransDate": "2012-06-28", "positionDirect": 5899748, "positionDirectDate": "2012-06-28"}, {"maxAge": 1, "name": "Thakur (Jayant)", "relation": "Director (Non-Executive)", "url": "", "transactionDescription": "Acquisition", "latestTransDate": "2013-12-11", "positionDirect": 5000, "positionDirectDate": "2013-12-11"}, {"maxAge": 1, "name": "VIP Industries Ltd", "relation": "Institution- Corporation", "url": "", "transactionDescription": "Sale", "latestTransDate": "2014-03-28", "positionDirect": 1000, "positionDirectDate": "2014-03-28"}], "maxAge": 1}, "calendarEvents": {"maxAge": 1, "earnings": {"earningsDate": []}, "exDividendDate": "2019-09-16 05:30:00"}, "upgradeDowngradeHistory": {"history": [], "maxAge": 86400}, "price": {"maxAge": 1, "regularMarketChangePercent": -0.016447369, "regularMarketChange": -0.5, "regularMarketTime": "2021-04-30 15:29:56", "priceHint": 2, "regularMarketPrice": 29.9, "regularMarketDayHigh": 30.85, "regularMarketDayLow": 29.45, "regularMarketVolume": 91802, "averageDailyVolume10Day": 284579, "averageDailyVolume3Month": 168491, "regularMarketPreviousClose": 30.4, "regularMarketSource": "FREE_REALTIME", "regularMarketOpen": 30.85, "exchange": "NSI", "exchangeName": "NSE", "exchangeDataDelayedBy": 15, "marketState": "CLOSED", "quoteType": "EQUITY", "symbol": "WINDMACHIN.NS", "underlyingSymbol": null, "shortName": "WINDSOR MACHINES", "longName": "Windsor Machines Limited", "currency": "INR", "quoteSourceName": "Delayed Quote", "currencySymbol": "\u20b9", "fromCurrency": null, "lastMarket": null, "marketCap": 1928687488}, "balanceSheetHistory": {"balanceSheetStatements": [{"maxAge": 1, "endDate": "2020-03-31", "cash": 91533000, "netReceivables": 214463000, "inventory": 734852000, "otherCurrentAssets": 68779000, "totalCurrentAssets": 1132571000, "longTermInvestments": 735000, "propertyPlantEquipment": 3424216000, "goodWill": 4863000, "intangibleAssets": 204408000, "otherAssets": 914564000, "totalAssets": 5681357000, "accountsPayable": 801630000, "shortLongTermDebt": 153028000, "otherCurrentLiab": 564739000, "longTermDebt": 338566000, "otherLiab": 726546000, "minorityInterest": 110656000, "totalCurrentLiabilities": 1756608000, "totalLiab": 2821720000, "commonStock": 129864000, "retainedEarnings": 2491655000, "treasuryStock": 127462000, "otherStockholderEquity": 127462000, "totalStockholderEquity": 2748981000, "netTangibleAssets": 2539710000}, {"maxAge": 1, "endDate": "2019-03-31", "cash": 142352000, "shortTermInvestments": 40009000, "netReceivables": 1080131000, "inventory": 847092000, "otherCurrentAssets": 80429000, "totalCurrentAssets": 2216126000, "longTermInvestments": 89004000, "propertyPlantEquipment": 3514947000, "intangibleAssets": 27362000, "otherAssets": 357705000, "totalAssets": 6205144000, "accountsPayable": 804746000, "shortLongTermDebt": 174918000, "otherCurrentLiab": 643198000, "longTermDebt": 476171000, "otherLiab": 985266000, "totalCurrentLiabilities": 1847458000, "totalLiab": 3308895000, "commonStock": 129864000, "retainedEarnings": 2637164000, "treasuryStock": 129221000, "otherStockholderEquity": 129221000, "totalStockholderEquity": 2896249000, "netTangibleAssets": 2868887000}, {"maxAge": 1, "endDate": "2018-03-31", "cash": 80858000, "shortTermInvestments": 40000000, "netReceivables": 1255588000, "inventory": 772612000, "otherCurrentAssets": 150619000, "totalCurrentAssets": 2327913000, "longTermInvestments": 56935000, "propertyPlantEquipment": 3559414000, "intangibleAssets": 27295000, "otherAssets": 364310000, "totalAssets": 6335867000, "accountsPayable": 908540000, "shortLongTermDebt": 155109000, "otherCurrentLiab": 395179000, "longTermDebt": 629289000, "otherLiab": 1038035000, "totalCurrentLiabilities": 1674708000, "totalLiab": 3342032000, "commonStock": 129864000, "retainedEarnings": 2754326000, "treasuryStock": 109645000, "otherStockholderEquity": 109645000, "totalStockholderEquity": 2993835000, "netTangibleAssets": 2966540000}, {"maxAge": 1, "endDate": "2017-03-31", "cash": 46811000, "shortTermInvestments": 130039000, "netReceivables": 987853000, "inventory": 654836000, "otherCurrentAssets": 177827000, "totalCurrentAssets": 2015658000, "longTermInvestments": 2296000, "propertyPlantEquipment": 3591258000, "goodWill": 28025000, "intangibleAssets": 24496000, "otherAssets": 360389000, "totalAssets": 6022122000, "accountsPayable": 638099000, "shortLongTermDebt": 120522000, "otherCurrentLiab": 443426000, "longTermDebt": 776224000, "otherLiab": 1023314000, "minorityInterest": 20000, "totalCurrentLiabilities": 1354181000, "totalLiab": 3153719000, "commonStock": 129864000, "retainedEarnings": 2736369000, "treasuryStock": 2150000, "otherStockholderEquity": 2150000, "totalStockholderEquity": 2868383000, "netTangibleAssets": 2815862000}], "maxAge": 86400}, "financialData": {"maxAge": 86400, "currentPrice": 29.9, "recommendationKey": "none", "totalCash": 82620000, "totalCashPerShare": 1.273, "ebitda": 119897248, "totalDebt": 367750016, "totalRevenue": 2539964928, "debtToEquity": 13.157, "revenuePerShare": 39.532, "grossProfits": 1050492000, "earningsGrowth": 45.0, "revenueGrowth": 0.253, "grossMargins": 0.36663, "ebitdaMargins": 0.047199998, "operatingMargins": -0.00685, "profitMargins": -0.10649, "financialCurrency": "INR"}}}