{"WINSOMTX.BO": {"recommendationTrend": {"trend": [{"period": "0m", "strongBuy": 0, "buy": 0, "hold": 0, "sell": 0, "strongSell": 0}, {"period": "-1m", "strongBuy": 0, "buy": 0, "hold": 0, "sell": 0, "strongSell": 0}, {"period": "-2m", "strongBuy": 0, "buy": 0, "hold": 0, "sell": 0, "strongSell": 0}, {"period": "-3m", "strongBuy": 0, "buy": 0, "hold": 0, "sell": 0, "strongSell": 0}], "maxAge": 86400}, "cashflowStatementHistory": {"cashflowStatements": [{"maxAge": 1, "endDate": "2020-03-31", "netIncome": -29200000, "depreciation": 224600000, "changeToNetincome": 443200000, "changeToAccountReceivables": 180900000, "changeToLiabilities": 4500000, "changeToInventory": -57000000, "totalCashFromOperatingActivities": 767000000, "capitalExpenditures": -34300000, "otherCashflowsFromInvestingActivities": 13400000, "totalCashflowsFromInvestingActivities": -19600000, "netBorrowings": -279200000, "otherCashflowsFromFinancingActivities": -487700000, "totalCashFromFinancingActivities": -766900000, "changeInCash": -19500000}, {"maxAge": 1, "endDate": "2019-03-31", "netIncome": 121184000, "depreciation": 236383000, "changeToNetincome": 461309000, "changeToAccountReceivables": -23820000, "changeToLiabilities": -45130000, "changeToInventory": 130681000, "totalCashFromOperatingActivities": 881575000, "capitalExpenditures": -17477000, "otherCashflowsFromInvestingActivities": 10962000, "totalCashflowsFromInvestingActivities": -6472000, "netBorrowings": -375816000, "otherCashflowsFromFinancingActivities": -483925000, "totalCashFromFinancingActivities": -859741000, "changeInCash": 15362000}, {"maxAge": 1, "endDate": "2018-03-31", "netIncome": 49624000, "depreciation": 246338000, "changeToNetincome": 466390000, "changeToAccountReceivables": -25547000, "changeToLiabilities": 219900000, "changeToInventory": 47870000, "totalCashFromOperatingActivities": 1005312000, "capitalExpenditures": -119077000, "otherCashflowsFromInvestingActivities": 30568000, "totalCashflowsFromInvestingActivities": -81425000, "netBorrowings": -440252000, "otherCashflowsFromFinancingActivities": -483522000, "totalCashFromFinancingActivities": -923774000, "changeInCash": 113000}, {"maxAge": 1, "endDate": "2017-03-31", "netIncome": 218543000, "depreciation": 273211000, "changeToNetincome": 551748000, "changeToAccountReceivables": -102284000, "changeToLiabilities": 167917000, "changeToInventory": -116829000, "totalCashFromOperatingActivities": 992951000, "capitalExpenditures": -234607000, "otherCashflowsFromInvestingActivities": 12668000, "totalCashflowsFromInvestingActivities": -215233000, "netBorrowings": -231401000, "otherCashflowsFromFinancingActivities": -543406000, "totalCashFromFinancingActivities": -774807000, "changeInCash": 2911000}], "maxAge": 86400}, "institutionOwnership": {"ownershipList": [], "maxAge": 1}, "balanceSheetHistoryQuarterly": {"balanceSheetStatements": [{"maxAge": 1, "endDate": "2020-06-30", "totalStockholderEquity": 1868600000, "netTangibleAssets": 1866800000}, {"maxAge": 1, "endDate": "2020-03-31", "cash": 175600000, "shortTermInvestments": 1200000, "netReceivables": 1141100000, "inventory": 2076900000, "otherCurrentAssets": 552800000, "totalCurrentAssets": 3947600000, "longTermInvestments": 600000, "propertyPlantEquipment": 3236100000, "intangibleAssets": 1800000, "otherAssets": 6800000, "totalAssets": 7192900000, "accountsPayable": 1766100000, "otherCurrentLiab": 525400000, "longTermDebt": 449500000, "otherLiab": 599000000, "totalCurrentLiabilities": 4275800000, "totalLiab": 5324300000, "commonStock": 198200000, "treasuryStock": 1670400000, "otherStockholderEquity": 1670400000, "totalStockholderEquity": 1868600000, "netTangibleAssets": 1866800000}, {"maxAge": 1, "endDate": "2019-12-31", "totalStockholderEquity": 1940200000, "netTangibleAssets": 1938100000}, {"maxAge": 1, "endDate": "2019-09-30", "cash": 178200000, "shortTermInvestments": 1400000, "netReceivables": 1136600000, "inventory": 2064800000, "otherCurrentAssets": 569800000, "totalCurrentAssets": 3950800000, "longTermInvestments": 600000, "propertyPlantEquipment": 3339700000, "intangibleAssets": 2100000, "otherAssets": 6600000, "totalAssets": 7299800000, "accountsPayable": 1870200000, "otherCurrentLiab": 583800000, "longTermDebt": 450000000, "otherLiab": 621400000, "totalCurrentLiabilities": 4288200000, "totalLiab": 5359600000, "commonStock": 198200000, "treasuryStock": 1742000000, "otherStockholderEquity": 1742000000, "totalStockholderEquity": 1940200000, "netTangibleAssets": 1938100000}], "maxAge": 86400}, "earningsHistory": {"history": [{"maxAge": 1, "epsActual": {}, "epsEstimate": {}, "epsDifference": {}, "surprisePercent": {}, "quarter": {}, "period": "-4q"}, {"maxAge": 1, "epsActual": {}, "epsEstimate": {}, "epsDifference": {}, "surprisePercent": {}, "quarter": {}, "period": "-3q"}, {"maxAge": 1, "epsActual": {}, "epsEstimate": {}, "epsDifference": {}, "surprisePercent": {}, "quarter": {}, "period": "-2q"}, {"maxAge": 1, "epsActual": {}, "epsEstimate": {}, "epsDifference": {}, "surprisePercent": {}, "quarter": {}, "period": "-1q"}], "maxAge": 86400}, "indexTrend": {"maxAge": 1, "symbol": "SP5", "peRatio": 19.7411, "pegRatio": 1.34172, "estimates": [{"period": "0q", "growth": 0.549}, {"period": "+1q", "growth": 0.431}, {"period": "0y", "growth": 0.305}, {"period": "+1y", "growth": 0.109}, {"period": "+5y", "growth": 0.120859005}, {"period": "-5y"}]}, "industryTrend": {"maxAge": 1, "symbol": null, "estimates": []}, "insiderTransactions": {"transactions": [{"maxAge": 1, "shares": 4320686, "filerUrl": "", "transactionText": "", "filerName": "Kailashpati Vinimay Pvt Ltd", "filerRelation": "Promoter", "moneyText": "", "startDate": "2019-05-10", "ownership": "D"}, {"maxAge": 1, "shares": 46220, "filerUrl": "", "transactionText": "", "filerName": "Bagrodia (Manish)", "filerRelation": "Promoter", "moneyText": "", "startDate": "2018-08-24", "ownership": "D"}, {"maxAge": 1, "shares": 16500, "filerUrl": "", "transactionText": "", "filerName": "Kailashpati Vinimay Pvt Ltd", "filerRelation": "Promoter", "moneyText": "", "startDate": "2018-01-02", "ownership": "D"}, {"maxAge": 1, "shares": 46847, "filerUrl": "", "transactionText": "", "filerName": "Vogue Commercial Co., Ltd.", "filerRelation": "Promoter", "moneyText": "", "startDate": "2016-07-22", "ownership": "D"}, {"maxAge": 1, "shares": 26115052, "filerUrl": "", "transactionText": "", "filerName": "Kailashpati Vinimay Pvt Ltd", "filerRelation": "Promoter", "moneyText": "", "startDate": "2016-07-22", "ownership": "D"}, {"maxAge": 1, "shares": 44770, "filerUrl": "", "transactionText": "", "filerName": "Bagrodia (Satish)", "filerRelation": "UNREPORTED", "moneyText": "", "startDate": "2014-09-24", "ownership": "D"}, {"maxAge": 1, "shares": 44770, "filerUrl": "", "transactionText": "", "filerName": "Bagrodia (Sudha)", "filerRelation": "Promoter", "moneyText": "", "startDate": "2014-09-24", "ownership": "D"}, {"maxAge": 1, "shares": 3600, "filerUrl": "", "transactionText": "", "filerName": "Roselab Commodities Pvt Ltd", "filerRelation": "Promoter", "moneyText": "", "startDate": "2014-04-30", "ownership": "D"}, {"maxAge": 1, "shares": 200, "filerUrl": "", "transactionText": "", "filerName": "Roselab Commodities Pvt Ltd", "filerRelation": "Promoter", "moneyText": "", "startDate": "2014-04-29", "ownership": "D"}, {"maxAge": 1, "shares": 500, "filerUrl": "", "transactionText": "", "filerName": "Roselab Commodities Pvt Ltd", "filerRelation": "Promoter", "moneyText": "", "startDate": "2014-04-28", "ownership": "D"}, {"maxAge": 1, "shares": 300, "filerUrl": "", "transactionText": "", "filerName": "Roselab Commodities Pvt Ltd", "filerRelation": "Promoter", "moneyText": "", "startDate": "2014-04-25", "ownership": "D"}, {"maxAge": 1, "shares": 600, "filerUrl": "", "transactionText": "", "filerName": "Roselab Commodities Pvt Ltd", "filerRelation": "Promoter", "moneyText": "", "startDate": "2014-04-23", "ownership": "D"}, {"maxAge": 1, "shares": 100, "filerUrl": "", "transactionText": "", "filerName": "Roselab Commodities Pvt Ltd", "filerRelation": "Promoter", "moneyText": "", "startDate": "2014-04-21", "ownership": "D"}, {"maxAge": 1, "shares": 500, "filerUrl": "", "transactionText": "", "filerName": "Roselab Commodities Pvt Ltd", "filerRelation": "Promoter", "moneyText": "", "startDate": "2014-04-17", "ownership": "D"}, {"maxAge": 1, "shares": 852, "filerUrl": "", "transactionText": "", "filerName": "Roselab Commodities Pvt Ltd", "filerRelation": "Promoter", "moneyText": "", "startDate": "2014-04-16", "ownership": "D"}, {"maxAge": 1, "shares": 5150, "filerUrl": "", "transactionText": "", "filerName": "Roselab Commodities Pvt Ltd", "filerRelation": "Promoter", "moneyText": "", "startDate": "2014-04-11", "ownership": "D"}, {"maxAge": 1, "shares": 22000, "filerUrl": "", "transactionText": "", "filerName": "Roselab Commodities Pvt Ltd", "filerRelation": "Promoter", "moneyText": "", "startDate": "2014-03-24", "ownership": "D"}, {"maxAge": 1, "shares": 17623, "filerUrl": "", "transactionText": "", "filerName": "Roselab Commodities Pvt Ltd", "filerRelation": "Promoter", "moneyText": "", "startDate": "2013-08-28", "ownership": "D"}, {"maxAge": 1, "shares": 10000, "filerUrl": "", "transactionText": "", "filerName": "Roselab Commodities Pvt Ltd", "filerRelation": "Promoter", "moneyText": "", "startDate": "2013-08-27", "ownership": "D"}, {"maxAge": 1, "shares": 18491682, "filerUrl": "", "transactionText": "", "filerName": "Roselab Commodities Pvt Ltd", "filerRelation": "Promoter", "moneyText": "", "startDate": "2013-08-26", "ownership": "D"}, {"maxAge": 1, "shares": 500000, "filerUrl": "", "transactionText": "", "filerName": "Kailashpati Vinimay Pvt Ltd", "filerRelation": "Institution- Corporation", "moneyText": "", "startDate": "2010-09-18", "ownership": "D"}, {"maxAge": 1, "shares": 2000000, "filerUrl": "", "transactionText": "", "filerName": "Kailashpati Vinimay Pvt Ltd", "filerRelation": "Institution- Corporation", "moneyText": "", "startDate": "2010-09-18", "ownership": "D"}, {"maxAge": 1, "shares": 2000000, "filerUrl": "", "transactionText": "", "filerName": "Kailashpati Vinimay Pvt Ltd", "filerRelation": "Institution- Corporation", "moneyText": "", "startDate": "2010-09-16", "ownership": "D"}, {"maxAge": 1, "shares": 20429250, "filerUrl": "", "transactionText": "", "filerName": "Kailashpati Vinimay Pvt Ltd", "filerRelation": "Institution- Corporation", "moneyText": "", "startDate": "2010-09-16", "ownership": "D"}, {"maxAge": 1, "shares": 5800000, "filerUrl": "", "transactionText": "", "filerName": "Roselab Commodities Pvt Ltd", "filerRelation": "Institution- Corporation", "moneyText": "", "startDate": "2010-03-25", "ownership": "D"}, {"maxAge": 1, "shares": 5000000, "filerUrl": "", "transactionText": "", "filerName": "Daniel Vinimay Pvt Ltd", "filerRelation": "Institution- Corporation", "moneyText": "", "startDate": "2010-03-24", "ownership": "D"}, {"maxAge": 1, "shares": 3600000, "filerUrl": "", "transactionText": "", "filerName": "Kailashpati Vinimay Pvt Ltd", "filerRelation": "Institution- Corporation", "moneyText": "", "startDate": "2010-03-24", "ownership": "D"}, {"maxAge": 1, "shares": 2400000, "filerUrl": "", "transactionText": "", "filerName": "Kailashpati Vinimay Pvt Ltd", "filerRelation": "Institution- Corporation", "moneyText": "", "startDate": "2010-01-12", "ownership": "D"}, {"maxAge": 1, "shares": 2800000, "filerUrl": "", "transactionText": "", "filerName": "Kailashpati Vinimay Pvt Ltd", "filerRelation": "Institution- Corporation", "moneyText": "", "startDate": "2010-01-11", "ownership": "D"}, {"maxAge": 1, "shares": 2500000, "filerUrl": "", "transactionText": "", "filerName": "Kailashpati Vinimay Pvt Ltd", "filerRelation": "Institution- Corporation", "moneyText": "", "startDate": "2010-01-07", "ownership": "D"}, {"maxAge": 1, "shares": 2800000, "filerUrl": "", "transactionText": "", "filerName": "Kailashpati Vinimay Pvt Ltd", "filerRelation": "Institution- Corporation", "moneyText": "", "startDate": "2010-01-06", "ownership": "D"}], "maxAge": 1}, "quoteType": {"exchange": "BSE", "quoteType": "EQUITY", "symbol": "WINSOMTX.BO", "underlyingSymbol": "WINSOMTX.BO", "shortName": "WINSOME TEXTILE INDUSTRIES LTD", "longName": "Winsome Textile Industries Limited", "firstTradeDateEpochUtc": "2004-02-18 09:15:00", "timeZoneFullName": "Asia/Kolkata", "timeZoneShortName": "IST", "uuid": "42e3a790-7a00-3c1c-920c-436eeb51260c", "gmtOffSetMilliseconds": 19800000, "maxAge": 1}, "incomeStatementHistory": {"incomeStatementHistory": [{"maxAge": 1, "endDate": "2020-03-31", "totalRevenue": 6621000000, "costOfRevenue": 4837400000, "grossProfit": 1783600000, "researchDevelopment": {}, "sellingGeneralAdministrative": 579100000, "nonRecurring": {}, "otherOperatingExpenses": 555400000, "totalOperatingExpenses": 6196500000, "operatingIncome": 424500000, "totalOtherIncomeExpenseNet": -468800000, "ebit": 424500000, "interestExpense": -487800000, "incomeBeforeTax": -44300000, "incomeTaxExpense": -15100000, "minorityInterest": {}, "netIncomeFromContinuingOps": -29200000, "discontinuedOperations": {}, "extraordinaryItems": {}, "effectOfAccountingCharges": {}, "otherItems": {}, "netIncome": -29200000, "netIncomeApplicableToCommonShares": -29200000}, {"maxAge": 1, "endDate": "2019-03-31", "totalRevenue": 7226235000, "costOfRevenue": 4719075000, "grossProfit": 2507160000, "researchDevelopment": {}, "sellingGeneralAdministrative": 591525000, "nonRecurring": {}, "otherOperatingExpenses": 1066643000, "totalOperatingExpenses": 6614594000, "operatingIncome": 611641000, "totalOtherIncomeExpenseNet": -468577000, "ebit": 611641000, "interestExpense": -248123000, "incomeBeforeTax": 143064000, "incomeTaxExpense": 21880000, "minorityInterest": {}, "netIncomeFromContinuingOps": 121184000, "discontinuedOperations": {}, "extraordinaryItems": {}, "effectOfAccountingCharges": {}, "otherItems": {}, "netIncome": 121184000, "netIncomeApplicableToCommonShares": 121184000}, {"maxAge": 1, "endDate": "2018-03-31", "totalRevenue": 6976596000, "costOfRevenue": 4546213000, "grossProfit": 2430383000, "researchDevelopment": {}, "sellingGeneralAdministrative": 573568000, "nonRecurring": {}, "otherOperatingExpenses": 1078647000, "totalOperatingExpenses": 6445503000, "operatingIncome": 531093000, "totalOtherIncomeExpenseNet": -462267000, "ebit": 531093000, "interestExpense": -271797000, "incomeBeforeTax": 68826000, "incomeTaxExpense": 19202000, "minorityInterest": {}, "netIncomeFromContinuingOps": 49624000, "discontinuedOperations": {}, "extraordinaryItems": {}, "effectOfAccountingCharges": {}, "otherItems": {}, "netIncome": 49624000, "netIncomeApplicableToCommonShares": 49624000}, {"maxAge": 1, "endDate": "2017-03-31", "totalRevenue": 7133947000, "costOfRevenue": 4403583000, "grossProfit": 2730364000, "researchDevelopment": {}, "sellingGeneralAdministrative": 526114000, "nonRecurring": {}, "otherOperatingExpenses": 1080888000, "totalOperatingExpenses": 6284441000, "operatingIncome": 849506000, "totalOtherIncomeExpenseNet": -529589000, "ebit": 849506000, "interestExpense": -300737000, "incomeBeforeTax": 319917000, "incomeTaxExpense": 101374000, "minorityInterest": {}, "netIncomeFromContinuingOps": 218543000, "discontinuedOperations": {}, "extraordinaryItems": {}, "effectOfAccountingCharges": {}, "otherItems": {}, "netIncome": 218543000, "netIncomeApplicableToCommonShares": 218543000}], "maxAge": 86400}, "fundOwnership": {"ownershipList": [], "maxAge": 1}, "summaryDetail": {"maxAge": 1, "priceHint": 2, "previousClose": 27.4, "open": 28.7, "dayLow": 27.05, "dayHigh": 28.7, "regularMarketPreviousClose": 27.4, "regularMarketOpen": 28.7, "regularMarketDayLow": 27.05, "regularMarketDayHigh": 28.7, "volume": 1010, "regularMarketVolume": 1010, "averageVolume": 4260, "averageVolume10days": 1471, "averageDailyVolume10Day": 1471, "bid": 27.1, "ask": 28.5, "bidSize": 0, "askSize": 0, "marketCap": 536130976, "fiftyTwoWeekLow": 11.13, "fiftyTwoWeekHigh": 36.7, "fiftyDayAverage": 27.552122, "twoHundredDayAverage": 18.036324, "currency": "INR", "fromCurrency": null, "lastMarket": null, "algorithm": null, "tradeable": false}, "sectorTrend": {"maxAge": 1, "symbol": null, "estimates": []}, "incomeStatementHistoryQuarterly": {"incomeStatementHistory": [{"maxAge": 1, "endDate": "2020-06-30", "totalRevenue": 955900000, "costOfRevenue": 747700000, "grossProfit": 208200000, "researchDevelopment": {}, "sellingGeneralAdministrative": 106700000, "nonRecurring": {}, "otherOperatingExpenses": 97100000, "totalOperatingExpenses": 1006700000, "operatingIncome": -50800000, "totalOtherIncomeExpenseNet": -84400000, "ebit": -50800000, "interestExpense": -88300000, "incomeBeforeTax": -135200000, "incomeTaxExpense": -48500000, "minorityInterest": {}, "netIncomeFromContinuingOps": -86700000, "discontinuedOperations": {}, "extraordinaryItems": {}, "effectOfAccountingCharges": {}, "otherItems": {}, "netIncome": -86700000, "netIncomeApplicableToCommonShares": -86700000}, {"maxAge": 1, "endDate": "2020-03-31", "totalRevenue": 1545800000, "costOfRevenue": 1149300000, "grossProfit": 396500000, "researchDevelopment": {}, "sellingGeneralAdministrative": 145100000, "nonRecurring": {}, "otherOperatingExpenses": 156100000, "totalOperatingExpenses": 1506100000, "operatingIncome": 39700000, "totalOtherIncomeExpenseNet": -154600000, "ebit": 39700000, "interestExpense": -161800000, "incomeBeforeTax": -114900000, "incomeTaxExpense": -37700000, "minorityInterest": {}, "netIncomeFromContinuingOps": -77200000, "discontinuedOperations": {}, "extraordinaryItems": {}, "effectOfAccountingCharges": {}, "otherItems": {}, "netIncome": -77200000, "netIncomeApplicableToCommonShares": -77200000}, {"maxAge": 1, "endDate": "2019-12-31", "totalRevenue": 1735900000, "costOfRevenue": 1293400000, "grossProfit": 442500000, "researchDevelopment": {}, "sellingGeneralAdministrative": 147900000, "nonRecurring": {}, "otherOperatingExpenses": 136000000, "totalOperatingExpenses": 1633400000, "operatingIncome": 102500000, "totalOtherIncomeExpenseNet": -93900000, "ebit": 102500000, "interestExpense": -97100000, "incomeBeforeTax": 8600000, "incomeTaxExpense": 3100000, "minorityInterest": {}, "netIncomeFromContinuingOps": 5500000, "discontinuedOperations": {}, "extraordinaryItems": {}, "effectOfAccountingCharges": {}, "otherItems": {}, "netIncome": 5500000, "netIncomeApplicableToCommonShares": 5500000}, {"maxAge": 1, "endDate": "2019-09-30", "totalRevenue": 1640500000, "costOfRevenue": 1175100000, "grossProfit": 465400000, "researchDevelopment": {}, "sellingGeneralAdministrative": 148600000, "nonRecurring": {}, "otherOperatingExpenses": 116500000, "totalOperatingExpenses": 1496900000, "operatingIncome": 143600000, "totalOtherIncomeExpenseNet": -108200000, "ebit": 143600000, "interestExpense": -112400000, "incomeBeforeTax": 35400000, "incomeTaxExpense": 13300000, "minorityInterest": {}, "netIncomeFromContinuingOps": 22100000, "discontinuedOperations": {}, "extraordinaryItems": {}, "effectOfAccountingCharges": {}, "otherItems": {}, "netIncome": 22100000, "netIncomeApplicableToCommonShares": 22100000}], "maxAge": 86400}, "cashflowStatementHistoryQuarterly": {"cashflowStatements": [{"maxAge": 1, "endDate": "2020-06-30", "netIncome": -86700000, "changeToLiabilities": 0}, {"maxAge": 1, "endDate": "2020-03-31", "netIncome": -77200000, "changeToLiabilities": 0}, {"maxAge": 1, "endDate": "2019-12-31", "netIncome": 5500000, "changeToLiabilities": 0}, {"maxAge": 1, "endDate": "2019-09-30", "netIncome": 22100000, "changeToLiabilities": 0}], "maxAge": 86400}, "insiderHolders": {"holders": [{"maxAge": 1, "name": "Bagrodia (Manish)", "relation": "Promoter", "url": "", "transactionDescription": "Sale", "latestTransDate": "2018-08-24", "positionDirect": 0, "positionDirectDate": "2018-08-24"}, {"maxAge": 1, "name": "Bagrodia (Satish)", "relation": "UNREPORTED", "url": "", "transactionDescription": "Sale", "latestTransDate": "2014-09-24", "positionDirect": 0, "positionDirectDate": "2014-09-24"}, {"maxAge": 1, "name": "Bagrodia (Sudha)", "relation": "Promoter", "url": "", "transactionDescription": "Purchase", "latestTransDate": "2014-09-24", "positionDirect": 49220, "positionDirectDate": "2014-09-24"}, {"maxAge": 1, "name": "Daniel Vinimay Pvt Ltd", "relation": "Institution- Corporation", "url": "", "transactionDescription": "Acquisition", "latestTransDate": "2010-03-24", "positionDirect": 5000000, "positionDirectDate": "2010-03-24"}, {"maxAge": 1, "name": "Kailashpati Vinimay Pvt Ltd", "relation": "Promoter", "url": "", "transactionDescription": "Other", "latestTransDate": "2019-05-10", "positionDirect": 7389064, "positionDirectDate": "2019-05-10"}, {"maxAge": 1, "name": "Roselab Commodities Pvt Ltd", "relation": "Promoter", "url": "", "transactionDescription": "Acquisition", "latestTransDate": "2014-04-30", "positionDirect": 3501923, "positionDirectDate": "2014-04-30"}, {"maxAge": 1, "name": "Vogue Commercial Co., Ltd.", "relation": "Promoter", "url": "", "transactionDescription": "Other", "latestTransDate": "2016-07-22", "positionDirect": 0, "positionDirectDate": "2016-07-22"}], "maxAge": 1}, "earnings": {"maxAge": 86400, "earningsChart": {"quarterly": [], "earningsDate": []}, "financialsChart": {"yearly": [{"date": 2017, "revenue": 7133947000, "earnings": 218543000}, {"date": 2018, "revenue": 6976596000, "earnings": 49624000}, {"date": 2019, "revenue": 7226235000, "earnings": 121184000}, {"date": 2020, "revenue": 6621000000, "earnings": -29200000}], "quarterly": [{"date": "3Q2019", "revenue": 1640500000, "earnings": 22100000}, {"date": "4Q2019", "revenue": 1735900000, "earnings": 5500000}, {"date": "1Q2020", "revenue": 1545800000, "earnings": -77200000}, {"date": "2Q2020", "revenue": 955900000, "earnings": -86700000}]}, "financialCurrency": "INR"}, "calendarEvents": {"maxAge": 1, "earnings": {"earningsDate": []}}, "upgradeDowngradeHistory": {"history": [], "maxAge": 86400}, "price": {"maxAge": 1, "regularMarketChangePercent": -0.012773736, "regularMarketChange": -0.35000038, "regularMarketTime": "2021-04-30 12:44:55", "priceHint": 2, "regularMarketPrice": 27.05, "regularMarketDayHigh": 28.7, "regularMarketDayLow": 27.05, "regularMarketVolume": 1010, "averageDailyVolume10Day": 1471, "averageDailyVolume3Month": 4260, "regularMarketPreviousClose": 27.4, "regularMarketSource": "FREE_REALTIME", "regularMarketOpen": 28.7, "exchange": "BSE", "exchangeName": "BSE", "exchangeDataDelayedBy": 0, "marketState": "CLOSED", "quoteType": "EQUITY", "symbol": "WINSOMTX.BO", "underlyingSymbol": null, "shortName": "WINSOME TEXTILE INDUSTRIES LTD", "longName": "Winsome Textile Industries Limited", "currency": "INR", "quoteSourceName": "Delayed Quote", "currencySymbol": "\u20b9", "fromCurrency": null, "lastMarket": null, "marketCap": 536130976}, "balanceSheetHistory": {"balanceSheetStatements": [{"maxAge": 1, "endDate": "2020-03-31", "cash": 175600000, "shortTermInvestments": 1200000, "netReceivables": 1141100000, "inventory": 2076900000, "otherCurrentAssets": 552800000, "totalCurrentAssets": 3947600000, "longTermInvestments": 600000, "propertyPlantEquipment": 3236100000, "intangibleAssets": 1800000, "otherAssets": 6800000, "totalAssets": 7192900000, "accountsPayable": 1766100000, "otherCurrentLiab": 525400000, "longTermDebt": 449500000, "otherLiab": 599000000, "totalCurrentLiabilities": 4275800000, "totalLiab": 5324300000, "commonStock": 198200000, "treasuryStock": 1670400000, "otherStockholderEquity": 1670400000, "totalStockholderEquity": 1868600000, "netTangibleAssets": 1866800000}, {"maxAge": 1, "endDate": "2019-03-31", "cash": 27356000, "netReceivables": 1394391000, "inventory": 2019932000, "otherCurrentAssets": 635778000, "totalCurrentAssets": 4077457000, "longTermInvestments": 571000, "propertyPlantEquipment": 3427786000, "intangibleAssets": 2566000, "otherAssets": 6751000, "totalAssets": 7515131000, "accountsPayable": 1798155000, "shortLongTermDebt": 255521000, "otherCurrentLiab": 297648000, "longTermDebt": 575403000, "otherLiab": 616499000, "totalCurrentLiabilities": 4429376000, "totalLiab": 5621278000, "commonStock": 198200000, "retainedEarnings": 1177607000, "treasuryStock": 4900000, "capitalSurplus": 513146000, "otherStockholderEquity": 4900000, "totalStockholderEquity": 1893853000, "netTangibleAssets": 1891287000}, {"maxAge": 1, "endDate": "2018-03-31", "cash": 11994000, "netReceivables": 1340773000, "inventory": 2150613000, "otherCurrentAssets": 661535000, "totalCurrentAssets": 4164915000, "longTermInvestments": 566000, "propertyPlantEquipment": 3647269000, "intangibleAssets": 2991000, "otherAssets": 6622000, "totalAssets": 7822363000, "accountsPayable": 1856759000, "shortLongTermDebt": 371399000, "otherCurrentLiab": 304429000, "longTermDebt": 841513000, "otherLiab": 616411000, "totalCurrentLiabilities": 4599299000, "totalLiab": 6057223000, "commonStock": 198200000, "retainedEarnings": 1048897000, "treasuryStock": 4897000, "capitalSurplus": 513146000, "otherStockholderEquity": 4897000, "totalStockholderEquity": 1765140000, "netTangibleAssets": 1762149000}, {"maxAge": 1, "endDate": "2017-03-31", "cash": 11881000, "netReceivables": 1391766000, "inventory": 2198483000, "otherCurrentAssets": 538232000, "totalCurrentAssets": 4140362000, "longTermInvestments": 489000, "propertyPlantEquipment": 3781532000, "intangibleAssets": 1897000, "otherAssets": 26465000, "totalAssets": 7950745000, "accountsPayable": 1714839000, "shortLongTermDebt": 340251000, "otherCurrentLiab": 291048000, "longTermDebt": 1245378000, "otherLiab": 557061000, "totalCurrentLiabilities": 4436871000, "totalLiab": 6239310000, "commonStock": 198200000, "retainedEarnings": 995242000, "treasuryStock": 4847000, "capitalSurplus": 513146000, "otherStockholderEquity": 4847000, "totalStockholderEquity": 1711435000, "netTangibleAssets": 1709538000}], "maxAge": 86400}, "earningsTrend": {"trend": [{"maxAge": 1, "period": "0q", "endDate": null, "growth": {}, "earningsEstimate": {"avg": 0.0, "low": 0.0, "high": 0.0, "yearAgoEps": {}, "numberOfAnalysts": 0, "growth": {}}, "revenueEstimate": {"avg": 0, "low": 0, "high": 0, "numberOfAnalysts": 0, "yearAgoRevenue": {}, "growth": {}}, "epsTrend": {"current": 0.0, "7daysAgo": 0.0, "30daysAgo": 0.0, "60daysAgo": 0.0, "90daysAgo": 0.0}, "epsRevisions": {"upLast7days": 0, "upLast30days": 0, "downLast30days": 0, "downLast90days": {}}}, {"maxAge": 1, "period": "+1q", "endDate": null, "growth": {}, "earningsEstimate": {"avg": 0.0, "low": 0.0, "high": 0.0, "yearAgoEps": {}, "numberOfAnalysts": 0, "growth": {}}, "revenueEstimate": {"avg": 0, "low": 0, "high": 0, "numberOfAnalysts": 0, "yearAgoRevenue": {}, "growth": {}}, "epsTrend": {"current": 0.0, "7daysAgo": 0.0, "30daysAgo": 0.0, "60daysAgo": 0.0, "90daysAgo": 0.0}, "epsRevisions": {"upLast7days": 0, "upLast30days": 0, "downLast30days": 0, "downLast90days": {}}}, {"maxAge": 1, "period": "0y", "endDate": null, "growth": {}, "earningsEstimate": {"avg": 0.0, "low": 0.0, "high": 0.0, "yearAgoEps": {}, "numberOfAnalysts": 0, "growth": {}}, "revenueEstimate": {"avg": 0, "low": 0, "high": 0, "numberOfAnalysts": 0, "yearAgoRevenue": {}, "growth": {}}, "epsTrend": {"current": 0.0, "7daysAgo": 0.0, "30daysAgo": 0.0, "60daysAgo": 0.0, "90daysAgo": 0.0}, "epsRevisions": {"upLast7days": 0, "upLast30days": 0, "downLast30days": 0, "downLast90days": {}}}, {"maxAge": 1, "period": "+1y", "endDate": null, "growth": {}, "earningsEstimate": {"avg": 0.0, "low": 0.0, "high": 0.0, "yearAgoEps": {}, "numberOfAnalysts": 0, "growth": {}}, "revenueEstimate": {"avg": 0, "low": 0, "high": 0, "numberOfAnalysts": 0, "yearAgoRevenue": {}, "growth": {}}, "epsTrend": {"current": 0.0, "7daysAgo": 0.0, "30daysAgo": 0.0, "60daysAgo": 0.0, "90daysAgo": 0.0}, "epsRevisions": {"upLast7days": 0, "upLast30days": 0, "downLast30days": 0, "downLast90days": {}}}, {"maxAge": 1, "period": "+5y", "endDate": null, "growth": {}, "earningsEstimate": {"avg": {}, "low": {}, "high": {}, "yearAgoEps": {}, "numberOfAnalysts": {}, "growth": {}}, "revenueEstimate": {"avg": {}, "low": {}, "high": {}, "numberOfAnalysts": {}, "yearAgoRevenue": {}, "growth": {}}, "epsTrend": {"current": {}, "7daysAgo": {}, "30daysAgo": {}, "60daysAgo": {}, "90daysAgo": {}}, "epsRevisions": {"upLast7days": {}, "upLast30days": {}, "downLast30days": {}, "downLast90days": {}}}, {"maxAge": 1, "period": "-5y", "endDate": null, "growth": {}, "earningsEstimate": {"avg": {}, "low": {}, "high": {}, "yearAgoEps": {}, "numberOfAnalysts": {}, "growth": {}}, "revenueEstimate": {"avg": {}, "low": {}, "high": {}, "numberOfAnalysts": {}, "yearAgoRevenue": {}, "growth": {}}, "epsTrend": {"current": {}, "7daysAgo": {}, "30daysAgo": {}, "60daysAgo": {}, "90daysAgo": {}}, "epsRevisions": {"upLast7days": {}, "upLast30days": {}, "downLast30days": {}, "downLast90days": {}}}], "maxAge": 1}, "financialData": {"maxAge": 86400, "currentPrice": 27.05, "targetHighPrice": 60.0, "targetLowPrice": 60.0, "targetMeanPrice": 60.0, "targetMedianPrice": 60.0, "recommendationKey": "none", "numberOfAnalystOpinions": 1, "grossProfits": 1783600000, "financialCurrency": "INR"}}}