{"WIPL.NS": {"assetProfile": {"address1": "Mill Road", "address2": "Baliapatam", "city": "Kannur", "zip": "670010", "country": "India", "phone": "91 49 7277 8151", "fax": "91 49 7277 8181", "website": "http://www.wipltd.in", "industry": "Lumber & Wood Production", "sector": "Basic Materials", "longBusinessSummary": "The Western India Plywoods Limited manufactures and sells plywood, hard boards, densified wood, and other wood products in India. The company offers fire retardant and resin surfaced shuttering plywood for applications in industrial filters, and paneling and ceiling substrates in hotels, hospitals, theatres, etc.; marine plywood for boat building, and load and stress bearing industrial applications; and boiling water resistant plywood for use in furniture, structural work in interior design, auto motive coach building, and match-plates in foundries. It also provides standard hardboards for applications in automotive interior trims, shoe heel manufacture, fiber drum lid manufacture, clock backing, photo frame backing, furniture elements, partitions, etc.; oil tempered hardboards for shoe heel manufacture, automobile interior trims, and improving resistance to weathering; and perforated hardboards. In addition, the company offers densified wood laminates for specific heavy duty applications in various industries; pre-compressed pressboards for the high voltage and extra high voltage transformer industry; molded plywood furniture; and wooden floorings. It also exports its products. The Western India Plywoods Limited was founded in 1945 and is based in Kannur, India.", "fullTimeEmployees": 239, "companyOfficers": [{"maxAge": 1, "name": "Mr. Puthiya Kottan Mayan Mohamed", "age": 56, "title": "MD & Exec. Director", "yearBorn": 1964, "fiscalYear": 2020, "totalPay": 4516800, "exercisedValue": 0, "unexercisedValue": 0}, {"maxAge": 1, "name": "Mr. R.  Balakrishnan", "title": "CFO, Compliance Officer & Company Sec.", "fiscalYear": 2018, "exercisedValue": 0, "unexercisedValue": 0}], "compensationAsOfEpochDate": "2020-12-31 05:30:00", "maxAge": 86400}, "cashflowStatementHistory": {"cashflowStatements": [{"maxAge": 1, "endDate": "2020-03-31", "netIncome": 12548473, "depreciation": 24445453, "changeToNetincome": 11117560, "changeToAccountReceivables": -1532901, "changeToLiabilities": -14658567, "changeToInventory": 32566841, "changeToOperatingActivities": 1637619, "totalCashFromOperatingActivities": 66124478, "capitalExpenditures": -16840681, "otherCashflowsFromInvestingActivities": 9682693, "totalCashflowsFromInvestingActivities": -5012866, "dividendsPaid": -9526840, "netBorrowings": -51339377, "otherCashflowsFromFinancingActivities": -18709518, "totalCashFromFinancingActivities": -79575735, "effectOfExchangeRate": 3184951, "changeInCash": -15279172}, {"maxAge": 1, "endDate": "2019-03-31", "netIncome": 12258398, "depreciation": 24946206, "changeToNetincome": 27346721, "changeToAccountReceivables": -25406674, "changeToLiabilities": -4891961, "changeToInventory": 34060234, "changeToOperatingActivities": -689804, "totalCashFromOperatingActivities": 67623120, "capitalExpenditures": -7924531, "otherCashflowsFromInvestingActivities": 3197936, "totalCashflowsFromInvestingActivities": -4276595, "dividendsPaid": -550931, "netBorrowings": -36476205, "otherCashflowsFromFinancingActivities": -29582016, "totalCashFromFinancingActivities": -66609152, "effectOfExchangeRate": 799426, "changeInCash": -2463201}, {"maxAge": 1, "endDate": "2018-03-31", "netIncome": 8809341, "depreciation": 24579058, "changeToNetincome": -18725749, "changeToAccountReceivables": 8346954, "changeToLiabilities": -32496663, "changeToInventory": 48998963, "changeToOperatingActivities": -3680474, "totalCashFromOperatingActivities": 35831430, "capitalExpenditures": -19375373, "investments": 4110000, "otherCashflowsFromInvestingActivities": 21424283, "totalCashflowsFromInvestingActivities": 15669162, "dividendsPaid": -2332170, "netBorrowings": -1352175, "otherCashflowsFromFinancingActivities": -33857907, "totalCashFromFinancingActivities": -52742252, "effectOfExchangeRate": 4100892, "changeInCash": 2859232}, {"maxAge": 1, "endDate": "2017-03-31", "netIncome": 2506378, "depreciation": 24754758, "changeToNetincome": 1725563, "changeToAccountReceivables": -6957675, "changeToLiabilities": 28945613, "changeToInventory": -996578, "changeToOperatingActivities": 3083837, "totalCashFromOperatingActivities": 53061896, "capitalExpenditures": -13410283, "investments": 4110000, "otherCashflowsFromInvestingActivities": 4620602, "totalCashflowsFromInvestingActivities": -7605088, "dividendsPaid": -6519930, "netBorrowings": 2961524, "otherCashflowsFromFinancingActivities": -33635605, "totalCashFromFinancingActivities": -37194011, "effectOfExchangeRate": -4552478, "changeInCash": 3710319}], "maxAge": 86400}, "institutionOwnership": {"ownershipList": [], "maxAge": 1}, "majorHoldersBreakdown": {"maxAge": 1}, "balanceSheetHistoryQuarterly": {"balanceSheetStatements": [{"maxAge": 1, "endDate": "2020-12-31", "totalStockholderEquity": 386400000, "netTangibleAssets": 358400000}, {"maxAge": 1, "endDate": "2020-09-30", "cash": 25100000, "shortTermInvestments": 25600000, "netReceivables": 185700000, "inventory": 247700000, "otherCurrentAssets": 21300000, "totalCurrentAssets": 505400000, "longTermInvestments": 5900000, "propertyPlantEquipment": 188500000, "goodWill": 28000000, "otherAssets": 11100000, "totalAssets": 738900000, "accountsPayable": 73000000, "otherCurrentLiab": 77300000, "longTermDebt": 153200000, "otherLiab": 16400000, "minorityInterest": 6000000, "totalCurrentLiabilities": 176900000, "totalLiab": 346500000, "commonStock": 84900000, "treasuryStock": 301500000, "otherStockholderEquity": 301500000, "totalStockholderEquity": 386400000, "netTangibleAssets": 358400000}, {"maxAge": 1, "endDate": "2020-06-30", "totalStockholderEquity": 392170839, "netTangibleAssets": 364159393}, {"maxAge": 1, "endDate": "2020-03-31", "cash": 20817209, "netReceivables": 201620222, "inventory": 266605493, "otherCurrentAssets": 22486317, "totalCurrentAssets": 513436472, "longTermInvestments": 4811600, "propertyPlantEquipment": 187625224, "goodWill": 28011446, "otherAssets": 11152495, "totalAssets": 745037237, "accountsPayable": 51130438, "shortLongTermDebt": 20740843, "otherCurrentLiab": 50761265, "longTermDebt": 150051238, "otherLiab": 18283340, "minorityInterest": 7797421, "totalCurrentLiabilities": 176734399, "totalLiab": 345068977, "commonStock": 84873400, "retainedEarnings": 136791054, "treasuryStock": 126310335, "capitalSurplus": 44196050, "otherStockholderEquity": 126310335, "totalStockholderEquity": 392170839, "netTangibleAssets": 364159393}], "maxAge": 86400}, "indexTrend": {"maxAge": 1, "symbol": "SP5", "peRatio": 19.7411, "pegRatio": 1.34172, "estimates": [{"period": "0q", "growth": 0.549}, {"period": "+1q", "growth": 0.431}, {"period": "0y", "growth": 0.305}, {"period": "+1y", "growth": 0.109}, {"period": "+5y", "growth": 0.120865}, {"period": "-5y"}]}, "defaultKeyStatistics": {"maxAge": 1, "priceHint": 2, "enterpriseValue": 481171392, "profitMargins": -0.00093000004, "floatShares": 3161696, "sharesOutstanding": 8487340, "beta": 0.441199, "category": null, "bookValue": 80.793, "priceToBook": 0.7055067, "fundFamily": null, "legalType": null, "lastFiscalYearEnd": "2020-03-31 05:30:00", "nextFiscalYearEnd": "2022-03-31 05:30:00", "mostRecentQuarter": "2020-12-31 05:30:00", "earningsQuarterlyGrowth": 4.667, "netIncomeToCommon": -751527, "trailingEps": -0.114, "lastSplitFactor": null, "enterpriseToRevenue": 0.595, "enterpriseToEbitda": 12.863}, "summaryProfile": {"address1": "Mill Road", "address2": "Baliapatam", "city": "Kannur", "zip": "670010", "country": "India", "phone": "91 49 7277 8151", "fax": "91 49 7277 8181", "website": "http://www.wipltd.in", "industry": "Lumber & Wood Production", "sector": "Basic Materials", "longBusinessSummary": "The Western India Plywoods Limited manufactures and sells plywood, hard boards, densified wood, and other wood products in India. The company offers fire retardant and resin surfaced shuttering plywood for applications in industrial filters, and paneling and ceiling substrates in hotels, hospitals, theatres, etc.; marine plywood for boat building, and load and stress bearing industrial applications; and boiling water resistant plywood for use in furniture, structural work in interior design, auto motive coach building, and match-plates in foundries. It also provides standard hardboards for applications in automotive interior trims, shoe heel manufacture, fiber drum lid manufacture, clock backing, photo frame backing, furniture elements, partitions, etc.; oil tempered hardboards for shoe heel manufacture, automobile interior trims, and improving resistance to weathering; and perforated hardboards. In addition, the company offers densified wood laminates for specific heavy duty applications in various industries; pre-compressed pressboards for the high voltage and extra high voltage transformer industry; molded plywood furniture; and wooden floorings. It also exports its products. The Western India Plywoods Limited was founded in 1945 and is based in Kannur, India.", "fullTimeEmployees": 239, "companyOfficers": [], "maxAge": 86400}, "netSharePurchaseActivity": {"maxAge": 1, "period": "6m", "buyInfoCount": 0, "buyInfoShares": 0, "sellInfoCount": 0, "netInfoCount": 0, "netInfoShares": 0, "totalInsiderShares": 0}, "quoteType": {"exchange": "NSI", "quoteType": "EQUITY", "symbol": "WIPL.NS", "underlyingSymbol": "WIPL.NS", "shortName": "THE WESTERN INDIA", "longName": "The Western India Plywoods Limited", "firstTradeDateEpochUtc": "2017-04-18 09:15:00", "timeZoneFullName": "Asia/Kolkata", "timeZoneShortName": "IST", "uuid": "aed78cb4-125f-33f9-b8b9-e8a359cdf95c", "gmtOffSetMilliseconds": 19800000, "maxAge": 1}, "incomeStatementHistory": {"incomeStatementHistory": [{"maxAge": 1, "endDate": "2020-03-31", "totalRevenue": 971443327, "costOfRevenue": 432371929, "grossProfit": 539071398, "researchDevelopment": {}, "sellingGeneralAdministrative": 176673135, "nonRecurring": {}, "otherOperatingExpenses": 305316643, "totalOperatingExpenses": 938807160, "operatingIncome": 32636167, "totalOtherIncomeExpenseNet": -14872173, "ebit": 32636167, "interestExpense": -19623681, "incomeBeforeTax": 17763994, "incomeTaxExpense": 6006789, "minorityInterest": 7797421, "netIncomeFromContinuingOps": 11757205, "discontinuedOperations": {}, "extraordinaryItems": {}, "effectOfAccountingCharges": {}, "otherItems": {}, "netIncome": 12548473, "netIncomeApplicableToCommonShares": 12548473}, {"maxAge": 1, "endDate": "2019-03-31", "totalRevenue": 1013113090, "costOfRevenue": 478360035, "grossProfit": 534753055, "researchDevelopment": {}, "sellingGeneralAdministrative": 152604902, "nonRecurring": {}, "otherOperatingExpenses": 311675935, "totalOperatingExpenses": 967587078, "operatingIncome": 45526012, "totalOtherIncomeExpenseNet": -26526140, "ebit": 45526012, "interestExpense": -28236925, "incomeBeforeTax": 18999872, "incomeTaxExpense": 8763345, "minorityInterest": 7505507, "netIncomeFromContinuingOps": 10236527, "discontinuedOperations": {}, "extraordinaryItems": {}, "effectOfAccountingCharges": {}, "otherItems": {}, "netIncome": 12258398, "netIncomeApplicableToCommonShares": 12258398}, {"maxAge": 1, "endDate": "2018-03-31", "totalRevenue": 922992328, "costOfRevenue": 446936383, "grossProfit": 476055945, "researchDevelopment": {}, "sellingGeneralAdministrative": 159385224, "nonRecurring": {}, "otherOperatingExpenses": 292087619, "totalOperatingExpenses": 922988284, "operatingIncome": 4044, "totalOtherIncomeExpenseNet": -59353, "ebit": 4044, "interestExpense": -32185087, "incomeBeforeTax": -55309, "incomeTaxExpense": -8556686, "minorityInterest": 9254615, "netIncomeFromContinuingOps": 8501377, "discontinuedOperations": {}, "extraordinaryItems": {}, "effectOfAccountingCharges": {}, "otherItems": {}, "netIncome": 8809341, "netIncomeApplicableToCommonShares": 7359606}, {"maxAge": 1, "endDate": "2017-03-31", "totalRevenue": 855796113, "costOfRevenue": 395822669, "grossProfit": 459973444, "researchDevelopment": {}, "sellingGeneralAdministrative": 176739219, "nonRecurring": {}, "otherOperatingExpenses": 249925854, "totalOperatingExpenses": 847242500, "operatingIncome": 8553613, "totalOtherIncomeExpenseNet": 59551, "ebit": 8553613, "interestExpense": -33585142, "incomeBeforeTax": 8613164, "incomeTaxExpense": 7800248, "minorityInterest": 8179119, "netIncomeFromContinuingOps": 812916, "discontinuedOperations": {}, "extraordinaryItems": {}, "effectOfAccountingCharges": {}, "otherItems": {}, "netIncome": 2506378, "netIncomeApplicableToCommonShares": 1134274}], "maxAge": 86400}, "fundOwnership": {"ownershipList": [], "maxAge": 1}, "summaryDetail": {"maxAge": 1, "priceHint": 2, "previousClose": 57.0, "open": 57.0, "dayLow": 57.0, "dayHigh": 57.0, "regularMarketPreviousClose": 57.0, "regularMarketOpen": 57.0, "regularMarketDayLow": 57.0, "regularMarketDayHigh": 57.0, "exDividendDate": "2019-09-12 05:30:00", "payoutRatio": 0.0, "beta": 0.441199, "volume": 3, "regularMarketVolume": 3, "averageVolume": 3497, "averageVolume10days": 764, "averageDailyVolume10Day": 764, "bid": 0.0, "ask": 0.0, "bidSize": 0, "askSize": 0, "marketCap": 483778368, "fiftyTwoWeekLow": 43.0, "fiftyTwoWeekHigh": 60.0, "priceToSalesTrailing12Months": 0.5983333, "fiftyDayAverage": 54.327274, "twoHundredDayAverage": 50.400356, "currency": "INR", "fromCurrency": null, "lastMarket": null, "algorithm": null, "tradeable": false}, "incomeStatementHistoryQuarterly": {"incomeStatementHistory": [{"maxAge": 1, "endDate": "2020-12-31", "totalRevenue": 266000000, "costOfRevenue": 114000000, "grossProfit": 152000000, "researchDevelopment": {}, "sellingGeneralAdministrative": 39600000, "nonRecurring": {}, "otherOperatingExpenses": 97600000, "totalOperatingExpenses": 257600000, "operatingIncome": 8400000, "totalOtherIncomeExpenseNet": -3300000, "ebit": 8400000, "interestExpense": -3500000, "incomeBeforeTax": 5100000, "incomeTaxExpense": 1700000, "minorityInterest": {}, "netIncomeFromContinuingOps": 3400000, "discontinuedOperations": {}, "extraordinaryItems": {}, "effectOfAccountingCharges": {}, "otherItems": {}, "netIncome": 3400000, "netIncomeApplicableToCommonShares": 3400000}, {"maxAge": 1, "endDate": "2020-09-30", "totalRevenue": 217000000, "costOfRevenue": 87000000, "grossProfit": 130000000, "researchDevelopment": {}, "sellingGeneralAdministrative": 38800000, "nonRecurring": {}, "otherOperatingExpenses": 78600000, "totalOperatingExpenses": 210600000, "operatingIncome": 6400000, "totalOtherIncomeExpenseNet": -3600000, "ebit": 6400000, "interestExpense": -4200000, "incomeBeforeTax": 2800000, "incomeTaxExpense": 1700000, "minorityInterest": 6000000, "netIncomeFromContinuingOps": 1100000, "discontinuedOperations": {}, "extraordinaryItems": {}, "effectOfAccountingCharges": {}, "otherItems": {}, "netIncome": 1100000, "netIncomeApplicableToCommonShares": 1100000}, {"maxAge": 1, "endDate": "2020-06-30", "totalRevenue": 110700000, "costOfRevenue": 42800000, "grossProfit": 67900000, "researchDevelopment": {}, "sellingGeneralAdministrative": 24600000, "nonRecurring": {}, "otherOperatingExpenses": 43500000, "totalOperatingExpenses": 116400000, "operatingIncome": -5700000, "totalOtherIncomeExpenseNet": -2900000, "ebit": -5700000, "interestExpense": -4000000, "incomeBeforeTax": -8600000, "incomeTaxExpense": -1500000, "minorityInterest": 6000000, "netIncomeFromContinuingOps": -7100000, "discontinuedOperations": {}, "extraordinaryItems": {}, "effectOfAccountingCharges": {}, "otherItems": {}, "netIncome": -7100000, "netIncomeApplicableToCommonShares": -7100000}, {"maxAge": 1, "endDate": "2020-03-31", "totalRevenue": 214843327, "costOfRevenue": 124971929, "grossProfit": 89871398, "researchDevelopment": {}, "sellingGeneralAdministrative": 46673135, "nonRecurring": {}, "otherOperatingExpenses": 33716643, "totalOperatingExpenses": 210607160, "operatingIncome": 4236167, "totalOtherIncomeExpenseNet": -3072173, "ebit": 4236167, "interestExpense": -3023681, "incomeBeforeTax": 1163994, "incomeTaxExpense": 106789, "minorityInterest": 7797421, "netIncomeFromContinuingOps": 1057205, "discontinuedOperations": {}, "extraordinaryItems": {}, "effectOfAccountingCharges": {}, "otherItems": {}, "netIncome": 1848473, "netIncomeApplicableToCommonShares": 1848473}], "maxAge": 86400}, "cashflowStatementHistoryQuarterly": {"cashflowStatements": [{"maxAge": 1, "endDate": "2020-12-31", "netIncome": 3400000, "changeToLiabilities": 0}, {"maxAge": 1, "endDate": "2020-09-30", "netIncome": 1100000, "changeToLiabilities": 0}, {"maxAge": 1, "endDate": "2020-06-30", "netIncome": -7100000, "changeToLiabilities": 0}, {"maxAge": 1, "endDate": "2020-03-31", "netIncome": 1848473, "changeToLiabilities": 0}], "maxAge": 86400}, "insiderHolders": {"holders": [], "maxAge": 1}, "calendarEvents": {"maxAge": 1, "earnings": {"earningsDate": []}, "exDividendDate": "2019-09-12 05:30:00"}, "upgradeDowngradeHistory": {"history": [], "maxAge": 86400}, "price": {"maxAge": 1, "regularMarketChangePercent": 0.0, "regularMarketChange": 0.0, "regularMarketTime": "2021-04-30 14:37:02", "priceHint": 2, "regularMarketPrice": 57.0, "regularMarketDayHigh": 57.0, "regularMarketDayLow": 57.0, "regularMarketVolume": 3, "averageDailyVolume10Day": 764, "averageDailyVolume3Month": 3497, "regularMarketPreviousClose": 57.0, "regularMarketSource": "FREE_REALTIME", "regularMarketOpen": 57.0, "exchange": "NSI", "exchangeName": "NSE", "exchangeDataDelayedBy": 15, "marketState": "CLOSED", "quoteType": "EQUITY", "symbol": "WIPL.NS", "underlyingSymbol": null, "shortName": "THE WESTERN INDIA", "longName": "The Western India Plywoods Limited", "currency": "INR", "quoteSourceName": "Delayed Quote", "currencySymbol": "\u20b9", "fromCurrency": null, "lastMarket": null, "marketCap": 483778368}, "balanceSheetHistory": {"balanceSheetStatements": [{"maxAge": 1, "endDate": "2020-03-31", "cash": 20817209, "netReceivables": 201620222, "inventory": 266605493, "otherCurrentAssets": 22486317, "totalCurrentAssets": 513436472, "longTermInvestments": 4811600, "propertyPlantEquipment": 187625224, "goodWill": 28011446, "otherAssets": 11152495, "totalAssets": 745037237, "accountsPayable": 51130438, "shortLongTermDebt": 20740843, "otherCurrentLiab": 50761265, "longTermDebt": 150051238, "otherLiab": 18283340, "minorityInterest": 7797421, "totalCurrentLiabilities": 176734399, "totalLiab": 345068977, "commonStock": 84873400, "retainedEarnings": 136791054, "treasuryStock": 126310335, "capitalSurplus": 44196050, "otherStockholderEquity": 126310335, "totalStockholderEquity": 392170839, "netTangibleAssets": 364159393}, {"maxAge": 1, "endDate": "2019-03-31", "cash": 36096381, "netReceivables": 197317215, "inventory": 299172334, "otherCurrentAssets": 32819196, "totalCurrentAssets": 567344014, "longTermInvestments": 6297100, "propertyPlantEquipment": 197775252, "goodWill": 28011446, "otherAssets": 11492117, "totalAssets": 810919929, "accountsPayable": 57376512, "shortLongTermDebt": 20524479, "otherCurrentLiab": 56952968, "longTermDebt": 155840646, "otherLiab": 18816246, "minorityInterest": 7505507, "totalCurrentLiabilities": 235339194, "totalLiab": 409996086, "commonStock": 84873400, "retainedEarnings": 133451325, "treasuryStock": 130897561, "capitalSurplus": 44196050, "otherStockholderEquity": 130897561, "totalStockholderEquity": 393418336, "netTangibleAssets": 365406890}, {"maxAge": 1, "endDate": "2018-03-31", "cash": 38559582, "netReceivables": 168805879, "inventory": 333232568, "otherCurrentAssets": 31867918, "totalCurrentAssets": 574397942, "longTermInvestments": 5318172, "propertyPlantEquipment": 216035534, "goodWill": 28011446, "otherAssets": 13464016, "totalAssets": 837227110, "accountsPayable": 56839745, "shortLongTermDebt": 21782509, "otherCurrentLiab": 59246466, "longTermDebt": 170916654, "otherLiab": 18558671, "minorityInterest": 9254615, "totalCurrentLiabilities": 258876656, "totalLiab": 448351981, "commonStock": 84873400, "retainedEarnings": 121192927, "treasuryStock": 129358137, "capitalSurplus": 44196050, "otherStockholderEquity": 129358137, "totalStockholderEquity": 379620514, "netTangibleAssets": 351609068}, {"maxAge": 1, "endDate": "2017-03-31", "cash": 35700350, "netReceivables": 174426875, "inventory": 382231531, "otherCurrentAssets": 38449768, "totalCurrentAssets": 632332906, "longTermInvestments": 4560113, "propertyPlantEquipment": 221418843, "goodWill": 28011446, "otherAssets": 13551500, "totalAssets": 899874808, "accountsPayable": 68650337, "shortLongTermDebt": 39170173, "otherCurrentLiab": 61069184, "longTermDebt": 49973442, "otherLiab": 25259021, "minorityInterest": 8179119, "totalCurrentLiabilities": 443882775, "totalLiab": 519115238, "commonStock": 84873400, "retainedEarnings": 131383586, "treasuryStock": 112127415, "capitalSurplus": 44196050, "otherStockholderEquity": 112127415, "totalStockholderEquity": 372580451, "netTangibleAssets": 344569005}], "maxAge": 86400}, "financialData": {"maxAge": 86400, "currentPrice": 57.0, "recommendationKey": "none", "totalCash": 50700000, "totalCashPerShare": 8.351, "ebitda": 37406056, "totalDebt": 179800000, "totalRevenue": 808543296, "debtToEquity": 45.821, "revenuePerShare": 111.898, "grossProfits": 539071398, "earningsGrowth": 6.237, "revenueGrowth": 0.036, "grossMargins": 0.54390997, "ebitdaMargins": 0.04626, "operatingMargins": 0.016490001, "profitMargins": -0.00093000004, "financialCurrency": "INR"}}}