{"WIREFABR.BO": {"recommendationTrend": {"trend": [{"period": "0m", "strongBuy": 0, "buy": 0, "hold": 0, "sell": 0, "strongSell": 0}, {"period": "-1m", "strongBuy": 0, "buy": 0, "hold": 0, "sell": 0, "strongSell": 0}, {"period": "-2m", "strongBuy": 0, "buy": 0, "hold": 0, "sell": 0, "strongSell": 0}, {"period": "-3m", "strongBuy": 0, "buy": 0, "hold": 0, "sell": 0, "strongSell": 0}], "maxAge": 86400}, "cashflowStatementHistory": {"cashflowStatements": [{"maxAge": 1, "endDate": "2020-03-31", "netIncome": 15914565, "depreciation": 86682576, "changeToNetincome": 6637829, "changeToLiabilities": 0, "changeToInventory": -52729628, "changeToOperatingActivities": -32881228, "totalCashFromOperatingActivities": 25358777, "capitalExpenditures": -67592839, "otherCashflowsFromInvestingActivities": 1504234, "totalCashflowsFromInvestingActivities": -63163929, "dividendsPaid": -2337795, "netBorrowings": 60183037, "otherCashflowsFromFinancingActivities": -10926244, "totalCashFromFinancingActivities": 46918998, "changeInCash": 9113846}, {"maxAge": 1, "endDate": "2019-03-31", "netIncome": 12711779, "depreciation": 99943685, "changeToNetincome": 10714248, "changeToLiabilities": 0, "changeToInventory": 43198001, "changeToOperatingActivities": -27457142, "totalCashFromOperatingActivities": 140842463, "capitalExpenditures": -44411723, "otherCashflowsFromInvestingActivities": 943469, "totalCashflowsFromInvestingActivities": -42673186, "dividendsPaid": -2302166, "netBorrowings": -114158556, "otherCashflowsFromFinancingActivities": -7374692, "totalCashFromFinancingActivities": -123835414, "changeInCash": -25666137}, {"maxAge": 1, "endDate": "2018-03-31", "netIncome": 8394366, "depreciation": 102321265, "changeToNetincome": 19192028, "changeToLiabilities": 0, "changeToInventory": -3007314, "changeToOperatingActivities": 105698604, "totalCashFromOperatingActivities": 232598949, "capitalExpenditures": -47421894, "investments": 52325, "otherCashflowsFromInvestingActivities": 888838, "totalCashflowsFromInvestingActivities": -45805732, "dividendsPaid": -2253961, "netBorrowings": -169159662, "otherCashflowsFromFinancingActivities": -19415449, "totalCashFromFinancingActivities": -190829072, "changeInCash": -4035855}, {"maxAge": 1, "endDate": "2017-03-31", "netIncome": 402891, "depreciation": 100676010, "changeToNetincome": 26293909, "changeToLiabilities": 0, "changeToInventory": 862958, "changeToOperatingActivities": 45542, "totalCashFromOperatingActivities": 128281310, "capitalExpenditures": -42330201, "investments": 52325, "otherCashflowsFromInvestingActivities": 4518806, "totalCashflowsFromInvestingActivities": -37604095, "dividendsPaid": -6507303, "netBorrowings": -31677717, "otherCashflowsFromFinancingActivities": -32948036, "totalCashFromFinancingActivities": -71133056, "changeInCash": 19544159}], "maxAge": 86400}, "institutionOwnership": {"maxAge": 1, "ownershipList": []}, "balanceSheetHistoryQuarterly": {"balanceSheetStatements": [{"maxAge": 1, "endDate": "2020-06-30", "totalStockholderEquity": 446474319, "netTangibleAssets": 445008331}, {"maxAge": 1, "endDate": "2020-03-31", "cash": 11000524, "shortTermInvestments": 68000000, "netReceivables": 319140038, "inventory": 203211403, "otherCurrentAssets": 72314722, "totalCurrentAssets": 673666687, "propertyPlantEquipment": 457030352, "intangibleAssets": 1465988, "otherAssets": 20794553, "totalAssets": 1152957580, "accountsPayable": 105393030, "shortLongTermDebt": 66800000, "otherCurrentLiab": 83945506, "longTermDebt": 171827860, "otherLiab": 70046439, "totalCurrentLiabilities": 464608962, "totalLiab": 706483261, "commonStock": 30562500, "retainedEarnings": 381623679, "treasuryStock": 3725640, "capitalSurplus": 30562500, "otherStockholderEquity": 3725640, "totalStockholderEquity": 446474319, "netTangibleAssets": 445008331}, {"maxAge": 1, "endDate": "2019-12-31", "totalStockholderEquity": 433718000, "netTangibleAssets": 431384000}, {"maxAge": 1, "endDate": "2019-09-30", "cash": 62498000, "shortTermInvestments": 3398000, "netReceivables": 325151000, "inventory": 113329000, "otherCurrentAssets": 53176000, "totalCurrentAssets": 557552000, "longTermInvestments": 900000, "propertyPlantEquipment": 453742000, "intangibleAssets": 2334000, "otherAssets": 17736000, "totalAssets": 1032264000, "accountsPayable": 60717000, "shortLongTermDebt": 76202000, "otherCurrentLiab": 115545000, "longTermDebt": 205227000, "otherLiab": 79589000, "totalCurrentLiabilities": 313730000, "totalLiab": 598546000, "commonStock": 30563000, "treasuryStock": 403155000, "otherStockholderEquity": 403155000, "totalStockholderEquity": 433718000, "netTangibleAssets": 431384000}], "maxAge": 86400}, "earningsHistory": {"history": [{"maxAge": 1, "epsActual": {}, "epsEstimate": {}, "epsDifference": {}, "surprisePercent": {}, "quarter": {}, "period": "-4q"}, {"maxAge": 1, "epsActual": {}, "epsEstimate": {}, "epsDifference": {}, "surprisePercent": {}, "quarter": {}, "period": "-3q"}, {"maxAge": 1, "epsActual": {}, "epsEstimate": {}, "epsDifference": {}, "surprisePercent": {}, "quarter": {}, "period": "-2q"}, {"maxAge": 1, "epsActual": {}, "epsEstimate": {}, "epsDifference": {}, "surprisePercent": {}, "quarter": {}, "period": "-1q"}], "maxAge": 86400}, "indexTrend": {"maxAge": 1, "symbol": "SP5", "peRatio": 19.7411, "pegRatio": 1.34172, "estimates": [{"period": "0q", "growth": 0.549}, {"period": "+1q", "growth": 0.431}, {"period": "0y", "growth": 0.305}, {"period": "+1y", "growth": 0.109}, {"period": "+5y", "growth": 0.120859005}, {"period": "-5y"}]}, "industryTrend": {"maxAge": 1, "symbol": null, "estimates": []}, "insiderTransactions": {"transactions": [{"maxAge": 1, "shares": 100, "filerUrl": "", "transactionText": "", "filerName": "Wires & Fabriks Pvt. Ltd.", "filerRelation": "Institution- Corporation", "moneyText": "", "startDate": "2014-09-26", "ownership": "D"}, {"maxAge": 1, "shares": 100, "filerUrl": "", "transactionText": "", "filerName": "Khaitan (Viraj)", "filerRelation": "UNREPORTED", "moneyText": "", "startDate": "2014-09-26", "ownership": "D"}, {"maxAge": 1, "shares": 100, "filerUrl": "", "transactionText": "", "filerName": "Khaitan (Parul)", "filerRelation": "UNREPORTED", "moneyText": "", "startDate": "2014-09-26", "ownership": "D"}, {"maxAge": 1, "shares": 100, "filerUrl": "", "transactionText": "", "filerName": "Khaitan (Reyansh)", "filerRelation": "UNREPORTED", "moneyText": "", "startDate": "2014-09-26", "ownership": "D"}, {"maxAge": 1, "shares": 25000, "filerUrl": "", "transactionText": "", "filerName": "Khaitan (Harsh Vasant)", "filerRelation": "Promoter", "moneyText": "", "startDate": "2014-06-30", "ownership": "D"}, {"maxAge": 1, "shares": 25000, "filerUrl": "", "transactionText": "", "filerName": "W & F Securities Pvt. Ltd.", "filerRelation": "Promoter", "moneyText": "", "startDate": "2014-06-30", "ownership": "D"}, {"maxAge": 1, "shares": 100, "filerUrl": "", "transactionText": "", "filerName": "W & F Commercial Pvt. Ltd", "filerRelation": "Promoter", "moneyText": "", "startDate": "2014-06-28", "ownership": "D"}, {"maxAge": 1, "shares": 100, "filerUrl": "", "transactionText": "", "filerName": "Kingsley Industries, Ltd", "filerRelation": "Promoter", "moneyText": "", "startDate": "2014-06-28", "ownership": "D"}, {"maxAge": 1, "shares": 100, "filerUrl": "", "transactionText": "", "filerName": "Kingsley Mercantile Pvt. Ltd.", "filerRelation": "Promoter", "moneyText": "", "startDate": "2014-06-28", "ownership": "D"}, {"maxAge": 1, "shares": 100, "filerUrl": "", "transactionText": "", "filerName": "KMI Estates Pvt. Ltd", "filerRelation": "Promoter", "moneyText": "", "startDate": "2014-06-28", "ownership": "D"}, {"maxAge": 1, "shares": 1545, "filerUrl": "", "transactionText": "", "filerName": "Rajputana Investment Society Pvt Ltd", "filerRelation": "Promoter", "moneyText": "", "startDate": "2014-06-28", "ownership": "D"}, {"maxAge": 1, "shares": 100, "filerUrl": "", "transactionText": "", "filerName": "W & F Chemicals, Ltd", "filerRelation": "Promoter", "moneyText": "", "startDate": "2014-06-28", "ownership": "D"}, {"maxAge": 1, "shares": 100, "filerUrl": "", "transactionText": "", "filerName": "WMW Trading Pvt. Ltd", "filerRelation": "Promoter", "moneyText": "", "startDate": "2014-06-28", "ownership": "D"}, {"maxAge": 1, "shares": 100, "filerUrl": "", "transactionText": "", "filerName": "W & F Filtertech Pvt. Ltd", "filerRelation": "Promoter", "moneyText": "", "startDate": "2014-06-28", "ownership": "D"}, {"maxAge": 1, "shares": 203345, "filerUrl": "", "transactionText": "", "filerName": "W & F Securities Pvt. Ltd.", "filerRelation": "Promoter", "moneyText": "", "startDate": "2014-06-28", "ownership": "D"}, {"maxAge": 1, "shares": 100, "filerUrl": "", "transactionText": "", "filerName": "WMW Metal Fabrics, Ltd.", "filerRelation": "Institution- Corporation", "moneyText": "", "startDate": "2014-06-28", "ownership": "D"}, {"maxAge": 1, "shares": 100, "filerUrl": "", "transactionText": "", "filerName": "Jankilal (Nathmall)", "filerRelation": "Promoter", "moneyText": "", "startDate": "2014-06-28", "ownership": "D"}, {"maxAge": 1, "shares": 100, "filerUrl": "", "transactionText": "", "filerName": "KIL Trading Pvt. Ltd", "filerRelation": "Promoter", "moneyText": "", "startDate": "2014-06-28", "ownership": "D"}, {"maxAge": 1, "shares": 100, "filerUrl": "", "transactionText": "", "filerName": "Khaitan Estates Pvt. Ltd", "filerRelation": "Promoter", "moneyText": "", "startDate": "2014-06-28", "ownership": "D"}, {"maxAge": 1, "shares": 20000, "filerUrl": "", "transactionText": "", "filerName": "Khaitan (Vajantimala)", "filerRelation": "Promoter", "moneyText": "", "startDate": "2014-06-28", "ownership": "D"}, {"maxAge": 1, "shares": 19900, "filerUrl": "", "transactionText": "", "filerName": "Khaitan (Shailaja)", "filerRelation": "Promoter", "moneyText": "", "startDate": "2014-06-28", "ownership": "D"}, {"maxAge": 1, "shares": 19900, "filerUrl": "", "transactionText": "", "filerName": "Khaitan (Ranjana)", "filerRelation": "Promoter", "moneyText": "", "startDate": "2014-06-28", "ownership": "D"}, {"maxAge": 1, "shares": 100, "filerUrl": "", "transactionText": "", "filerName": "Khaitan (Mahendra Kumar) HUF", "filerRelation": "Promoter", "moneyText": "", "startDate": "2014-06-28", "ownership": "D"}, {"maxAge": 1, "shares": 30000, "filerUrl": "", "transactionText": "", "filerName": "Khaitan (Mahendra Kumar)", "filerRelation": "Joint Managing director", "moneyText": "", "startDate": "2014-06-28", "ownership": "D"}, {"maxAge": 1, "shares": 25000, "filerUrl": "", "transactionText": "", "filerName": "Khaitan (Madhur Krishna)", "filerRelation": "Promoter", "moneyText": "", "startDate": "2014-06-28", "ownership": "D"}, {"maxAge": 1, "shares": 30400, "filerUrl": "", "transactionText": "", "filerName": "Khaitan (Kishan Kumar)", "filerRelation": "Managing Director", "moneyText": "", "startDate": "2014-06-28", "ownership": "D"}, {"maxAge": 1, "shares": 100, "filerUrl": "", "transactionText": "", "filerName": "Khaitan (Janakilal) HUF", "filerRelation": "Promoter", "moneyText": "", "startDate": "2014-06-28", "ownership": "D"}, {"maxAge": 1, "shares": 24900, "filerUrl": "", "transactionText": "", "filerName": "Khaitan (Devesh)", "filerRelation": "Director (Executive)", "moneyText": "", "startDate": "2014-06-28", "ownership": "D"}, {"maxAge": 1, "shares": 30400, "filerUrl": "", "transactionText": "", "filerName": "Khaitan (Basant Kumar)", "filerRelation": "Executive Chairman", "moneyText": "", "startDate": "2014-06-28", "ownership": "D"}], "maxAge": 1}, "quoteType": {"exchange": "BSE", "quoteType": "EQUITY", "symbol": "WIREFABR.BO", "underlyingSymbol": "WIREFABR.BO", "shortName": "WIRES & FABRIKS (SA) LTD.", "longName": "Wires and Fabriks (S.A.) Limited", "firstTradeDateEpochUtc": "2002-01-08 09:15:00", "timeZoneFullName": "Asia/Kolkata", "timeZoneShortName": "IST", "uuid": "96631020-f75b-3fce-b11c-a9a918fd0b2b", "messageBoardId": null, "gmtOffSetMilliseconds": 19800000, "maxAge": 1}, "incomeStatementHistory": {"incomeStatementHistory": [{"maxAge": 1, "endDate": "2020-03-31", "totalRevenue": 983689270, "costOfRevenue": 280490460, "grossProfit": 703198810, "researchDevelopment": {}, "sellingGeneralAdministrative": 211989223, "nonRecurring": {}, "otherOperatingExpenses": 369388564, "totalOperatingExpenses": 950285486, "operatingIncome": 33403784, "totalOtherIncomeExpenseNet": -15542601, "ebit": 33403784, "interestExpense": -10322135, "incomeBeforeTax": 17861183, "incomeTaxExpense": 1946618, "minorityInterest": {}, "netIncomeFromContinuingOps": 15914565, "discontinuedOperations": {}, "extraordinaryItems": {}, "effectOfAccountingCharges": {}, "otherItems": {}, "netIncome": 15914565, "netIncomeApplicableToCommonShares": 15914565}, {"maxAge": 1, "endDate": "2019-03-31", "totalRevenue": 1056616793, "costOfRevenue": 339519143, "grossProfit": 717097650, "researchDevelopment": {}, "sellingGeneralAdministrative": 206904327, "nonRecurring": {}, "otherOperatingExpenses": 381831814, "totalOperatingExpenses": 1029930861, "operatingIncome": 26685932, "totalOtherIncomeExpenseNet": -9227694, "ebit": 26685932, "interestExpense": -7165077, "incomeBeforeTax": 17458238, "incomeTaxExpense": 4746459, "minorityInterest": {}, "netIncomeFromContinuingOps": 12711779, "discontinuedOperations": {}, "extraordinaryItems": {}, "effectOfAccountingCharges": {}, "otherItems": {}, "netIncome": 12711779, "netIncomeApplicableToCommonShares": 12711779}, {"maxAge": 1, "endDate": "2018-03-31", "totalRevenue": 1028011392, "costOfRevenue": 328268696, "grossProfit": 699742696, "researchDevelopment": {}, "sellingGeneralAdministrative": 188667857, "nonRecurring": {}, "otherOperatingExpenses": 381173545, "totalOperatingExpenses": 997658841, "operatingIncome": 30352551, "totalOtherIncomeExpenseNet": -28628264, "ebit": 30352551, "interestExpense": -18285886, "incomeBeforeTax": 1724287, "incomeTaxExpense": -6670079, "minorityInterest": {}, "netIncomeFromContinuingOps": 8394366, "discontinuedOperations": {}, "extraordinaryItems": {}, "effectOfAccountingCharges": {}, "otherItems": {}, "netIncome": 8394366, "netIncomeApplicableToCommonShares": 8394366}, {"maxAge": 1, "endDate": "2017-03-31", "totalRevenue": 1006530632, "costOfRevenue": 267659157, "grossProfit": 738871475, "researchDevelopment": {}, "sellingGeneralAdministrative": 192472041, "nonRecurring": {}, "otherOperatingExpenses": 409677515, "totalOperatingExpenses": 970484723, "operatingIncome": 36045909, "totalOtherIncomeExpenseNet": -32302159, "ebit": 36045909, "interestExpense": -32361867, "incomeBeforeTax": 3743750, "incomeTaxExpense": 3340859, "minorityInterest": {}, "netIncomeFromContinuingOps": 402891, "discontinuedOperations": {}, "extraordinaryItems": {}, "effectOfAccountingCharges": {}, "otherItems": {}, "netIncome": 402891, "netIncomeApplicableToCommonShares": 402891}], "maxAge": 86400}, "fundOwnership": {"maxAge": 1, "ownershipList": []}, "summaryDetail": {"maxAge": 1, "priceHint": 2, "previousClose": 55.55, "open": 61.35, "dayLow": 55.55, "dayHigh": 61.35, "regularMarketPreviousClose": 55.55, "regularMarketOpen": 61.35, "regularMarketDayLow": 55.55, "regularMarketDayHigh": 61.35, "trailingPE": 10.621415, "volume": 125, "regularMarketVolume": 125, "averageVolume": 168, "averageVolume10days": 0, "averageDailyVolume10Day": 0, "bid": 53.05, "ask": 61.35, "bidSize": 0, "askSize": 0, "marketCap": 169774688, "fiftyTwoWeekLow": 39.3, "fiftyTwoWeekHigh": 76.4, "fiftyDayAverage": 69.98428, "twoHundredDayAverage": 53.580437, "trailingAnnualDividendRate": 0.1, "trailingAnnualDividendYield": 0.0018001801, "currency": "INR", "fromCurrency": null, "toCurrency": null, "lastMarket": null, "algorithm": null, "tradeable": false}, "sectorTrend": {"maxAge": 1, "symbol": null, "estimates": []}, "incomeStatementHistoryQuarterly": {"incomeStatementHistory": [{"maxAge": 1, "endDate": "2020-06-30", "totalRevenue": 155417000, "costOfRevenue": 30100000, "grossProfit": 125317000, "researchDevelopment": {}, "sellingGeneralAdministrative": 49339000, "nonRecurring": {}, "otherOperatingExpenses": 60282000, "totalOperatingExpenses": 159259000, "operatingIncome": -3842000, "totalOtherIncomeExpenseNet": 4037000, "ebit": -3842000, "interestExpense": -6953000, "incomeBeforeTax": 195000, "incomeTaxExpense": -1182000, "minorityInterest": {}, "netIncomeFromContinuingOps": 1377000, "discontinuedOperations": {}, "extraordinaryItems": {}, "effectOfAccountingCharges": {}, "otherItems": {}, "netIncome": 1377000, "netIncomeApplicableToCommonShares": 1377000}, {"maxAge": 1, "endDate": "2020-03-31", "totalRevenue": 210221270, "costOfRevenue": 49409460, "grossProfit": 160811810, "researchDevelopment": {}, "sellingGeneralAdministrative": 57516223, "nonRecurring": {}, "otherOperatingExpenses": 72885564, "totalOperatingExpenses": 200836486, "operatingIncome": 9384784, "totalOtherIncomeExpenseNet": -2560601, "ebit": 9384784, "interestExpense": -6953000, "incomeBeforeTax": 6824183, "incomeTaxExpense": -2152382, "minorityInterest": {}, "netIncomeFromContinuingOps": 8976565, "discontinuedOperations": {}, "extraordinaryItems": {}, "effectOfAccountingCharges": {}, "otherItems": {}, "netIncome": 8976565, "netIncomeApplicableToCommonShares": 8976565}, {"maxAge": 1, "endDate": "2019-12-31", "totalRevenue": 271647000, "costOfRevenue": 88147000, "grossProfit": 183500000, "researchDevelopment": {}, "sellingGeneralAdministrative": 51869000, "nonRecurring": {}, "otherOperatingExpenses": 97601000, "totalOperatingExpenses": 262592000, "operatingIncome": 9055000, "totalOtherIncomeExpenseNet": -3635000, "ebit": 9055000, "interestExpense": -4563000, "incomeBeforeTax": 5420000, "incomeTaxExpense": 2046000, "minorityInterest": {}, "netIncomeFromContinuingOps": 3374000, "discontinuedOperations": {}, "extraordinaryItems": {}, "effectOfAccountingCharges": {}, "otherItems": {}, "netIncome": 3374000, "netIncomeApplicableToCommonShares": 3374000}, {"maxAge": 1, "endDate": "2019-09-30", "totalRevenue": 263487000, "costOfRevenue": 77180000, "grossProfit": 186307000, "researchDevelopment": {}, "sellingGeneralAdministrative": 51173000, "nonRecurring": {}, "otherOperatingExpenses": 105893000, "totalOperatingExpenses": 255453000, "operatingIncome": 8034000, "totalOtherIncomeExpenseNet": -5039000, "ebit": 8034000, "interestExpense": -5611000, "incomeBeforeTax": 2995000, "incomeTaxExpense": 706000, "minorityInterest": {}, "netIncomeFromContinuingOps": 2289000, "discontinuedOperations": {}, "extraordinaryItems": {}, "effectOfAccountingCharges": {}, "otherItems": {}, "netIncome": 2289000, "netIncomeApplicableToCommonShares": 2289000}], "maxAge": 86400}, "cashflowStatementHistoryQuarterly": {"cashflowStatements": [{"maxAge": 1, "endDate": "2020-06-30", "netIncome": 1377000, "changeToLiabilities": 0}, {"maxAge": 1, "endDate": "2020-03-31", "netIncome": 8976565, "changeToLiabilities": 0}, {"maxAge": 1, "endDate": "2019-12-31", "netIncome": 3374000, "changeToLiabilities": 0}, {"maxAge": 1, "endDate": "2019-09-30", "netIncome": 2289000, "changeToLiabilities": 0}], "maxAge": 86400}, "insiderHolders": {"holders": [{"maxAge": 1, "name": "KMI Estates Pvt. Ltd", "relation": "Promoter", "url": "", "transactionDescription": "Sale", "latestTransDate": "2014-06-28", "positionDirect": 0, "positionDirectDate": "2014-06-28"}, {"maxAge": 1, "name": "Khaitan (Harsh Vasant)", "relation": "Promoter", "url": "", "transactionDescription": "Sale", "latestTransDate": "2014-06-30", "positionDirect": 0, "positionDirectDate": "2014-06-30"}, {"maxAge": 1, "name": "Khaitan (Parul)", "relation": "UNREPORTED", "url": "", "transactionDescription": "Acquisition", "latestTransDate": "2014-09-26", "positionDirect": 100, "positionDirectDate": "2014-09-26"}, {"maxAge": 1, "name": "Khaitan (Reyansh)", "relation": "UNREPORTED", "url": "", "transactionDescription": "Purchase", "latestTransDate": "2014-09-26", "positionDirect": 100, "positionDirectDate": "2014-09-26"}, {"maxAge": 1, "name": "Khaitan (Viraj)", "relation": "UNREPORTED", "url": "", "transactionDescription": "Purchase", "latestTransDate": "2014-09-26", "positionDirect": 100, "positionDirectDate": "2014-09-26"}, {"maxAge": 1, "name": "Kingsley Industries, Ltd", "relation": "Promoter", "url": "", "transactionDescription": "Sale", "latestTransDate": "2014-06-28", "positionDirect": 0, "positionDirectDate": "2014-06-28"}, {"maxAge": 1, "name": "Kingsley Mercantile Pvt. Ltd.", "relation": "Promoter", "url": "", "transactionDescription": "Sale", "latestTransDate": "2014-06-28", "positionDirect": 0, "positionDirectDate": "2014-06-28"}, {"maxAge": 1, "name": "W & F Commercial Pvt. Ltd", "relation": "Promoter", "url": "", "transactionDescription": "Sale", "latestTransDate": "2014-06-28", "positionDirect": 0, "positionDirectDate": "2014-06-28"}, {"maxAge": 1, "name": "W & F Securities Pvt. Ltd.", "relation": "Promoter", "url": "", "transactionDescription": "Purchase", "latestTransDate": "2014-06-30", "positionDirect": 1922314, "positionDirectDate": "2014-06-30"}, {"maxAge": 1, "name": "Wires & Fabriks Pvt. Ltd.", "relation": "Institution- Corporation", "url": "", "transactionDescription": "Purchase", "latestTransDate": "2014-09-26", "positionDirect": 100, "positionDirectDate": "2014-09-26"}], "maxAge": 1}, "earnings": {"maxAge": 86400, "earningsChart": {"quarterly": [], "earningsDate": []}, "financialsChart": {"yearly": [{"date": 2017, "revenue": 1006530632, "earnings": 402891}, {"date": 2018, "revenue": 1028011392, "earnings": 8394366}, {"date": 2019, "revenue": 1056616793, "earnings": 12711779}, {"date": 2020, "revenue": 983689270, "earnings": 15914565}], "quarterly": [{"date": "3Q2019", "revenue": 263487000, "earnings": 2289000}, {"date": "4Q2019", "revenue": 271647000, "earnings": 3374000}, {"date": "1Q2020", "revenue": 210221270, "earnings": 8976565}, {"date": "2Q2020", "revenue": 155417000, "earnings": 1377000}]}, "financialCurrency": "INR"}, "calendarEvents": {"maxAge": 1, "earnings": {"earningsDate": []}}, "price": {"maxAge": 1, "regularMarketChangePercent": 0.0, "regularMarketChange": 0.0, "regularMarketTime": "2021-04-29 14:10:59", "priceHint": 2, "regularMarketPrice": 55.55, "regularMarketDayHigh": 61.35, "regularMarketDayLow": 55.55, "regularMarketVolume": 125, "averageDailyVolume10Day": 0, "averageDailyVolume3Month": 168, "regularMarketPreviousClose": 55.55, "regularMarketSource": "FREE_REALTIME", "regularMarketOpen": 61.35, "exchange": "BSE", "exchangeName": "BSE", "exchangeDataDelayedBy": 0, "marketState": "CLOSED", "quoteType": "EQUITY", "symbol": "WIREFABR.BO", "underlyingSymbol": null, "shortName": "WIRES & FABRIKS (SA) LTD.", "longName": "Wires and Fabriks (S.A.) Limited", "currency": "INR", "quoteSourceName": "Delayed Quote", "currencySymbol": "\u20b9", "fromCurrency": null, "toCurrency": null, "lastMarket": null, "marketCap": 169774688}, "balanceSheetHistory": {"balanceSheetStatements": [{"maxAge": 1, "endDate": "2020-03-31", "cash": 11000524, "shortTermInvestments": 68000000, "netReceivables": 319140038, "inventory": 203211403, "otherCurrentAssets": 72314722, "totalCurrentAssets": 673666687, "propertyPlantEquipment": 457030352, "intangibleAssets": 1465988, "otherAssets": 20794553, "totalAssets": 1152957580, "accountsPayable": 105393030, "shortLongTermDebt": 66800000, "otherCurrentLiab": 83945506, "longTermDebt": 171827860, "otherLiab": 70046439, "totalCurrentLiabilities": 464608962, "totalLiab": 706483261, "commonStock": 30562500, "retainedEarnings": 381623679, "treasuryStock": 3725640, "capitalSurplus": 30562500, "otherStockholderEquity": 3725640, "totalStockholderEquity": 446474319, "netTangibleAssets": 445008331}, {"maxAge": 1, "endDate": "2019-03-31", "cash": 1886678, "netReceivables": 307739743, "inventory": 150481775, "otherCurrentAssets": 61814293, "totalCurrentAssets": 521922489, "propertyPlantEquipment": 481632564, "intangibleAssets": 3200651, "otherAssets": 25704717, "totalAssets": 1032460421, "accountsPayable": 58799387, "shortLongTermDebt": 66800000, "otherCurrentLiab": 79312877, "longTermDebt": 238627860, "otherLiab": 79211212, "totalCurrentLiabilities": 282257209, "totalLiab": 600096281, "commonStock": 30562500, "retainedEarnings": 367919796, "treasuryStock": 3319344, "capitalSurplus": 30562500, "otherStockholderEquity": 3319344, "totalStockholderEquity": 432364140, "netTangibleAssets": 429163489}, {"maxAge": 1, "endDate": "2018-03-31", "cash": 27552815, "netReceivables": 354923967, "inventory": 193679776, "otherCurrentAssets": 51208637, "totalCurrentAssets": 627365195, "propertyPlantEquipment": 541119652, "intangibleAssets": 4812743, "otherAssets": 8480488, "totalAssets": 1181778078, "accountsPayable": 100995784, "shortLongTermDebt": 52800000, "otherCurrentLiab": 77457763, "longTermDebt": 296356250, "otherLiab": 81987376, "totalCurrentLiabilities": 382163867, "totalLiab": 760507493, "commonStock": 30562500, "retainedEarnings": 357418699, "treasuryStock": 2726886, "capitalSurplus": 30562500, "otherStockholderEquity": 2726886, "totalStockholderEquity": 421270585, "netTangibleAssets": 416457842}, {"maxAge": 1, "endDate": "2017-03-31", "cash": 31588670, "netReceivables": 384971179, "inventory": 190672462, "otherCurrentAssets": 70600963, "totalCurrentAssets": 677833274, "longTermInvestments": 61640, "propertyPlantEquipment": 594938020, "intangibleAssets": 6842813, "otherAssets": 13316738, "totalAssets": 1292992485, "accountsPayable": 82517075, "shortLongTermDebt": 68366260, "otherCurrentLiab": 72028236, "longTermDebt": 334000000, "otherLiab": 63455595, "totalCurrentLiabilities": 481975127, "totalLiab": 879430722, "commonStock": 30562500, "retainedEarnings": 351231391, "treasuryStock": 1205372, "capitalSurplus": 30562500, "otherStockholderEquity": 1205372, "totalStockholderEquity": 413561763, "netTangibleAssets": 406718950}], "maxAge": 86400}, "earningsTrend": {"trend": [{"maxAge": 1, "period": "0q", "endDate": null, "growth": {}, "earningsEstimate": {"avg": 0.0, "low": 0.0, "high": 0.0, "yearAgoEps": {}, "numberOfAnalysts": 0, "growth": {}}, "revenueEstimate": {"avg": 0, "low": 0, "high": 0, "numberOfAnalysts": 0, "yearAgoRevenue": {}, "growth": {}}, "epsTrend": {"current": 0.0, "7daysAgo": 0.0, "30daysAgo": 0.0, "60daysAgo": 0.0, "90daysAgo": 0.0}, "epsRevisions": {"upLast7days": 0, "upLast30days": 0, "downLast30days": 0, "downLast90days": {}}}, {"maxAge": 1, "period": "+1q", "endDate": null, "growth": {}, "earningsEstimate": {"avg": 0.0, "low": 0.0, "high": 0.0, "yearAgoEps": {}, "numberOfAnalysts": 0, "growth": {}}, "revenueEstimate": {"avg": 0, "low": 0, "high": 0, "numberOfAnalysts": 0, "yearAgoRevenue": {}, "growth": {}}, "epsTrend": {"current": 0.0, "7daysAgo": 0.0, "30daysAgo": 0.0, "60daysAgo": 0.0, "90daysAgo": 0.0}, "epsRevisions": {"upLast7days": 0, "upLast30days": 0, "downLast30days": 0, "downLast90days": {}}}, {"maxAge": 1, "period": "0y", "endDate": null, "growth": {}, "earningsEstimate": {"avg": 0.0, "low": 0.0, "high": 0.0, "yearAgoEps": {}, "numberOfAnalysts": 0, "growth": {}}, "revenueEstimate": {"avg": 0, "low": 0, "high": 0, "numberOfAnalysts": 0, "yearAgoRevenue": {}, "growth": {}}, "epsTrend": {"current": 0.0, "7daysAgo": 0.0, "30daysAgo": 0.0, "60daysAgo": 0.0, "90daysAgo": 0.0}, "epsRevisions": {"upLast7days": 0, "upLast30days": 0, "downLast30days": 0, "downLast90days": {}}}, {"maxAge": 1, "period": "+1y", "endDate": null, "growth": {}, "earningsEstimate": {"avg": 0.0, "low": 0.0, "high": 0.0, "yearAgoEps": {}, "numberOfAnalysts": 0, "growth": {}}, "revenueEstimate": {"avg": 0, "low": 0, "high": 0, "numberOfAnalysts": 0, "yearAgoRevenue": {}, "growth": {}}, "epsTrend": {"current": 0.0, "7daysAgo": 0.0, "30daysAgo": 0.0, "60daysAgo": 0.0, "90daysAgo": 0.0}, "epsRevisions": {"upLast7days": 0, "upLast30days": 0, "downLast30days": 0, "downLast90days": {}}}, {"maxAge": 1, "period": "+5y", "endDate": null, "growth": {}, "earningsEstimate": {"avg": {}, "low": {}, "high": {}, "yearAgoEps": {}, "numberOfAnalysts": {}, "growth": {}}, "revenueEstimate": {"avg": {}, "low": {}, "high": {}, "numberOfAnalysts": {}, "yearAgoRevenue": {}, "growth": {}}, "epsTrend": {"current": {}, "7daysAgo": {}, "30daysAgo": {}, "60daysAgo": {}, "90daysAgo": {}}, "epsRevisions": {"upLast7days": {}, "upLast30days": {}, "downLast30days": {}, "downLast90days": {}}}, {"maxAge": 1, "period": "-5y", "endDate": null, "growth": {}, "earningsEstimate": {"avg": {}, "low": {}, "high": {}, "yearAgoEps": {}, "numberOfAnalysts": {}, "growth": {}}, "revenueEstimate": {"avg": {}, "low": {}, "high": {}, "numberOfAnalysts": {}, "yearAgoRevenue": {}, "growth": {}}, "epsTrend": {"current": {}, "7daysAgo": {}, "30daysAgo": {}, "60daysAgo": {}, "90daysAgo": {}}, "epsRevisions": {"upLast7days": {}, "upLast30days": {}, "downLast30days": {}, "downLast90days": {}}}], "maxAge": 1}, "financialData": {"maxAge": 86400, "currentPrice": 55.55, "targetHighPrice": 113.0, "targetLowPrice": 113.0, "targetMeanPrice": 113.0, "targetMedianPrice": 113.0, "recommendationKey": "none", "numberOfAnalystOpinions": 1, "grossProfits": 703198810, "financialCurrency": "INR"}}}