{"WORTH.NS": {"assetProfile": {"address1": "102, Sanskriti Apartment", "address2": "44, Saket Nagar", "city": "Indore", "zip": "452018", "country": "India", "phone": "91 73 1256 0267", "fax": "91 73 1256 0348", "website": "http://www.worthindia.com", "industry": "Packaging & Containers", "sector": "Consumer Cyclical", "longBusinessSummary": "Worth Peripherals Limited manufactures and sells corrugated boxes in India. The company offers regular slotted containers; die cut corrugated boxes/trays; multi-color corrugated boxes; and Z sleeve and I/honeycomb partitions. It serves clients in fast-moving consumer goods sector and textile industry. The company was incorporated in 1996 and is based in Indore, India.", "companyOfficers": [{"maxAge": 1, "name": "Mr. Raminder Singh Chadha", "age": 57, "title": "Chairman & MD", "yearBorn": 1963, "fiscalYear": 2020, "totalPay": 5400000, "exercisedValue": 0, "unexercisedValue": 0}, {"maxAge": 1, "name": "Mr. Mahesh Chandra Maheshwari", "age": 65, "title": "Chief Financial Officer", "yearBorn": 1955, "exercisedValue": 0, "unexercisedValue": 0}, {"maxAge": 1, "name": "Ms. Ayushi  Taunk", "title": "Company Sec. & Compliance Officer", "exercisedValue": 0, "unexercisedValue": 0}, {"maxAge": 1, "name": "Ms. AmarVeer Kaur Chadha", "age": 55, "title": "Whole Time Director", "yearBorn": 1965, "fiscalYear": 2020, "totalPay": 4800000, "exercisedValue": 0, "unexercisedValue": 0}, {"maxAge": 1, "name": "Mr. Jayvir Singh Chadha", "age": 31, "title": "Whole Time Director", "yearBorn": 1989, "fiscalYear": 2020, "totalPay": 3600000, "exercisedValue": 0, "unexercisedValue": 0}], "compensationAsOfEpochDate": "2020-12-31 05:30:00", "maxAge": 86400}, "cashflowStatementHistory": {"cashflowStatements": [{"maxAge": 1, "endDate": "2020-03-31", "netIncome": 153329000, "depreciation": 58727000, "changeToNetincome": -1314000, "changeToAccountReceivables": 1966000, "changeToLiabilities": 0, "changeToInventory": 13102000, "changeToOperatingActivities": -55837000, "totalCashFromOperatingActivities": 169973000, "capitalExpenditures": -322324000, "investments": -119059000, "otherCashflowsFromInvestingActivities": 8634000, "totalCashflowsFromInvestingActivities": -373858000, "dividendsPaid": -9251000, "netBorrowings": 114407000, "otherCashflowsFromFinancingActivities": -15111000, "totalCashFromFinancingActivities": 90045000, "changeInCash": -113840000}, {"maxAge": 1, "endDate": "2019-03-31", "netIncome": 130675437, "depreciation": 40969252, "changeToNetincome": -2931226, "changeToAccountReceivables": -37270667, "changeToLiabilities": 0, "changeToInventory": -3033899, "changeToOperatingActivities": -32147666, "totalCashFromOperatingActivities": 96261231, "capitalExpenditures": -20149039, "investments": -119059000, "otherCashflowsFromInvestingActivities": 7275364, "totalCashflowsFromInvestingActivities": -45640699, "dividendsPaid": -2423100, "netBorrowings": -44933945, "otherCashflowsFromFinancingActivities": -9819678, "totalCashFromFinancingActivities": -57176723, "changeInCash": -6556191}, {"maxAge": 1, "endDate": "2018-03-31", "netIncome": 74022056, "depreciation": 39832194, "changeToNetincome": 59557756, "changeToAccountReceivables": -17569087, "changeToLiabilities": 0, "changeToInventory": -34984081, "changeToOperatingActivities": -41505100, "totalCashFromOperatingActivities": 79353738, "capitalExpenditures": -71863909, "investments": -119059000, "otherCashflowsFromInvestingActivities": -10829198, "totalCashflowsFromInvestingActivities": -69981861, "dividendsPaid": -2423100, "netBorrowings": -65328920, "otherCashflowsFromFinancingActivities": -4182337, "totalCashFromFinancingActivities": 113281743, "changeInCash": 122653620, "issuanceOfStock": 182793000}, {"maxAge": 1, "endDate": "2017-03-31", "netIncome": 107008850, "depreciation": 37744435, "changeToNetincome": 6076550, "changeToAccountReceivables": 11328481, "changeToLiabilities": 0, "changeToInventory": -10904280, "changeToOperatingActivities": -55137635, "totalCashFromOperatingActivities": 96116401, "capitalExpenditures": -49860453, "investments": -119059000, "otherCashflowsFromInvestingActivities": 661393, "totalCashflowsFromInvestingActivities": -56697454, "dividendsPaid": -2423100, "netBorrowings": -45114863, "otherCashflowsFromFinancingActivities": -3779263, "totalCashFromFinancingActivities": -48894126, "changeInCash": -9475178, "issuanceOfStock": 182793000}], "maxAge": 86400}, "institutionOwnership": {"ownershipList": [], "maxAge": 1}, "majorHoldersBreakdown": {"maxAge": 1, "insidersPercentHeld": 0.0, "institutionsPercentHeld": 0.0, "institutionsFloatPercentHeld": 0.0, "institutionsCount": 0}, "balanceSheetHistoryQuarterly": {"balanceSheetStatements": [{"maxAge": 1, "endDate": "2020-12-31", "totalStockholderEquity": 1022624000, "netTangibleAssets": 1022624000}, {"maxAge": 1, "endDate": "2020-09-30", "cash": 229589000, "shortTermInvestments": 6224000, "netReceivables": 327121000, "inventory": 130884000, "otherCurrentAssets": 15320000, "totalCurrentAssets": 709138000, "propertyPlantEquipment": 822332000, "otherAssets": 8633000, "totalAssets": 1540103000, "accountsPayable": 126883000, "shortLongTermDebt": 4295000, "otherCurrentLiab": 26643000, "longTermDebt": 193861000, "otherLiab": 76068000, "minorityInterest": 84989000, "totalCurrentLiabilities": 162561000, "totalLiab": 432490000, "commonStock": 157510000, "treasuryStock": 865114000, "otherStockholderEquity": 865114000, "totalStockholderEquity": 1022624000, "netTangibleAssets": 1022624000}, {"maxAge": 1, "endDate": "2020-06-30", "totalStockholderEquity": 919642000, "netTangibleAssets": 919642000}, {"maxAge": 1, "endDate": "2019-12-31"}], "maxAge": 86400}, "indexTrend": {"maxAge": 1, "symbol": "SP5", "peRatio": 19.7411, "pegRatio": 1.34172, "estimates": [{"period": "0q", "growth": 0.549}, {"period": "+1q", "growth": 0.431}, {"period": "0y", "growth": 0.305}, {"period": "+1y", "growth": 0.109}, {"period": "+5y", "growth": 0.120865}, {"period": "-5y"}]}, "defaultKeyStatistics": {"maxAge": 1, "priceHint": 2, "enterpriseValue": 941982336, "profitMargins": 0.08455, "floatShares": 3371264, "sharesOutstanding": 15751000, "heldPercentInsiders": 0.0, "heldPercentInstitutions": 0.0, "beta": 0.377106, "category": null, "bookValue": 64.785, "priceToBook": 0.86980003, "fundFamily": null, "legalType": null, "lastFiscalYearEnd": "2020-03-31 05:30:00", "nextFiscalYearEnd": "2022-03-31 05:30:00", "mostRecentQuarter": "2020-12-31 05:30:00", "earningsQuarterlyGrowth": -0.099, "netIncomeToCommon": 165726000, "trailingEps": 9.603, "lastSplitFactor": null, "enterpriseToRevenue": 0.481, "enterpriseToEbitda": 3.372}, "summaryProfile": {"address1": "102, Sanskriti Apartment", "address2": "44, Saket Nagar", "city": "Indore", "zip": "452018", "country": "India", "phone": "91 73 1256 0267", "fax": "91 73 1256 0348", "website": "http://www.worthindia.com", "industry": "Packaging & Containers", "sector": "Consumer Cyclical", "longBusinessSummary": "Worth Peripherals Limited manufactures and sells corrugated boxes in India. The company offers regular slotted containers; die cut corrugated boxes/trays; multi-color corrugated boxes; and Z sleeve and I/honeycomb partitions. It serves clients in fast-moving consumer goods sector and textile industry. The company was incorporated in 1996 and is based in Indore, India.", "companyOfficers": [], "maxAge": 86400}, "netSharePurchaseActivity": {"maxAge": 1, "period": "6m", "buyInfoCount": 0, "buyInfoShares": 0, "sellInfoCount": 0, "netInfoCount": 0, "netInfoShares": 0, "totalInsiderShares": 0}, "quoteType": {"exchange": "NSI", "quoteType": "EQUITY", "symbol": "WORTH.NS", "underlyingSymbol": "WORTH.NS", "shortName": "Worth Peripherals Limited", "longName": "Worth Peripherals Limited", "firstTradeDateEpochUtc": "2017-09-27 09:15:00", "timeZoneFullName": "Asia/Kolkata", "timeZoneShortName": "IST", "uuid": "9dd69c46-2ef6-3fdf-a148-6762719d9446", "gmtOffSetMilliseconds": 19800000, "maxAge": 1}, "incomeStatementHistory": {"incomeStatementHistory": [{"maxAge": 1, "endDate": "2020-03-31", "totalRevenue": 1754827000, "costOfRevenue": 1180796000, "grossProfit": 574031000, "researchDevelopment": {}, "sellingGeneralAdministrative": 111116000, "nonRecurring": {}, "otherOperatingExpenses": 221490000, "totalOperatingExpenses": 1572129000, "operatingIncome": 182698000, "totalOtherIncomeExpenseNet": 16318000, "ebit": 182698000, "interestExpense": -21974000, "incomeBeforeTax": 199016000, "incomeTaxExpense": 45687000, "minorityInterest": 75114000, "netIncomeFromContinuingOps": 153329000, "discontinuedOperations": {}, "extraordinaryItems": {}, "effectOfAccountingCharges": {}, "otherItems": {}, "netIncome": 153329000, "netIncomeApplicableToCommonShares": 153329000}, {"maxAge": 1, "endDate": "2019-03-31", "totalRevenue": 1682135524, "costOfRevenue": 1168410703, "grossProfit": 513724821, "researchDevelopment": {}, "sellingGeneralAdministrative": 97219682, "nonRecurring": {}, "otherOperatingExpenses": 200425671, "totalOperatingExpenses": 1507025308, "operatingIncome": 175110216, "totalOtherIncomeExpenseNet": -2247996, "ebit": 175110216, "interestExpense": -9321603, "incomeBeforeTax": 172862220, "incomeTaxExpense": 42186783, "minorityInterest": 75114000, "netIncomeFromContinuingOps": 130675437, "discontinuedOperations": {}, "extraordinaryItems": {}, "effectOfAccountingCharges": {}, "otherItems": {}, "netIncome": 130675437, "netIncomeApplicableToCommonShares": 130675437}, {"maxAge": 1, "endDate": "2018-03-31", "totalRevenue": 1575060449, "costOfRevenue": 1079888148, "grossProfit": 495172301, "researchDevelopment": {}, "sellingGeneralAdministrative": 90566080, "nonRecurring": {}, "otherOperatingExpenses": 184619069, "totalOperatingExpenses": 1394905491, "operatingIncome": 180154958, "totalOtherIncomeExpenseNet": 11740687, "ebit": 180154958, "interestExpense": -11166312, "incomeBeforeTax": 191895645, "incomeTaxExpense": 117873589, "minorityInterest": 75114000, "netIncomeFromContinuingOps": 74022056, "discontinuedOperations": {}, "extraordinaryItems": {}, "effectOfAccountingCharges": {}, "otherItems": {}, "netIncome": 74022056, "netIncomeApplicableToCommonShares": 74022056}, {"maxAge": 1, "endDate": "2017-03-31", "totalRevenue": 1375724875, "costOfRevenue": 933859949, "grossProfit": 441864926, "researchDevelopment": {}, "sellingGeneralAdministrative": 82355638, "nonRecurring": {}, "otherOperatingExpenses": 201841726, "totalOperatingExpenses": 1255801748, "operatingIncome": 119923127, "totalOtherIncomeExpenseNet": 31093482, "ebit": 119923127, "interestExpense": -16471114, "incomeBeforeTax": 151016609, "incomeTaxExpense": 44007759, "minorityInterest": 75114000, "netIncomeFromContinuingOps": 107008850, "discontinuedOperations": {}, "extraordinaryItems": {}, "effectOfAccountingCharges": {}, "otherItems": {}, "netIncome": 107008850, "netIncomeApplicableToCommonShares": 107008850}], "maxAge": 86400}, "fundOwnership": {"ownershipList": [], "maxAge": 1}, "summaryDetail": {"maxAge": 1, "priceHint": 2, "previousClose": 56.5, "open": 55.95, "dayLow": 53.6, "dayHigh": 58.0, "regularMarketPreviousClose": 56.5, "regularMarketOpen": 55.95, "regularMarketDayLow": 53.6, "regularMarketDayHigh": 58.0, "dividendRate": 2.25, "dividendYield": 0.0444, "exDividendDate": "2020-11-20 05:30:00", "payoutRatio": 0.2284, "beta": 0.377106, "trailingPE": 5.867958, "volume": 33643, "regularMarketVolume": 33643, "averageVolume": 39852, "averageVolume10days": 10075, "averageDailyVolume10Day": 10075, "bid": 0.0, "ask": 0.0, "marketCap": 887568832, "fiftyTwoWeekLow": 29.75, "fiftyTwoWeekHigh": 69.25, "priceToSalesTrailing12Months": 0.45284215, "fiftyDayAverage": 55.27879, "twoHundredDayAverage": 50.103573, "trailingAnnualDividendRate": 2.25, "trailingAnnualDividendYield": 0.03982301, "currency": "INR", "fromCurrency": null, "lastMarket": null, "algorithm": null, "tradeable": false}, "incomeStatementHistoryQuarterly": {"incomeStatementHistory": [{"maxAge": 1, "endDate": "2020-12-31", "totalRevenue": 539366000, "costOfRevenue": 381394000, "grossProfit": 157972000, "researchDevelopment": {}, "sellingGeneralAdministrative": 32379000, "nonRecurring": {}, "otherOperatingExpenses": 63781000, "totalOperatingExpenses": 493848000, "operatingIncome": 45518000, "totalOtherIncomeExpenseNet": -5104000, "ebit": 45518000, "interestExpense": -8295000, "incomeBeforeTax": 40414000, "incomeTaxExpense": 11429000, "minorityInterest": {}, "netIncomeFromContinuingOps": 28985000, "discontinuedOperations": {}, "extraordinaryItems": {}, "effectOfAccountingCharges": {}, "otherItems": {}, "netIncome": 25201000, "netIncomeApplicableToCommonShares": 25201000}, {"maxAge": 1, "endDate": "2020-09-30", "totalRevenue": 531915000, "costOfRevenue": 357990000, "grossProfit": 173925000, "researchDevelopment": {}, "sellingGeneralAdministrative": 31840000, "nonRecurring": {}, "otherOperatingExpenses": 59583000, "totalOperatingExpenses": 465067000, "operatingIncome": 66848000, "totalOtherIncomeExpenseNet": 5601000, "ebit": 66848000, "interestExpense": -5796000, "incomeBeforeTax": 72449000, "incomeTaxExpense": 20671000, "minorityInterest": 84989000, "netIncomeFromContinuingOps": 51778000, "discontinuedOperations": {}, "extraordinaryItems": {}, "effectOfAccountingCharges": {}, "otherItems": {}, "netIncome": 43724000, "netIncomeApplicableToCommonShares": 43724000}, {"maxAge": 1, "endDate": "2020-06-30", "totalRevenue": 498367500, "costOfRevenue": 336405500, "grossProfit": 161962000, "researchDevelopment": {}, "sellingGeneralAdministrative": 29409500, "nonRecurring": {}, "otherOperatingExpenses": 58094500, "totalOperatingExpenses": 439576500, "operatingIncome": 58791000, "totalOtherIncomeExpenseNet": 23878000, "ebit": 58791000, "interestExpense": -6149500, "incomeBeforeTax": 82669000, "incomeTaxExpense": 25071500, "minorityInterest": 84989000, "netIncomeFromContinuingOps": 57597500, "discontinuedOperations": {}, "extraordinaryItems": {}, "effectOfAccountingCharges": {}, "otherItems": {}, "netIncome": 51541000, "netIncomeApplicableToCommonShares": 51541000}, {"maxAge": 1, "endDate": "2019-12-31", "totalRevenue": 420826000, "costOfRevenue": 280943000, "grossProfit": 139883000, "researchDevelopment": {}, "sellingGeneralAdministrative": 22950000, "nonRecurring": {}, "otherOperatingExpenses": 52688000, "totalOperatingExpenses": 374325000, "operatingIncome": 46501000, "totalOtherIncomeExpenseNet": -3425000, "ebit": 46501000, "interestExpense": -4002000, "incomeBeforeTax": 43076000, "incomeTaxExpense": 11915000, "minorityInterest": 84989000, "netIncomeFromContinuingOps": 31161000, "discontinuedOperations": {}, "extraordinaryItems": {}, "effectOfAccountingCharges": {}, "otherItems": {}, "netIncome": 27969000, "netIncomeApplicableToCommonShares": 27969000}], "maxAge": 86400}, "cashflowStatementHistoryQuarterly": {"cashflowStatements": [{"maxAge": 1, "endDate": "2020-12-31", "netIncome": 25201000, "changeToLiabilities": 0}, {"maxAge": 1, "endDate": "2020-09-30", "netIncome": 43724000, "depreciation": 15667000, "changeToNetincome": -3588000, "changeToAccountReceivables": -38651500, "changeToLiabilities": 0, "changeToInventory": 3176000, "changeToOperatingActivities": 11282500, "totalCashFromOperatingActivities": 39427000, "capitalExpenditures": -12688000, "investments": -54264500, "otherCashflowsFromInvestingActivities": 2593500, "totalCashflowsFromInvestingActivities": -37986500, "netBorrowings": 649500, "otherCashflowsFromFinancingActivities": -3156000, "totalCashFromFinancingActivities": -2506500, "changeInCash": -1066500}, {"maxAge": 1, "endDate": "2020-06-30", "netIncome": 51541000, "depreciation": 15667000, "changeToNetincome": -3588000, "changeToAccountReceivables": -38651500, "changeToLiabilities": 0, "changeToInventory": 3176000, "changeToOperatingActivities": 11282500, "totalCashFromOperatingActivities": 39427000, "capitalExpenditures": -12688000, "investments": -54264500, "otherCashflowsFromInvestingActivities": 2593500, "totalCashflowsFromInvestingActivities": -37986500, "netBorrowings": 649500, "otherCashflowsFromFinancingActivities": -3156000, "totalCashFromFinancingActivities": -2506500, "changeInCash": -1066500}, {"maxAge": 1, "endDate": "2019-12-31", "netIncome": 27969000, "depreciation": 15667000, "changeToNetincome": -3588000, "changeToAccountReceivables": -38651500, "changeToLiabilities": 0, "changeToInventory": 3176000, "changeToOperatingActivities": 11282500, "totalCashFromOperatingActivities": 39427000, "capitalExpenditures": -12688000, "investments": -54264500, "otherCashflowsFromInvestingActivities": 2593500, "totalCashflowsFromInvestingActivities": -37986500, "netBorrowings": 649500, "otherCashflowsFromFinancingActivities": -3156000, "totalCashFromFinancingActivities": -2506500, "changeInCash": -1066500}], "maxAge": 86400}, "insiderHolders": {"holders": [], "maxAge": 1}, "calendarEvents": {"maxAge": 1, "earnings": {"earningsDate": []}, "exDividendDate": "2020-11-20 05:30:00"}, "upgradeDowngradeHistory": {"history": [], "maxAge": 86400}, "price": {"maxAge": 1, "regularMarketChangePercent": -0.0026548943, "regularMarketChange": -0.15000153, "regularMarketTime": "2021-04-30 15:29:35", "priceHint": 2, "regularMarketPrice": 56.35, "regularMarketDayHigh": 58.0, "regularMarketDayLow": 53.6, "regularMarketVolume": 33643, "averageDailyVolume10Day": 10075, "averageDailyVolume3Month": 39852, "regularMarketPreviousClose": 56.5, "regularMarketSource": "FREE_REALTIME", "regularMarketOpen": 55.95, "exchange": "NSI", "exchangeName": "NSE", "exchangeDataDelayedBy": 15, "marketState": "CLOSED", "quoteType": "EQUITY", "symbol": "WORTH.NS", "underlyingSymbol": null, "shortName": "Worth Peripherals Limited", "longName": "Worth Peripherals Limited", "currency": "INR", "quoteSourceName": "Delayed Quote", "currencySymbol": "\u20b9", "fromCurrency": null, "lastMarket": null, "marketCap": 887568832}, "balanceSheetHistory": {"balanceSheetStatements": [{"maxAge": 1, "endDate": "2020-03-31", "cash": 123214000, "shortTermInvestments": 4139000, "netReceivables": 251186000, "inventory": 137236000, "otherCurrentAssets": 40380000, "totalCurrentAssets": 556155000, "propertyPlantEquipment": 828439000, "otherAssets": 6748000, "totalAssets": 1391342000, "accountsPayable": 108165000, "shortLongTermDebt": 2823000, "otherCurrentLiab": 17562000, "longTermDebt": 193049000, "otherLiab": 72963000, "minorityInterest": 75114000, "totalCurrentLiabilities": 130574000, "totalLiab": 396586000, "commonStock": 157510000, "treasuryStock": 762132000, "otherStockholderEquity": 762132000, "totalStockholderEquity": 919642000, "netTangibleAssets": 919642000}, {"maxAge": 1, "endDate": "2019-03-31", "cash": 117784920, "netReceivables": 205434595, "inventory": 135791002, "otherCurrentAssets": 25457458, "totalCurrentAssets": 484467975, "propertyPlantEquipment": 503239239, "otherAssets": 38981827, "totalAssets": 1026689041, "accountsPayable": 110307426, "shortLongTermDebt": 7472295, "otherCurrentLiab": 3119180, "longTermDebt": 53262120, "otherLiab": 56157735, "totalCurrentLiabilities": 130778370, "totalLiab": 240198225, "commonStock": 157510000, "retainedEarnings": 504510466, "capitalSurplus": 124470350, "totalStockholderEquity": 786490816, "netTangibleAssets": 786490816}, {"maxAge": 1, "endDate": "2018-03-31", "cash": 124341112, "netReceivables": 169581441, "inventory": 132757103, "otherCurrentAssets": 41225151, "totalCurrentAssets": 467904807, "propertyPlantEquipment": 524423627, "otherAssets": 5802657, "totalAssets": 998131091, "accountsPayable": 103695192, "shortLongTermDebt": 19115966, "otherCurrentLiab": 20472999, "longTermDebt": 98196065, "otherLiab": 60934298, "totalCurrentLiabilities": 180264173, "totalLiab": 339394536, "commonStock": 157510000, "retainedEarnings": 376756205, "capitalSurplus": 124470350, "totalStockholderEquity": 658736555, "netTangibleAssets": 658736555}, {"maxAge": 1, "endDate": "2017-03-31", "cash": 1687493, "netReceivables": 150594841, "inventory": 97773022, "otherCurrentAssets": 32228990, "totalCurrentAssets": 282284346, "propertyPlantEquipment": 493169164, "otherAssets": 19031025, "totalAssets": 794484535, "accountsPayable": 116327751, "shortLongTermDebt": 26025651, "otherCurrentLiab": 21355408, "longTermDebt": 163524985, "otherLiab": 1626859, "totalCurrentLiabilities": 211598542, "totalLiab": 376750386, "commonStock": 115000000, "retainedEarnings": 302734149, "totalStockholderEquity": 417734149, "netTangibleAssets": 417734149}], "maxAge": 86400}, "financialData": {"maxAge": 86400, "currentPrice": 56.35, "recommendationKey": "none", "totalCash": 235812992, "totalCashPerShare": 14.972, "ebitda": 279375488, "totalDebt": 202896000, "totalRevenue": 1959996032, "debtToEquity": 18.318, "revenuePerShare": 113.57, "grossProfits": 574031000, "earningsGrowth": -0.101, "revenueGrowth": 0.282, "grossMargins": 0.32237, "ebitdaMargins": 0.14254, "operatingMargins": 0.10722999, "profitMargins": 0.08455, "financialCurrency": "INR"}}}