{"WPIL.BO": {"recommendationTrend": {"trend": [{"period": "0m", "strongBuy": 0, "buy": 0, "hold": 0, "sell": 0, "strongSell": 0}, {"period": "-1m", "strongBuy": 0, "buy": 0, "hold": 0, "sell": 0, "strongSell": 0}, {"period": "-2m", "strongBuy": 0, "buy": 0, "hold": 0, "sell": 0, "strongSell": 0}, {"period": "-3m", "strongBuy": 0, "buy": 0, "hold": 0, "sell": 0, "strongSell": 0}], "maxAge": 86400}, "cashflowStatementHistory": {"cashflowStatements": [{"maxAge": 1, "endDate": "2020-03-31", "netIncome": 562155000, "depreciation": 329029000, "changeToNetincome": 204026000, "changeToAccountReceivables": 67843000, "changeToLiabilities": -311094000, "changeToInventory": -379457000, "changeToOperatingActivities": 27996000, "totalCashFromOperatingActivities": 546983000, "capitalExpenditures": -1198805000, "investments": -67678000, "otherCashflowsFromInvestingActivities": 38693000, "totalCashflowsFromInvestingActivities": -2865697000, "dividendsPaid": -73253000, "netBorrowings": 2276925000, "otherCashflowsFromFinancingActivities": -211151000, "totalCashFromFinancingActivities": 1992521000, "effectOfExchangeRate": -133249000, "changeInCash": -417618000}, {"maxAge": 1, "endDate": "2019-03-31", "netIncome": 1256993000, "depreciation": 163457000, "changeToNetincome": 741817000, "changeToAccountReceivables": 131681000, "changeToLiabilities": -599409000, "changeToInventory": -25400000, "changeToOperatingActivities": -288538000, "totalCashFromOperatingActivities": 1411337000, "capitalExpenditures": -178495000, "investments": -73705000, "otherCashflowsFromInvestingActivities": 77642000, "totalCashflowsFromInvestingActivities": -244044000, "dividendsPaid": -39068000, "netBorrowings": -353798000, "otherCashflowsFromFinancingActivities": -141718000, "totalCashFromFinancingActivities": -534584000, "effectOfExchangeRate": -100031000, "changeInCash": 532678000}, {"maxAge": 1, "endDate": "2018-03-31", "netIncome": 400781000, "depreciation": 131649000, "changeToNetincome": 256472000, "changeToAccountReceivables": -711447000, "changeToLiabilities": 445568000, "changeToInventory": -396806000, "changeToOperatingActivities": 1599514000, "totalCashFromOperatingActivities": 1815469000, "capitalExpenditures": -123705000, "investments": 3990000, "otherCashflowsFromInvestingActivities": 13462000, "totalCashflowsFromInvestingActivities": -363301000, "dividendsPaid": -23404000, "netBorrowings": -992257000, "otherCashflowsFromFinancingActivities": -227782000, "totalCashFromFinancingActivities": -1243443000, "effectOfExchangeRate": -135434000, "changeInCash": 73291000}, {"maxAge": 1, "endDate": "2017-03-31", "netIncome": 71003000, "depreciation": 153867000, "changeToNetincome": 119887000, "changeToAccountReceivables": -51015000, "changeToLiabilities": 246145000, "changeToInventory": 46395000, "changeToOperatingActivities": -16008000, "totalCashFromOperatingActivities": 633481000, "capitalExpenditures": -129000000, "investments": -3113000, "otherCashflowsFromInvestingActivities": 10180000, "totalCashflowsFromInvestingActivities": -113842000, "dividendsPaid": -19534000, "netBorrowings": -595791000, "otherCashflowsFromFinancingActivities": -109676000, "totalCashFromFinancingActivities": -725001000, "effectOfExchangeRate": 140022000, "changeInCash": -65340000}], "maxAge": 86400}, "institutionOwnership": {"maxAge": 1, "ownershipList": []}, "balanceSheetHistoryQuarterly": {"balanceSheetStatements": [{"maxAge": 1, "endDate": "2020-06-30", "totalStockholderEquity": 4536371000, "netTangibleAssets": 3625984000}, {"maxAge": 1, "endDate": "2020-03-31", "cash": 422842000, "shortTermInvestments": 85578000, "netReceivables": 4336261000, "inventory": 2586124000, "otherCurrentAssets": 804164000, "totalCurrentAssets": 8234969000, "longTermInvestments": 128256000, "propertyPlantEquipment": 3593052000, "goodWill": 475836000, "intangibleAssets": 395283000, "otherAssets": 1269636000, "deferredLongTermAssetCharges": 70655000, "totalAssets": 14097032000, "accountsPayable": 2244293000, "shortLongTermDebt": 188591000, "otherCurrentLiab": 2146120000, "longTermDebt": 1865616000, "otherLiab": 470279000, "deferredLongTermLiab": 39268000, "minorityInterest": 276526000, "totalCurrentLiabilities": 6734202000, "totalLiab": 9284135000, "commonStock": 97671000, "retainedEarnings": 3463735000, "treasuryStock": -13955000, "capitalSurplus": 988920000, "otherStockholderEquity": -13955000, "totalStockholderEquity": 4536371000, "netTangibleAssets": 3665252000}, {"maxAge": 1, "endDate": "2019-12-31", "totalStockholderEquity": 4189616000, "netTangibleAssets": 3383858000}, {"maxAge": 1, "endDate": "2019-09-30", "cash": 520365000, "netReceivables": 3921926000, "inventory": 2224975000, "otherCurrentAssets": 718702000, "totalCurrentAssets": 7385968000, "longTermInvestments": 145375000, "propertyPlantEquipment": 2360918000, "goodWill": 732146000, "intangibleAssets": 73612000, "otherAssets": 1541740000, "deferredLongTermAssetCharges": 275569000, "totalAssets": 12239759000, "accountsPayable": 2008235000, "otherCurrentLiab": 2745480000, "longTermDebt": 1299220000, "otherLiab": 413402000, "minorityInterest": 260275000, "totalCurrentLiabilities": 6077246000, "totalLiab": 7789868000, "commonStock": 97671000, "treasuryStock": 4091945000, "otherStockholderEquity": 4091945000, "totalStockholderEquity": 4189616000, "netTangibleAssets": 3383858000}], "maxAge": 86400}, "earningsHistory": {"history": [{"maxAge": 1, "epsActual": {}, "epsEstimate": {}, "epsDifference": {}, "surprisePercent": {}, "quarter": {}, "period": "-4q"}, {"maxAge": 1, "epsActual": {}, "epsEstimate": {}, "epsDifference": {}, "surprisePercent": {}, "quarter": {}, "period": "-3q"}, {"maxAge": 1, "epsActual": {}, "epsEstimate": {}, "epsDifference": {}, "surprisePercent": {}, "quarter": {}, "period": "-2q"}, {"maxAge": 1, "epsActual": 24.76, "epsEstimate": 23.1, "epsDifference": 1.66, "surprisePercent": 0.072, "quarter": "2018-06-30", "period": "-1q"}], "maxAge": 86400}, "indexTrend": {"maxAge": 1, "symbol": "SP5", "peRatio": 19.7411, "pegRatio": 1.34172, "estimates": [{"period": "0q", "growth": 0.549}, {"period": "+1q", "growth": 0.431}, {"period": "0y", "growth": 0.305}, {"period": "+1y", "growth": 0.109}, {"period": "+5y", "growth": 0.120859005}, {"period": "-5y"}]}, "industryTrend": {"maxAge": 1, "symbol": null, "estimates": []}, "insiderTransactions": {"transactions": [{"maxAge": 1, "shares": 18269, "value": 108815, "filerUrl": "", "transactionText": "Acquisition at price 5.96 per share.", "filerName": "Agarwal (Prakash)", "filerRelation": "Promoter", "moneyText": "", "startDate": "2020-09-30", "ownership": "D"}, {"maxAge": 1, "shares": 11000, "value": 65952, "filerUrl": "", "transactionText": "Acquisition at price 6.00 per share.", "filerName": "Agarwal (Ritu)", "filerRelation": "UNREPORTED", "moneyText": "", "startDate": "2020-09-30", "ownership": "D"}, {"maxAge": 1, "shares": 10000, "value": 58848, "filerUrl": "", "transactionText": "Acquisition at price 5.88 per share.", "filerName": "Agarwal (Rohan)", "filerRelation": "Promoter", "moneyText": "", "startDate": "2020-09-29", "ownership": "D"}, {"maxAge": 1, "shares": 12000, "value": 69124, "filerUrl": "", "transactionText": "Acquisition at price 5.76 per share.", "filerName": "Prakash Agarwal & Son (HUF)", "filerRelation": "UNREPORTED", "moneyText": "", "startDate": "2020-09-28", "ownership": "D"}, {"maxAge": 1, "shares": 24000, "value": 134517, "filerUrl": "", "transactionText": "Acquisition at price 5.60 per share.", "filerName": "Agarwal (Premlata)", "filerRelation": "UNREPORTED", "moneyText": "", "startDate": "2020-09-25", "ownership": "D"}, {"maxAge": 1, "shares": 0, "filerUrl": "", "transactionText": "", "filerName": "Agarwal (Prakash)", "filerRelation": "Managing Director", "moneyText": "", "startDate": "2020-03-26", "ownership": "I"}, {"maxAge": 1, "shares": 3888, "filerUrl": "", "transactionText": "", "filerName": "Agarwal (Prakash)", "filerRelation": "Managing Director", "moneyText": "", "startDate": "2020-03-25", "ownership": "D"}, {"maxAge": 1, "shares": 32983, "filerUrl": "", "transactionText": "", "filerName": "V N Enterprises Ltd", "filerRelation": "Promoter", "moneyText": "", "startDate": "2019-12-27", "ownership": "D"}, {"maxAge": 1, "shares": 17663, "filerUrl": "", "transactionText": "", "filerName": "V N Enterprises Ltd", "filerRelation": "Promoter", "moneyText": "", "startDate": "2019-12-24", "ownership": "D"}], "maxAge": 1}, "quoteType": {"exchange": "BSE", "quoteType": "EQUITY", "symbol": "WPIL.BO", "underlyingSymbol": "WPIL.BO", "shortName": "WPIL LTD.", "longName": "WPIL Limited", "firstTradeDateEpochUtc": "2002-03-22 09:15:00", "timeZoneFullName": "Asia/Kolkata", "timeZoneShortName": "IST", "uuid": "b98bbdc0-927f-3d28-bdf1-651e55f09123", "messageBoardId": null, "gmtOffSetMilliseconds": 19800000, "maxAge": 1}, "incomeStatementHistory": {"incomeStatementHistory": [{"maxAge": 1, "endDate": "2020-03-31", "totalRevenue": 9088872000, "costOfRevenue": 4038245000, "grossProfit": 5050627000, "researchDevelopment": {}, "sellingGeneralAdministrative": 1968620000, "nonRecurring": {}, "otherOperatingExpenses": 1802827000, "totalOperatingExpenses": 8276872000, "operatingIncome": 812000000, "totalOtherIncomeExpenseNet": -40667000, "ebit": 812000000, "interestExpense": -120176000, "incomeBeforeTax": 771333000, "incomeTaxExpense": 232950000, "minorityInterest": 276526000, "netIncomeFromContinuingOps": 538383000, "discontinuedOperations": {}, "extraordinaryItems": {}, "effectOfAccountingCharges": {}, "otherItems": {}, "netIncome": 562155000, "netIncomeApplicableToCommonShares": 562155000}, {"maxAge": 1, "endDate": "2019-03-31", "totalRevenue": 11564682000, "costOfRevenue": 5302555000, "grossProfit": 6262127000, "researchDevelopment": {}, "sellingGeneralAdministrative": 1805097000, "nonRecurring": {}, "otherOperatingExpenses": 2004002000, "totalOperatingExpenses": 9416190000, "operatingIncome": 2148492000, "totalOtherIncomeExpenseNet": 80279000, "ebit": 2148492000, "interestExpense": -75755000, "incomeBeforeTax": 2228771000, "incomeTaxExpense": 655519000, "minorityInterest": 308912000, "netIncomeFromContinuingOps": 1573252000, "discontinuedOperations": {}, "extraordinaryItems": {}, "effectOfAccountingCharges": {}, "otherItems": {}, "netIncome": 1256993000, "netIncomeApplicableToCommonShares": 1256993000}, {"maxAge": 1, "endDate": "2018-03-31", "totalRevenue": 8448811000, "costOfRevenue": 4060485000, "grossProfit": 4388326000, "researchDevelopment": {}, "sellingGeneralAdministrative": 1867007000, "nonRecurring": {}, "otherOperatingExpenses": 1375573000, "totalOperatingExpenses": 7623691000, "operatingIncome": 825120000, "totalOtherIncomeExpenseNet": -137792000, "ebit": 825120000, "interestExpense": -142649000, "incomeBeforeTax": 687328000, "incomeTaxExpense": 330674000, "minorityInterest": 38365000, "netIncomeFromContinuingOps": 356654000, "discontinuedOperations": {}, "extraordinaryItems": {}, "effectOfAccountingCharges": {}, "otherItems": {}, "netIncome": 400781000, "netIncomeApplicableToCommonShares": 400781000}, {"maxAge": 1, "endDate": "2017-03-31", "totalRevenue": 7084159000, "costOfRevenue": 3483875000, "grossProfit": 3600284000, "researchDevelopment": {}, "sellingGeneralAdministrative": 1827280000, "nonRecurring": {}, "otherOperatingExpenses": 1149304000, "totalOperatingExpenses": 6697996000, "operatingIncome": 386163000, "totalOtherIncomeExpenseNet": -283301000, "ebit": 386163000, "interestExpense": -233219000, "incomeBeforeTax": 102862000, "incomeTaxExpense": 121792000, "minorityInterest": 90169000, "netIncomeFromContinuingOps": -18930000, "discontinuedOperations": {}, "extraordinaryItems": {}, "effectOfAccountingCharges": {}, "otherItems": {}, "netIncome": 71003000, "netIncomeApplicableToCommonShares": 71003000}], "maxAge": 86400}, "fundOwnership": {"maxAge": 1, "ownershipList": []}, "summaryDetail": {"maxAge": 1, "priceHint": 2, "previousClose": 629.1, "open": 629.1, "dayLow": 615.0, "dayHigh": 644.0, "regularMarketPreviousClose": 629.1, "regularMarketOpen": 629.1, "regularMarketDayLow": 615.0, "regularMarketDayHigh": 644.0, "trailingPE": 9.997078, "forwardPE": 6.2398663, "volume": 4824, "regularMarketVolume": 4824, "averageVolume": 13781, "averageVolume10days": 7255, "averageDailyVolume10Day": 7255, "bid": 616.0, "ask": 617.0, "bidSize": 0, "askSize": 0, "marketCap": 6014079488, "fiftyTwoWeekLow": 217.55, "fiftyTwoWeekHigh": 685.0, "fiftyDayAverage": 603.47144, "twoHundredDayAverage": 502.8573, "trailingAnnualDividendRate": 7.5, "trailingAnnualDividendYield": 0.011921793, "currency": "INR", "fromCurrency": null, "toCurrency": null, "lastMarket": null, "algorithm": null, "tradeable": false}, "sectorTrend": {"maxAge": 1, "symbol": null, "estimates": []}, "incomeStatementHistoryQuarterly": {"incomeStatementHistory": [{"maxAge": 1, "endDate": "2020-06-30", "totalRevenue": 2019784000, "costOfRevenue": 1024290000, "grossProfit": 995494000, "researchDevelopment": {}, "sellingGeneralAdministrative": 423116000, "nonRecurring": {}, "otherOperatingExpenses": 373906000, "totalOperatingExpenses": 1891917000, "operatingIncome": 127867000, "totalOtherIncomeExpenseNet": -30381000, "ebit": 127867000, "interestExpense": -55921000, "incomeBeforeTax": 97486000, "incomeTaxExpense": 37551000, "minorityInterest": {}, "netIncomeFromContinuingOps": 59935000, "discontinuedOperations": {}, "extraordinaryItems": {}, "effectOfAccountingCharges": {}, "otherItems": {}, "netIncome": 65901000, "netIncomeApplicableToCommonShares": 65901000}, {"maxAge": 1, "endDate": "2020-03-31", "totalRevenue": 2830731000, "costOfRevenue": 1209770000, "grossProfit": 1620961000, "researchDevelopment": {}, "sellingGeneralAdministrative": 600029000, "nonRecurring": {}, "otherOperatingExpenses": 377299000, "totalOperatingExpenses": 2369106000, "operatingIncome": 461625000, "totalOtherIncomeExpenseNet": -29010000, "ebit": 461625000, "interestExpense": -55921000, "incomeBeforeTax": 432615000, "incomeTaxExpense": 142385000, "minorityInterest": 276526000, "netIncomeFromContinuingOps": 290230000, "discontinuedOperations": {}, "extraordinaryItems": {}, "effectOfAccountingCharges": {}, "otherItems": {}, "netIncome": 249038000, "netIncomeApplicableToCommonShares": 249038000}, {"maxAge": 1, "endDate": "2019-12-31", "totalRevenue": 2009762000, "costOfRevenue": 869396000, "grossProfit": 1140366000, "researchDevelopment": {}, "sellingGeneralAdministrative": 438185000, "nonRecurring": {}, "otherOperatingExpenses": 472917000, "totalOperatingExpenses": 1898908000, "operatingIncome": 110854000, "totalOtherIncomeExpenseNet": 51817000, "ebit": 110854000, "interestExpense": -55480000, "incomeBeforeTax": 162671000, "incomeTaxExpense": 76460000, "minorityInterest": 276526000, "netIncomeFromContinuingOps": 86211000, "discontinuedOperations": {}, "extraordinaryItems": {}, "effectOfAccountingCharges": {}, "otherItems": {}, "netIncome": 106154000, "netIncomeApplicableToCommonShares": 106154000}, {"maxAge": 1, "endDate": "2019-09-30", "totalRevenue": 2282921000, "costOfRevenue": 1067030000, "grossProfit": 1215891000, "researchDevelopment": {}, "sellingGeneralAdministrative": 440351000, "nonRecurring": {}, "otherOperatingExpenses": 455447000, "totalOperatingExpenses": 2044778000, "operatingIncome": 238143000, "totalOtherIncomeExpenseNet": -28229000, "ebit": 238143000, "interestExpense": -40506000, "incomeBeforeTax": 209914000, "incomeTaxExpense": -3891000, "minorityInterest": 260275000, "netIncomeFromContinuingOps": 213805000, "discontinuedOperations": {}, "extraordinaryItems": {}, "effectOfAccountingCharges": {}, "otherItems": {}, "netIncome": 180160000, "netIncomeApplicableToCommonShares": 180160000}], "maxAge": 86400}, "cashflowStatementHistoryQuarterly": {"cashflowStatements": [{"maxAge": 1, "endDate": "2020-06-30", "netIncome": 65901000, "changeToLiabilities": 0}, {"maxAge": 1, "endDate": "2020-03-31", "netIncome": 249038000, "changeToLiabilities": 0}, {"maxAge": 1, "endDate": "2019-12-31", "netIncome": 106154000, "changeToLiabilities": 0}, {"maxAge": 1, "endDate": "2019-09-30", "netIncome": 180160000, "changeToLiabilities": 0}], "maxAge": 86400}, "insiderHolders": {"holders": [{"maxAge": 1, "name": "Agarwal (Prakash)", "relation": "Promoter", "url": "", "transactionDescription": "Acquisition", "latestTransDate": "2020-09-30", "positionDirect": 220000, "positionDirectDate": "2020-09-30"}, {"maxAge": 1, "name": "Agarwal (Premlata)", "relation": "UNREPORTED", "url": "", "transactionDescription": "Acquisition", "latestTransDate": "2020-09-25", "positionDirect": 24000, "positionDirectDate": "2020-09-25"}, {"maxAge": 1, "name": "Agarwal (Ritu)", "relation": "UNREPORTED", "url": "", "transactionDescription": "Acquisition", "latestTransDate": "2020-09-30", "positionDirect": 11000, "positionDirectDate": "2020-09-30"}, {"maxAge": 1, "name": "Agarwal (Rohan)", "relation": "Promoter", "url": "", "transactionDescription": "Acquisition", "latestTransDate": "2020-09-29", "positionDirect": 10000, "positionDirectDate": "2020-09-29"}, {"maxAge": 1, "name": "Prakash Agarwal & Son (HUF)", "relation": "UNREPORTED", "url": "", "transactionDescription": "Acquisition", "latestTransDate": "2020-09-28", "positionDirect": 12000, "positionDirectDate": "2020-09-28"}, {"maxAge": 1, "name": "V N Enterprises Ltd", "relation": "Promoter", "url": "", "transactionDescription": "Acquisition", "latestTransDate": "2019-12-27", "positionDirect": 805998, "positionDirectDate": "2019-12-27"}], "maxAge": 1}, "earnings": {"maxAge": 86400, "earningsChart": {"quarterly": [{"date": "2Q2018", "actual": 24.76, "estimate": 23.1}], "currentQuarterEstimateDate": "3Q", "currentQuarterEstimateYear": 2018, "earningsDate": ["2020-11-14 05:30:S", "2020-11-15 05:30:S"]}, "financialsChart": {"yearly": [{"date": 2017, "revenue": 7084159000, "earnings": 71003000}, {"date": 2018, "revenue": 8448811000, "earnings": 400781000}, {"date": 2019, "revenue": 11564682000, "earnings": 1256993000}, {"date": 2020, "revenue": 9088872000, "earnings": 562155000}], "quarterly": [{"date": "3Q2019", "revenue": 2282921000, "earnings": 180160000}, {"date": "4Q2019", "revenue": 2009762000, "earnings": 106154000}, {"date": "1Q2020", "revenue": 2830731000, "earnings": 249038000}, {"date": "2Q2020", "revenue": 2019784000, "earnings": 65901000}]}, "financialCurrency": "INR"}, "calendarEvents": {"maxAge": 1, "earnings": {"earningsDate": ["2020-11-14 05:30:S", "2020-11-15 05:30:S"]}}, "price": {"maxAge": 1, "regularMarketChangePercent": -0.021220753, "regularMarketChange": -13.349976, "regularMarketTime": "2021-04-30 15:29:54", "priceHint": 2, "regularMarketPrice": 615.75, "regularMarketDayHigh": 644.0, "regularMarketDayLow": 615.0, "regularMarketVolume": 4824, "averageDailyVolume10Day": 7255, "averageDailyVolume3Month": 13781, "regularMarketPreviousClose": 629.1, "regularMarketSource": "FREE_REALTIME", "regularMarketOpen": 629.1, "exchange": "BSE", "exchangeName": "BSE", "exchangeDataDelayedBy": 0, "marketState": "CLOSED", "quoteType": "EQUITY", "symbol": "WPIL.BO", "underlyingSymbol": null, "shortName": "WPIL LTD.", "longName": "WPIL Limited", "currency": "INR", "quoteSourceName": "Delayed Quote", "currencySymbol": "\u20b9", "fromCurrency": null, "toCurrency": null, "lastMarket": null, "marketCap": 6014079488}, "balanceSheetHistory": {"balanceSheetStatements": [{"maxAge": 1, "endDate": "2020-03-31", "cash": 422842000, "shortTermInvestments": 85578000, "netReceivables": 4336261000, "inventory": 2586124000, "otherCurrentAssets": 804164000, "totalCurrentAssets": 8234969000, "longTermInvestments": 128256000, "propertyPlantEquipment": 3593052000, "goodWill": 475836000, "intangibleAssets": 395283000, "otherAssets": 1269636000, "deferredLongTermAssetCharges": 70655000, "totalAssets": 14097032000, "accountsPayable": 2244293000, "shortLongTermDebt": 188591000, "otherCurrentLiab": 2146120000, "longTermDebt": 1865616000, "otherLiab": 470279000, "deferredLongTermLiab": 39268000, "minorityInterest": 276526000, "totalCurrentLiabilities": 6734202000, "totalLiab": 9284135000, "commonStock": 97671000, "retainedEarnings": 3463735000, "treasuryStock": -13955000, "capitalSurplus": 988920000, "otherStockholderEquity": -13955000, "totalStockholderEquity": 4536371000, "netTangibleAssets": 3665252000}, {"maxAge": 1, "endDate": "2019-03-31", "cash": 840460000, "shortTermInvestments": 75818000, "netReceivables": 3629206000, "inventory": 1961569000, "otherCurrentAssets": 721414000, "totalCurrentAssets": 7228467000, "longTermInvestments": 140940000, "propertyPlantEquipment": 1289192000, "goodWill": 378332000, "intangibleAssets": 22631000, "otherAssets": 1444145000, "deferredLongTermAssetCharges": 68287000, "totalAssets": 10503707000, "accountsPayable": 2157235000, "shortLongTermDebt": 162372000, "otherCurrentLiab": 2181315000, "longTermDebt": 228644000, "otherLiab": 245895000, "deferredLongTermLiab": 74255000, "minorityInterest": 308912000, "totalCurrentLiabilities": 5648321000, "totalLiab": 6122860000, "commonStock": 97671000, "retainedEarnings": 2994406000, "treasuryStock": -9062000, "capitalSurplus": 988920000, "otherStockholderEquity": -9062000, "totalStockholderEquity": 4071935000, "netTangibleAssets": 3670972000}, {"maxAge": 1, "endDate": "2018-03-31", "cash": 307782000, "netReceivables": 4153828000, "inventory": 1936169000, "otherCurrentAssets": 696476000, "totalCurrentAssets": 7094255000, "longTermInvestments": 133324000, "propertyPlantEquipment": 1369016000, "goodWill": 378332000, "intangibleAssets": 54391000, "otherAssets": 942519000, "deferredLongTermAssetCharges": 94627000, "totalAssets": 9971837000, "accountsPayable": 1925651000, "shortLongTermDebt": 184171000, "otherCurrentLiab": 2959683000, "longTermDebt": 233456000, "otherLiab": 214313000, "deferredLongTermLiab": 20942000, "minorityInterest": 38365000, "totalCurrentLiabilities": 6552376000, "totalLiab": 7000145000, "commonStock": 97671000, "retainedEarnings": 1807560000, "treasuryStock": 39176000, "capitalSurplus": 988920000, "otherStockholderEquity": 39176000, "totalStockholderEquity": 2933327000, "netTangibleAssets": 2500604000}, {"maxAge": 1, "endDate": "2017-03-31", "cash": 234491000, "shortTermInvestments": 7380000, "netReceivables": 3124159000, "inventory": 1939199000, "otherCurrentAssets": 297763000, "totalCurrentAssets": 5602992000, "longTermInvestments": 135707000, "propertyPlantEquipment": 1301015000, "goodWill": 378332000, "intangibleAssets": 31567000, "otherAssets": 607688000, "deferredLongTermAssetCharges": 63604000, "totalAssets": 8057301000, "accountsPayable": 1500138000, "shortLongTermDebt": 378251000, "otherCurrentLiab": 722808000, "longTermDebt": 954082000, "otherLiab": 192764000, "deferredLongTermLiab": 115570000, "minorityInterest": 90169000, "totalCurrentLiabilities": 4234442000, "totalLiab": 5381288000, "commonStock": 97671000, "retainedEarnings": 1431763000, "treasuryStock": 67490000, "capitalSurplus": 988920000, "otherStockholderEquity": 67490000, "totalStockholderEquity": 2585844000, "netTangibleAssets": 2175945000}], "maxAge": 86400}, "earningsTrend": {"trend": [{"maxAge": 1, "period": "0q", "endDate": "2018-09-30", "growth": {}, "earningsEstimate": {"avg": 0.0, "low": 0.0, "high": 0.0, "yearAgoEps": {}, "numberOfAnalysts": 0, "growth": {}}, "revenueEstimate": {"avg": 0, "low": 0, "high": 0, "numberOfAnalysts": 0, "yearAgoRevenue": {}, "growth": {}}, "epsTrend": {"current": 0.0, "7daysAgo": 0.0, "30daysAgo": 0.0, "60daysAgo": 0.0, "90daysAgo": 0.0}, "epsRevisions": {"upLast7days": 0, "upLast30days": 0, "downLast30days": 0, "downLast90days": {}}}, {"maxAge": 1, "period": "+1q", "endDate": "2018-12-31", "growth": {}, "earningsEstimate": {"avg": 0.0, "low": 0.0, "high": 0.0, "yearAgoEps": {}, "numberOfAnalysts": 0, "growth": {}}, "revenueEstimate": {"avg": 0, "low": 0, "high": 0, "numberOfAnalysts": 0, "yearAgoRevenue": {}, "growth": {}}, "epsTrend": {"current": 0.0, "7daysAgo": 0.0, "30daysAgo": 0.0, "60daysAgo": 0.0, "90daysAgo": 0.0}, "epsRevisions": {"upLast7days": 0, "upLast30days": 0, "downLast30days": 0, "downLast90days": {}}}, {"maxAge": 1, "period": "0y", "endDate": "2019-03-31", "growth": {}, "earningsEstimate": {"avg": 0.0, "low": 0.0, "high": 0.0, "yearAgoEps": {}, "numberOfAnalysts": 0, "growth": {}}, "revenueEstimate": {"avg": 5601530000, "low": 5601530000, "high": 5601530000, "numberOfAnalysts": 1, "yearAgoRevenue": {}, "growth": {}}, "epsTrend": {"current": 0.0, "7daysAgo": 84.85, "30daysAgo": 84.85, "60daysAgo": 84.85, "90daysAgo": 84.85}, "epsRevisions": {"upLast7days": 0, "upLast30days": 0, "downLast30days": 0, "downLast90days": {}}}, {"maxAge": 1, "period": "+1y", "endDate": "2020-03-31", "growth": {}, "earningsEstimate": {"avg": 0.0, "low": 0.0, "high": 0.0, "yearAgoEps": {}, "numberOfAnalysts": 0, "growth": {}}, "revenueEstimate": {"avg": 6553790000, "low": 6553790000, "high": 6553790000, "numberOfAnalysts": 1, "yearAgoRevenue": 5601530000, "growth": 0.17}, "epsTrend": {"current": 0.0, "7daysAgo": 98.68, "30daysAgo": 98.68, "60daysAgo": 98.68, "90daysAgo": 98.68}, "epsRevisions": {"upLast7days": 0, "upLast30days": 0, "downLast30days": 0, "downLast90days": {}}}, {"maxAge": 1, "period": "+5y", "endDate": null, "growth": {}, "earningsEstimate": {"avg": {}, "low": {}, "high": {}, "yearAgoEps": {}, "numberOfAnalysts": {}, "growth": {}}, "revenueEstimate": {"avg": {}, "low": {}, "high": {}, "numberOfAnalysts": {}, "yearAgoRevenue": {}, "growth": {}}, "epsTrend": {"current": {}, "7daysAgo": {}, "30daysAgo": {}, "60daysAgo": {}, "90daysAgo": {}}, "epsRevisions": {"upLast7days": {}, "upLast30days": {}, "downLast30days": {}, "downLast90days": {}}}, {"maxAge": 1, "period": "-5y", "endDate": null, "growth": {}, "earningsEstimate": {"avg": {}, "low": {}, "high": {}, "yearAgoEps": {}, "numberOfAnalysts": {}, "growth": {}}, "revenueEstimate": {"avg": {}, "low": {}, "high": {}, "numberOfAnalysts": {}, "yearAgoRevenue": {}, "growth": {}}, "epsTrend": {"current": {}, "7daysAgo": {}, "30daysAgo": {}, "60daysAgo": {}, "90daysAgo": {}}, "epsRevisions": {"upLast7days": {}, "upLast30days": {}, "downLast30days": {}, "downLast90days": {}}}], "maxAge": 1}, "financialData": {"maxAge": 86400, "currentPrice": 615.75, "targetHighPrice": 1304.0, "targetLowPrice": 1304.0, "targetMeanPrice": 1304.0, "targetMedianPrice": 1304.0, "recommendationKey": "none", "numberOfAnalystOpinions": 1, "grossProfits": 5050627000, "financialCurrency": "INR"}}}