{"WSFIN.BO": {"recommendationTrend": {"trend": [{"period": "0m", "strongBuy": 0, "buy": 0, "hold": 0, "sell": 0, "strongSell": 0}, {"period": "-1m", "strongBuy": 0, "buy": 0, "hold": 0, "sell": 0, "strongSell": 0}, {"period": "-2m", "strongBuy": 0, "buy": 0, "hold": 0, "sell": 0, "strongSell": 0}, {"period": "-3m", "strongBuy": 0, "buy": 0, "hold": 0, "sell": 0, "strongSell": 0}], "maxAge": 86400}, "cashflowStatementHistory": {"cashflowStatements": [{"maxAge": 1, "endDate": "2020-03-31", "netIncome": -5245000, "depreciation": 8193000, "changeToNetincome": -4228000, "changeToAccountReceivables": 81221000, "changeToLiabilities": -40472000, "changeToInventory": -8211000, "totalCashFromOperatingActivities": 31258000, "capitalExpenditures": -19068000, "investments": 9679000, "otherCashflowsFromInvestingActivities": 17579000, "totalCashflowsFromInvestingActivities": 8244000, "dividendsPaid": -17358000, "netBorrowings": -5992000, "otherCashflowsFromFinancingActivities": -18056000, "totalCashFromFinancingActivities": -41406000, "changeInCash": -1905000}, {"maxAge": 1, "endDate": "2019-03-31", "netIncome": 1119000, "depreciation": 3915000, "changeToNetincome": -20913000, "changeToAccountReceivables": -8755000, "changeToLiabilities": 4734000, "changeToInventory": 56705000, "totalCashFromOperatingActivities": 36805000, "capitalExpenditures": -31475000, "investments": -108294000, "otherCashflowsFromInvestingActivities": 17630000, "totalCashflowsFromInvestingActivities": -116085000, "dividendsPaid": -17358000, "netBorrowings": -57748000, "otherCashflowsFromFinancingActivities": -12686000, "totalCashFromFinancingActivities": -70434000, "changeInCash": -149714000}, {"maxAge": 1, "endDate": "2018-03-31", "netIncome": 271882000, "depreciation": 6165000, "changeToNetincome": 73586000, "changeToAccountReceivables": 73216000, "changeToLiabilities": -85278000, "changeToInventory": 38034000, "totalCashFromOperatingActivities": 377605000, "capitalExpenditures": -26123000, "investments": 11608000, "otherCashflowsFromInvestingActivities": 11854000, "totalCashflowsFromInvestingActivities": -2661000, "dividendsPaid": -59103000, "netBorrowings": -183001000, "otherCashflowsFromFinancingActivities": -30974000, "totalCashFromFinancingActivities": -273078000, "changeInCash": 101866000}, {"maxAge": 1, "endDate": "2017-03-31", "netIncome": 6322000, "depreciation": 3250000, "changeToNetincome": 43921000, "changeToAccountReceivables": 11206000, "changeToLiabilities": 9537000, "changeToInventory": -25325000, "totalCashFromOperatingActivities": 49805000, "capitalExpenditures": -4173000, "investments": 264000, "otherCashflowsFromInvestingActivities": 2079000, "totalCashflowsFromInvestingActivities": -1826000, "dividendsPaid": -59103000, "netBorrowings": -21957000, "otherCashflowsFromFinancingActivities": -45705000, "totalCashFromFinancingActivities": -67662000, "changeInCash": -19683000}], "maxAge": 86400}, "institutionOwnership": {"maxAge": 1, "ownershipList": []}, "balanceSheetHistoryQuarterly": {"balanceSheetStatements": [{"maxAge": 1, "endDate": "2020-06-30", "totalStockholderEquity": 365085000, "netTangibleAssets": 304817000}, {"maxAge": 1, "endDate": "2020-03-31", "cash": 144012000, "shortTermInvestments": 126496000, "netReceivables": 55105000, "inventory": 28301000, "otherCurrentAssets": 28103000, "totalCurrentAssets": 386409000, "longTermInvestments": 6592000, "propertyPlantEquipment": 11463000, "intangibleAssets": 60268000, "otherAssets": 47157000, "deferredLongTermAssetCharges": 11596000, "totalAssets": 511889000, "accountsPayable": 27337000, "otherCurrentLiab": 15556000, "otherLiab": 3334000, "totalCurrentLiabilities": 143470000, "totalLiab": 146804000, "commonStock": 115718000, "retainedEarnings": 243039000, "treasuryStock": 6319000, "capitalSurplus": 9000, "otherStockholderEquity": 6319000, "totalStockholderEquity": 365085000, "netTangibleAssets": 304817000}, {"maxAge": 1, "endDate": "2019-12-31", "totalStockholderEquity": 377510000, "netTangibleAssets": 319647000}, {"maxAge": 1, "endDate": "2019-09-30", "cash": 313275000, "shortTermInvestments": 1016000, "netReceivables": 205458000, "inventory": 53443000, "otherCurrentAssets": 53216000, "totalCurrentAssets": 626408000, "longTermInvestments": 22592000, "propertyPlantEquipment": 8792000, "intangibleAssets": 57863000, "otherAssets": 32582000, "deferredLongTermAssetCharges": 7862000, "totalAssets": 748237000, "accountsPayable": 151238000, "otherCurrentLiab": 49859000, "otherLiab": 6070000, "totalCurrentLiabilities": 364657000, "totalLiab": 370727000, "commonStock": 115984000, "treasuryStock": 261526000, "otherStockholderEquity": 261526000, "totalStockholderEquity": 377510000, "netTangibleAssets": 319647000}], "maxAge": 86400}, "earningsHistory": {"history": [{"maxAge": 1, "epsActual": {}, "epsEstimate": {}, "epsDifference": {}, "surprisePercent": {}, "quarter": {}, "period": "-4q"}, {"maxAge": 1, "epsActual": {}, "epsEstimate": {}, "epsDifference": {}, "surprisePercent": {}, "quarter": {}, "period": "-3q"}, {"maxAge": 1, "epsActual": {}, "epsEstimate": {}, "epsDifference": {}, "surprisePercent": {}, "quarter": {}, "period": "-2q"}, {"maxAge": 1, "epsActual": {}, "epsEstimate": {}, "epsDifference": {}, "surprisePercent": {}, "quarter": {}, "period": "-1q"}], "maxAge": 86400}, "indexTrend": {"maxAge": 1, "symbol": "SP5", "peRatio": 19.7411, "pegRatio": 1.34172, "estimates": [{"period": "0q", "growth": 0.549}, {"period": "+1q", "growth": 0.431}, {"period": "0y", "growth": 0.305}, {"period": "+1y", "growth": 0.109}, {"period": "+5y", "growth": 0.120859005}, {"period": "-5y"}]}, "industryTrend": {"maxAge": 1, "symbol": null, "estimates": []}, "insiderTransactions": {"transactions": [{"maxAge": 1, "shares": 7223894, "filerUrl": "", "transactionText": "", "filerName": "Spice Connect Pvt Ltd", "filerRelation": "Institution- Corporation", "moneyText": "", "startDate": "2019-02-22", "ownership": "D"}], "maxAge": 1}, "quoteType": {"exchange": "BSE", "quoteType": "EQUITY", "symbol": "WSFIN.BO", "underlyingSymbol": "WSFIN.BO", "shortName": "WALL STREET FINANCE LTD.", "longName": "Wall Street Finance Limited", "firstTradeDateEpochUtc": "2002-01-10 09:15:00", "timeZoneFullName": "Asia/Kolkata", "timeZoneShortName": "IST", "uuid": "83011caa-fe85-38b7-8104-263a02671e22", "messageBoardId": null, "gmtOffSetMilliseconds": 19800000, "maxAge": 1}, "incomeStatementHistory": {"incomeStatementHistory": [{"maxAge": 1, "endDate": "2020-03-31", "totalRevenue": 381138000, "costOfRevenue": 2516000, "grossProfit": 378622000, "researchDevelopment": {}, "sellingGeneralAdministrative": 133372000, "nonRecurring": {}, "otherOperatingExpenses": 231903000, "totalOperatingExpenses": 375984000, "operatingIncome": 5154000, "totalOtherIncomeExpenseNet": -12547000, "ebit": 5154000, "interestExpense": -14488000, "incomeBeforeTax": -7393000, "incomeTaxExpense": -2148000, "minorityInterest": {}, "netIncomeFromContinuingOps": -5245000, "discontinuedOperations": {}, "extraordinaryItems": {}, "effectOfAccountingCharges": {}, "otherItems": {}, "netIncome": -5245000, "netIncomeApplicableToCommonShares": -5245000}, {"maxAge": 1, "endDate": "2019-03-31", "totalRevenue": 256931000, "costOfRevenue": 1805000, "grossProfit": 255126000, "researchDevelopment": {}, "sellingGeneralAdministrative": 105104000, "nonRecurring": {}, "otherOperatingExpenses": 142466000, "totalOperatingExpenses": 253290000, "operatingIncome": 3641000, "totalOtherIncomeExpenseNet": -3024000, "ebit": 3641000, "interestExpense": -12686000, "incomeBeforeTax": 617000, "incomeTaxExpense": -502000, "minorityInterest": {}, "netIncomeFromContinuingOps": 1119000, "discontinuedOperations": {}, "extraordinaryItems": {}, "effectOfAccountingCharges": {}, "otherItems": {}, "netIncome": 1119000, "netIncomeApplicableToCommonShares": 1119000}, {"maxAge": 1, "endDate": "2018-03-31", "totalRevenue": 368897000, "costOfRevenue": 1590000, "grossProfit": 367307000, "researchDevelopment": {}, "sellingGeneralAdministrative": 136200000, "nonRecurring": {}, "otherOperatingExpenses": 247310000, "totalOperatingExpenses": 391265000, "operatingIncome": -22368000, "totalOtherIncomeExpenseNet": 380170000, "ebit": -22368000, "interestExpense": -30322000, "incomeBeforeTax": 357802000, "incomeTaxExpense": 85920000, "minorityInterest": {}, "netIncomeFromContinuingOps": 271882000, "discontinuedOperations": {}, "extraordinaryItems": {}, "effectOfAccountingCharges": {}, "otherItems": {}, "netIncome": 271882000, "netIncomeApplicableToCommonShares": 271882000}, {"maxAge": 1, "endDate": "2017-03-31", "totalRevenue": 471915000, "costOfRevenue": 1743000, "grossProfit": 470172000, "researchDevelopment": {}, "sellingGeneralAdministrative": 156352000, "nonRecurring": {}, "otherOperatingExpenses": 259955000, "totalOperatingExpenses": 422194000, "operatingIncome": 49721000, "totalOtherIncomeExpenseNet": -41892000, "ebit": 49721000, "interestExpense": -45722000, "incomeBeforeTax": 7829000, "incomeTaxExpense": 1507000, "minorityInterest": {}, "netIncomeFromContinuingOps": 6322000, "discontinuedOperations": {}, "extraordinaryItems": {}, "effectOfAccountingCharges": {}, "otherItems": {}, "netIncome": 6322000, "netIncomeApplicableToCommonShares": 6322000}], "maxAge": 86400}, "fundOwnership": {"maxAge": 1, "ownershipList": []}, "summaryDetail": {"maxAge": 1, "priceHint": 2, "previousClose": 17.2, "open": 17.0, "dayLow": 16.4, "dayHigh": 17.35, "regularMarketPreviousClose": 17.2, "regularMarketOpen": 17.0, "regularMarketDayLow": 16.4, "regularMarketDayHigh": 17.35, "volume": 3744, "regularMarketVolume": 3744, "averageVolume": 4725, "averageVolume10days": 8831, "averageDailyVolume10Day": 8831, "bid": 0.0, "ask": 16.45, "bidSize": 0, "askSize": 0, "marketCap": 190356112, "fiftyTwoWeekLow": 11.9, "fiftyTwoWeekHigh": 19.9, "fiftyDayAverage": 14.802857, "twoHundredDayAverage": 14.7372265, "trailingAnnualDividendRate": 1.5, "trailingAnnualDividendYield": 0.0872093, "currency": "INR", "fromCurrency": null, "toCurrency": null, "lastMarket": null, "algorithm": null, "tradeable": false}, "sectorTrend": {"maxAge": 1, "symbol": null, "estimates": []}, "incomeStatementHistoryQuarterly": {"incomeStatementHistory": [{"maxAge": 1, "endDate": "2020-06-30", "totalRevenue": 33711000, "costOfRevenue": 0, "grossProfit": 33711000, "researchDevelopment": {}, "sellingGeneralAdministrative": 23781000, "nonRecurring": {}, "otherOperatingExpenses": 25461000, "totalOperatingExpenses": 51755000, "operatingIncome": -18044000, "totalOtherIncomeExpenseNet": -806000, "ebit": -18044000, "interestExpense": -806000, "incomeBeforeTax": -18850000, "incomeTaxExpense": -5882000, "minorityInterest": {}, "netIncomeFromContinuingOps": -12968000, "discontinuedOperations": {}, "extraordinaryItems": {}, "effectOfAccountingCharges": {}, "otherItems": {}, "netIncome": -12968000, "netIncomeApplicableToCommonShares": -12968000}, {"maxAge": 1, "endDate": "2020-03-31", "totalRevenue": 97877000, "costOfRevenue": 2516000, "grossProfit": 95361000, "researchDevelopment": {}, "sellingGeneralAdministrative": 32726000, "nonRecurring": {}, "otherOperatingExpenses": 77436000, "totalOperatingExpenses": 115544000, "operatingIncome": -17667000, "totalOtherIncomeExpenseNet": -848000, "ebit": -17667000, "interestExpense": -2789000, "incomeBeforeTax": -18515000, "incomeTaxExpense": -6796000, "minorityInterest": {}, "netIncomeFromContinuingOps": -11719000, "discontinuedOperations": {}, "extraordinaryItems": {}, "effectOfAccountingCharges": {}, "otherItems": {}, "netIncome": -11719000, "netIncomeApplicableToCommonShares": -11719000}, {"maxAge": 1, "endDate": "2019-12-31", "totalRevenue": 92444000, "costOfRevenue": 0, "grossProfit": 92444000, "researchDevelopment": {}, "sellingGeneralAdministrative": 33002000, "nonRecurring": {}, "otherOperatingExpenses": 52855000, "totalOperatingExpenses": 87745000, "operatingIncome": 4699000, "totalOtherIncomeExpenseNet": -3613000, "ebit": 4699000, "interestExpense": -3613000, "incomeBeforeTax": 1086000, "incomeTaxExpense": 977000, "minorityInterest": {}, "netIncomeFromContinuingOps": 109000, "discontinuedOperations": {}, "extraordinaryItems": {}, "effectOfAccountingCharges": {}, "otherItems": {}, "netIncome": 109000, "netIncomeApplicableToCommonShares": 109000}, {"maxAge": 1, "endDate": "2019-09-30", "totalRevenue": 103595000, "costOfRevenue": 0, "grossProfit": 103595000, "researchDevelopment": {}, "sellingGeneralAdministrative": 34400000, "nonRecurring": {}, "otherOperatingExpenses": 55593000, "totalOperatingExpenses": 91986000, "operatingIncome": 11609000, "totalOtherIncomeExpenseNet": -4808000, "ebit": 11609000, "interestExpense": -4807000, "incomeBeforeTax": 6801000, "incomeTaxExpense": 2613000, "minorityInterest": {}, "netIncomeFromContinuingOps": 4188000, "discontinuedOperations": {}, "extraordinaryItems": {}, "effectOfAccountingCharges": {}, "otherItems": {}, "netIncome": 4188000, "netIncomeApplicableToCommonShares": 4188000}], "maxAge": 86400}, "cashflowStatementHistoryQuarterly": {"cashflowStatements": [{"maxAge": 1, "endDate": "2020-06-30", "netIncome": -12968000, "changeToLiabilities": 0}, {"maxAge": 1, "endDate": "2020-03-31", "netIncome": -11719000, "changeToLiabilities": 0}, {"maxAge": 1, "endDate": "2019-12-31", "netIncome": 109000, "changeToLiabilities": 0}, {"maxAge": 1, "endDate": "2019-09-30", "netIncome": 4188000, "changeToLiabilities": 0}], "maxAge": 86400}, "insiderHolders": {"holders": [{"maxAge": 1, "name": "Spice Connect Pvt Ltd", "relation": "Institution- Corporation", "url": "", "transactionDescription": "Other", "latestTransDate": "2019-02-22", "positionDirect": 7223894, "positionDirectDate": "2019-02-22"}], "maxAge": 1}, "earnings": {"maxAge": 86400, "earningsChart": {"quarterly": [], "earningsDate": ["2020-08-12 05:30:S"]}, "financialsChart": {"yearly": [{"date": 2017, "revenue": 471915000, "earnings": 6322000}, {"date": 2018, "revenue": 368897000, "earnings": 271882000}, {"date": 2019, "revenue": 256931000, "earnings": 1119000}, {"date": 2020, "revenue": 381138000, "earnings": -5245000}], "quarterly": [{"date": "3Q2019", "revenue": 103595000, "earnings": 4188000}, {"date": "4Q2019", "revenue": 92444000, "earnings": 109000}, {"date": "1Q2020", "revenue": 97877000, "earnings": -11719000}, {"date": "2Q2020", "revenue": 33711000, "earnings": -12968000}]}, "financialCurrency": "INR"}, "calendarEvents": {"maxAge": 1, "earnings": {"earningsDate": ["2020-08-12 05:30:S"]}}, "price": {"maxAge": 1, "regularMarketChangePercent": -0.04360465, "regularMarketChange": -0.75, "regularMarketTime": "2021-04-30 15:59:57", "priceHint": 2, "regularMarketPrice": 16.45, "regularMarketDayHigh": 17.35, "regularMarketDayLow": 16.4, "regularMarketVolume": 3744, "averageDailyVolume10Day": 8831, "averageDailyVolume3Month": 4725, "regularMarketPreviousClose": 17.2, "regularMarketSource": "FREE_REALTIME", "regularMarketOpen": 17.0, "exchange": "BSE", "exchangeName": "BSE", "exchangeDataDelayedBy": 0, "marketState": "CLOSED", "quoteType": "EQUITY", "symbol": "WSFIN.BO", "underlyingSymbol": null, "shortName": "WALL STREET FINANCE LTD.", "longName": "Wall Street Finance Limited", "currency": "INR", "quoteSourceName": "Delayed Quote", "currencySymbol": "\u20b9", "fromCurrency": null, "toCurrency": null, "lastMarket": null, "marketCap": 190356112}, "balanceSheetHistory": {"balanceSheetStatements": [{"maxAge": 1, "endDate": "2020-03-31", "cash": 144012000, "shortTermInvestments": 126496000, "netReceivables": 55105000, "inventory": 28301000, "otherCurrentAssets": 28103000, "totalCurrentAssets": 386409000, "longTermInvestments": 6592000, "propertyPlantEquipment": 11463000, "intangibleAssets": 60268000, "otherAssets": 47157000, "deferredLongTermAssetCharges": 11596000, "totalAssets": 511889000, "accountsPayable": 27337000, "otherCurrentLiab": 15556000, "otherLiab": 3334000, "totalCurrentLiabilities": 143470000, "totalLiab": 146804000, "commonStock": 115718000, "retainedEarnings": 243039000, "treasuryStock": 6319000, "capitalSurplus": 9000, "otherStockholderEquity": 6319000, "totalStockholderEquity": 365085000, "netTangibleAssets": 304817000}, {"maxAge": 1, "endDate": "2019-03-31", "cash": 145916000, "shortTermInvestments": 136721000, "netReceivables": 136814000, "inventory": 20090000, "otherCurrentAssets": 27218000, "totalCurrentAssets": 470009000, "longTermInvestments": 16467000, "propertyPlantEquipment": 8731000, "intangibleAssets": 52214000, "otherAssets": 38009000, "deferredLongTermAssetCharges": 8960000, "totalAssets": 585430000, "accountsPayable": 67668000, "otherCurrentLiab": 17668000, "otherLiab": 3771000, "totalCurrentLiabilities": 189991000, "totalLiab": 193762000, "commonStock": 115718000, "retainedEarnings": 269205000, "treasuryStock": 6736000, "capitalSurplus": 9000, "otherStockholderEquity": 6736000, "totalStockholderEquity": 391668000, "netTangibleAssets": 339454000}, {"maxAge": 1, "endDate": "2018-03-31", "cash": 295632000, "shortTermInvestments": 30062000, "netReceivables": 140225000, "inventory": 76795000, "otherCurrentAssets": 26378000, "totalCurrentAssets": 572243000, "longTermInvestments": 1647000, "propertyPlantEquipment": 9425000, "intangibleAssets": 24329000, "otherAssets": 25301000, "deferredLongTermAssetCharges": 8520000, "totalAssets": 632945000, "accountsPayable": 41547000, "otherCurrentLiab": 27661000, "otherLiab": 1765000, "totalCurrentLiabilities": 243718000, "totalLiab": 245483000, "commonStock": 115718000, "retainedEarnings": 268063000, "treasuryStock": 3672000, "capitalSurplus": 9000, "otherStockholderEquity": 3672000, "totalStockholderEquity": 387462000, "netTangibleAssets": 363133000}, {"maxAge": 1, "endDate": "2017-03-31", "cash": 193766000, "shortTermInvestments": 40218000, "netReceivables": 247496000, "inventory": 114829000, "otherCurrentAssets": 12069000, "totalCurrentAssets": 611436000, "longTermInvestments": 1803000, "propertyPlantEquipment": 10719000, "goodWill": 34143000, "intangibleAssets": 10132000, "otherAssets": 26180000, "deferredLongTermAssetCharges": 11080000, "totalAssets": 694413000, "accountsPayable": 101307000, "otherCurrentLiab": 50283000, "otherLiab": 17423000, "totalCurrentLiabilities": 502070000, "totalLiab": 519493000, "commonStock": 115718000, "retainedEarnings": 57445000, "treasuryStock": 1748000, "capitalSurplus": 9000, "otherStockholderEquity": 1748000, "totalStockholderEquity": 174920000, "netTangibleAssets": 130645000}], "maxAge": 86400}, "earningsTrend": {"trend": [{"maxAge": 1, "period": "0q", "endDate": null, "growth": {}, "earningsEstimate": {"avg": 0.0, "low": 0.0, "high": 0.0, "yearAgoEps": {}, "numberOfAnalysts": 0, "growth": {}}, "revenueEstimate": {"avg": 0, "low": 0, "high": 0, "numberOfAnalysts": 0, "yearAgoRevenue": {}, "growth": {}}, "epsTrend": {"current": 0.0, "7daysAgo": 0.0, "30daysAgo": 0.0, "60daysAgo": 0.0, "90daysAgo": 0.0}, "epsRevisions": {"upLast7days": 0, "upLast30days": 0, "downLast30days": 0, "downLast90days": {}}}, {"maxAge": 1, "period": "+1q", "endDate": null, "growth": {}, "earningsEstimate": {"avg": 0.0, "low": 0.0, "high": 0.0, "yearAgoEps": {}, "numberOfAnalysts": 0, "growth": {}}, "revenueEstimate": {"avg": 0, "low": 0, "high": 0, "numberOfAnalysts": 0, "yearAgoRevenue": {}, "growth": {}}, "epsTrend": {"current": 0.0, "7daysAgo": 0.0, "30daysAgo": 0.0, "60daysAgo": 0.0, "90daysAgo": 0.0}, "epsRevisions": {"upLast7days": 0, "upLast30days": 0, "downLast30days": 0, "downLast90days": {}}}, {"maxAge": 1, "period": "0y", "endDate": null, "growth": {}, "earningsEstimate": {"avg": 0.0, "low": 0.0, "high": 0.0, "yearAgoEps": {}, "numberOfAnalysts": 0, "growth": {}}, "revenueEstimate": {"avg": 0, "low": 0, "high": 0, "numberOfAnalysts": 0, "yearAgoRevenue": {}, "growth": {}}, "epsTrend": {"current": 0.0, "7daysAgo": 0.0, "30daysAgo": 0.0, "60daysAgo": 0.0, "90daysAgo": 0.0}, "epsRevisions": {"upLast7days": 0, "upLast30days": 0, "downLast30days": 0, "downLast90days": {}}}, {"maxAge": 1, "period": "+1y", "endDate": null, "growth": {}, "earningsEstimate": {"avg": 0.0, "low": 0.0, "high": 0.0, "yearAgoEps": {}, "numberOfAnalysts": 0, "growth": {}}, "revenueEstimate": {"avg": 0, "low": 0, "high": 0, "numberOfAnalysts": 0, "yearAgoRevenue": {}, "growth": {}}, "epsTrend": {"current": 0.0, "7daysAgo": 0.0, "30daysAgo": 0.0, "60daysAgo": 0.0, "90daysAgo": 0.0}, "epsRevisions": {"upLast7days": 0, "upLast30days": 0, "downLast30days": 0, "downLast90days": {}}}, {"maxAge": 1, "period": "+5y", "endDate": null, "growth": {}, "earningsEstimate": {"avg": {}, "low": {}, "high": {}, "yearAgoEps": {}, "numberOfAnalysts": {}, "growth": {}}, "revenueEstimate": {"avg": {}, "low": {}, "high": {}, "numberOfAnalysts": {}, "yearAgoRevenue": {}, "growth": {}}, "epsTrend": {"current": {}, "7daysAgo": {}, "30daysAgo": {}, "60daysAgo": {}, "90daysAgo": {}}, "epsRevisions": {"upLast7days": {}, "upLast30days": {}, "downLast30days": {}, "downLast90days": {}}}, {"maxAge": 1, "period": "-5y", "endDate": null, "growth": {}, "earningsEstimate": {"avg": {}, "low": {}, "high": {}, "yearAgoEps": {}, "numberOfAnalysts": {}, "growth": {}}, "revenueEstimate": {"avg": {}, "low": {}, "high": {}, "numberOfAnalysts": {}, "yearAgoRevenue": {}, "growth": {}}, "epsTrend": {"current": {}, "7daysAgo": {}, "30daysAgo": {}, "60daysAgo": {}, "90daysAgo": {}}, "epsRevisions": {"upLast7days": {}, "upLast30days": {}, "downLast30days": {}, "downLast90days": {}}}], "maxAge": 1}, "financialData": {"maxAge": 86400, "currentPrice": 16.45, "recommendationKey": "none", "grossProfits": 378622000, "financialCurrency": "INR"}}}