{"XCHANGING.NS": {"assetProfile": {"address1": "Kalyani Tech Park", "address2": "Survey No 1, 6 & 24 Kundanhalli Village K R Puram Hobli", "city": "Bengaluru", "zip": "560066", "country": "India", "phone": "91 80 4364 0000", "website": "http://www.xchanging.com/investor-relations/xsl-content", "industry": "Information Technology Services", "sector": "Technology", "longBusinessSummary": "Xchanging Solutions Limited provides information technology services in India, Europe, the United States, and internationally. The company was formerly known as Cambridge Solutions Limited and changed its name to Xchanging Solutions Limited in June 2012. Xchanging Solutions Limited was incorporated in 2002 and is based in Bengaluru, India. Xchanging Solutions Limited operates as a subsidiary of Xchanging (Mauritius) Limited.", "fullTimeEmployees": 164, "companyOfficers": [{"maxAge": 1, "name": "Ms. Aruna  Mohandoss", "title": "Company Sec. & Compliance Officer", "fiscalYear": 2020, "totalPay": 1539310, "exercisedValue": 0, "unexercisedValue": 0}, {"maxAge": 1, "name": "Mr. Chandrasekhara Rao Boddoju", "age": 54, "title": "Chairman, CEO & MD", "yearBorn": 1966, "exercisedValue": 0, "unexercisedValue": 0}, {"maxAge": 1, "name": "Mr. Shrenik Kumar Champalal", "age": 44, "title": "CFO & Whole-Time Director", "yearBorn": 1976, "fiscalYear": 2018, "exercisedValue": 0, "unexercisedValue": 0}, {"maxAge": 1, "name": "Mr. Peter J. Imbrogno", "title": "Managing Director and Chief Operating Officer of BPO Division - Americas", "exercisedValue": 0, "unexercisedValue": 0}, {"maxAge": 1, "name": "Mr. Rob  Marchant", "title": "Pres of Gov. Division", "exercisedValue": 0, "unexercisedValue": 0}], "compensationAsOfEpochDate": "2020-12-31 05:30:00", "maxAge": 86400}, "cashflowStatementHistory": {"cashflowStatements": [{"maxAge": 1, "endDate": "2020-03-31", "netIncome": 547000000, "depreciation": 14100000, "changeToNetincome": -146100000, "changeToAccountReceivables": 88900000, "changeToLiabilities": -17700000, "changeToOperatingActivities": -29100000, "totalCashFromOperatingActivities": 457400000, "capitalExpenditures": -4000000, "investments": 13000000, "otherCashflowsFromInvestingActivities": 102900000, "totalCashflowsFromInvestingActivities": 137100000, "netBorrowings": -11000000, "otherCashflowsFromFinancingActivities": -1300000, "totalCashFromFinancingActivities": -12300000, "effectOfExchangeRate": 107500000, "changeInCash": 689700000}, {"maxAge": 1, "endDate": "2019-03-31", "netIncome": 467100000, "depreciation": 4000000, "changeToNetincome": -90700000, "changeToAccountReceivables": 32900000, "changeToLiabilities": -44600000, "changeToOperatingActivities": 112000000, "totalCashFromOperatingActivities": 481400000, "capitalExpenditures": -2800000, "investments": 27400000, "otherCashflowsFromInvestingActivities": 83100000, "totalCashflowsFromInvestingActivities": 108500000, "netBorrowings": -800000, "otherCashflowsFromFinancingActivities": -100000, "totalCashFromFinancingActivities": -900000, "effectOfExchangeRate": 29800000, "changeInCash": 618800000}, {"maxAge": 1, "endDate": "2018-03-31", "netIncome": 316400000, "depreciation": 10400000, "changeToNetincome": -34300000, "changeToAccountReceivables": 144800000, "changeToLiabilities": -202400000, "changeToOperatingActivities": 126100000, "totalCashFromOperatingActivities": 362300000, "capitalExpenditures": -1200000, "investments": -38400000, "otherCashflowsFromInvestingActivities": 85700000, "totalCashflowsFromInvestingActivities": 53700000, "netBorrowings": -7000000, "otherCashflowsFromFinancingActivities": -400000, "totalCashFromFinancingActivities": -7400000, "effectOfExchangeRate": 9500000, "changeInCash": 418100000}, {"maxAge": 1, "endDate": "2017-03-31", "netIncome": 151400000, "depreciation": 22800000, "changeToNetincome": -36800000, "changeToAccountReceivables": -91680000, "changeToLiabilities": 174240000, "changeToOperatingActivities": 84640000, "totalCashFromOperatingActivities": 301040000, "capitalExpenditures": -8800000, "investments": -7840000, "otherCashflowsFromInvestingActivities": 85520000, "totalCashflowsFromInvestingActivities": 77840000, "netBorrowings": -5040000, "otherCashflowsFromFinancingActivities": -1200000, "totalCashFromFinancingActivities": -6240000, "effectOfExchangeRate": -12000000, "changeInCash": 360640000}], "maxAge": 86400}, "institutionOwnership": {"ownershipList": [], "maxAge": 1}, "majorHoldersBreakdown": {"maxAge": 1, "insidersPercentHeld": 0.79758, "institutionsPercentHeld": 0.033770002, "institutionsFloatPercentHeld": 0.16684, "institutionsCount": 1}, "balanceSheetHistoryQuarterly": {"balanceSheetStatements": [{"maxAge": 1, "endDate": "2020-12-31", "totalStockholderEquity": 5263700000, "netTangibleAssets": 3679400000}, {"maxAge": 1, "endDate": "2020-09-30", "cash": 3654500000, "shortTermInvestments": 232400000, "netReceivables": 272300000, "otherCurrentAssets": 6500000, "totalCurrentAssets": 4165700000, "longTermInvestments": 12400000, "propertyPlantEquipment": 20100000, "goodWill": 1584000000, "intangibleAssets": 300000, "otherAssets": 250700000, "deferredLongTermAssetCharges": 41200000, "totalAssets": 6033200000, "accountsPayable": 287800000, "otherCurrentLiab": 400000000, "otherLiab": 37800000, "totalCurrentLiabilities": 709500000, "totalLiab": 769500000, "commonStock": 1114000000, "treasuryStock": 4149700000, "otherStockholderEquity": 4149700000, "totalStockholderEquity": 5263700000, "netTangibleAssets": 3679400000}, {"maxAge": 1, "endDate": "2020-06-30", "totalStockholderEquity": 4961000000, "netTangibleAssets": 3376600000}, {"maxAge": 1, "endDate": "2020-03-31", "cash": 3258800000, "netReceivables": 585200000, "otherCurrentAssets": 39500000, "totalCurrentAssets": 3889400000, "propertyPlantEquipment": 26900000, "goodWill": 1584100000, "intangibleAssets": 300000, "otherAssets": 228600000, "deferredLongTermAssetCharges": 33800000, "totalAssets": 5729300000, "accountsPayable": 312300000, "otherCurrentLiab": 383000000, "otherLiab": 33300000, "totalCurrentLiabilities": 723200000, "totalLiab": 768300000, "commonStock": 1114000000, "retainedEarnings": 2856300000, "treasuryStock": 149000000, "capitalSurplus": 841700000, "otherStockholderEquity": 149000000, "totalStockholderEquity": 4961000000, "netTangibleAssets": 3376600000}], "maxAge": 86400}, "indexTrend": {"maxAge": 1, "symbol": "SP5", "peRatio": 19.7411, "pegRatio": 1.34172, "estimates": [{"period": "0q", "growth": 0.549}, {"period": "+1q", "growth": 0.431}, {"period": "0y", "growth": 0.305}, {"period": "+1y", "growth": 0.109}, {"period": "+5y", "growth": 0.120865}, {"period": "-5y"}]}, "defaultKeyStatistics": {"maxAge": 1, "priceHint": 2, "enterpriseValue": 3451566592, "profitMargins": 0.34346, "floatShares": 22929721, "sharesOutstanding": 111404000, "heldPercentInsiders": 0.79758, "heldPercentInstitutions": 0.033770002, "beta": 1.021927, "category": null, "bookValue": 47.216, "priceToBook": 1.4285411, "fundFamily": null, "legalType": null, "lastFiscalYearEnd": "2020-03-31 05:30:00", "nextFiscalYearEnd": "2022-03-31 05:30:00", "mostRecentQuarter": "2020-12-31 05:30:00", "earningsQuarterlyGrowth": 1.413, "netIncomeToCommon": 664800000, "trailingEps": 5.97, "lastSplitFactor": null, "enterpriseToRevenue": 1.783, "enterpriseToEbitda": 6.001}, "summaryProfile": {"address1": "Kalyani Tech Park", "address2": "Survey No 1, 6 & 24 Kundanhalli Village K R Puram Hobli", "city": "Bengaluru", "zip": "560066", "country": "India", "phone": "91 80 4364 0000", "website": "http://www.xchanging.com/investor-relations/xsl-content", "industry": "Information Technology Services", "sector": "Technology", "longBusinessSummary": "Xchanging Solutions Limited provides information technology services in India, Europe, the United States, and internationally. The company was formerly known as Cambridge Solutions Limited and changed its name to Xchanging Solutions Limited in June 2012. Xchanging Solutions Limited was incorporated in 2002 and is based in Bengaluru, India. Xchanging Solutions Limited operates as a subsidiary of Xchanging (Mauritius) Limited.", "fullTimeEmployees": 164, "companyOfficers": [], "maxAge": 86400}, "netSharePurchaseActivity": {"maxAge": 1, "period": "6m", "buyInfoCount": 0, "buyInfoShares": 0, "sellInfoCount": 0, "netInfoCount": 0, "netInfoShares": 0, "netPercentInsiderShares": 0.0, "totalInsiderShares": 88679080}, "insiderTransactions": {"transactions": [{"maxAge": 1, "shares": 8290, "filerUrl": "", "transactionText": "", "filerName": "Kashyap (Kunal)", "filerRelation": "Director (Independent)", "moneyText": "", "startDate": "2010-04-01", "ownership": "D"}, {"maxAge": 1, "shares": 1025227, "filerUrl": "", "transactionText": "", "filerName": "Scandent Holdings Mauritius Ltd.", "filerRelation": "Promoter", "moneyText": "", "startDate": "2005-12-28", "ownership": "D"}], "maxAge": 1}, "quoteType": {"exchange": "NSI", "quoteType": "EQUITY", "symbol": "XCHANGING.NS", "underlyingSymbol": "XCHANGING.NS", "shortName": "XCHANGING SOLUTION", "longName": "Xchanging Solutions Limited", "firstTradeDateEpochUtc": "2005-03-09 09:15:00", "timeZoneFullName": "Asia/Kolkata", "timeZoneShortName": "IST", "uuid": "62659728-d003-36de-81c0-314fc198da79", "gmtOffSetMilliseconds": 19800000, "maxAge": 1}, "incomeStatementHistory": {"incomeStatementHistory": [{"maxAge": 1, "endDate": "2020-03-31", "totalRevenue": 1822600000, "costOfRevenue": 786200000, "grossProfit": 1036400000, "researchDevelopment": {}, "sellingGeneralAdministrative": 3700000, "nonRecurring": {}, "otherOperatingExpenses": 550900000, "totalOperatingExpenses": 1355200000, "operatingIncome": 467400000, "totalOtherIncomeExpenseNet": 125500000, "ebit": 467400000, "interestExpense": -1300000, "incomeBeforeTax": 592900000, "incomeTaxExpense": 45900000, "minorityInterest": {}, "netIncomeFromContinuingOps": 547000000, "discontinuedOperations": {}, "extraordinaryItems": {}, "effectOfAccountingCharges": {}, "otherItems": {}, "netIncome": 547000000, "netIncomeApplicableToCommonShares": 547000000}, {"maxAge": 1, "endDate": "2019-03-31", "totalRevenue": 1841000000, "costOfRevenue": 908100000, "grossProfit": 932900000, "researchDevelopment": {}, "sellingGeneralAdministrative": 22300000, "nonRecurring": {}, "otherOperatingExpenses": 478700000, "totalOperatingExpenses": 1417900000, "operatingIncome": 423100000, "totalOtherIncomeExpenseNet": 144900000, "ebit": 423100000, "interestExpense": -100000, "incomeBeforeTax": 568000000, "incomeTaxExpense": 100900000, "minorityInterest": {}, "netIncomeFromContinuingOps": 467100000, "discontinuedOperations": {}, "extraordinaryItems": {}, "effectOfAccountingCharges": {}, "otherItems": {}, "netIncome": 467100000, "netIncomeApplicableToCommonShares": 467100000}, {"maxAge": 1, "endDate": "2018-03-31", "totalRevenue": 1859000000, "costOfRevenue": 1087300000, "grossProfit": 771700000, "researchDevelopment": {}, "sellingGeneralAdministrative": 27900000, "nonRecurring": {}, "otherOperatingExpenses": 481100000, "totalOperatingExpenses": 1608000000, "operatingIncome": 251000000, "totalOtherIncomeExpenseNet": 155100000, "ebit": 251000000, "interestExpense": -400000, "incomeBeforeTax": 406100000, "incomeTaxExpense": 89700000, "minorityInterest": {}, "netIncomeFromContinuingOps": 316400000, "discontinuedOperations": {}, "extraordinaryItems": {}, "effectOfAccountingCharges": {}, "otherItems": {}, "netIncome": 316400000, "netIncomeApplicableToCommonShares": 316400000}, {"maxAge": 1, "endDate": "2017-03-31", "totalRevenue": 2403100000, "costOfRevenue": 1533500000, "grossProfit": 869600000, "researchDevelopment": {}, "sellingGeneralAdministrative": 96700000, "nonRecurring": {}, "otherOperatingExpenses": 677100000, "totalOperatingExpenses": 2334100000, "operatingIncome": 69000000, "totalOtherIncomeExpenseNet": 81900000, "ebit": 69000000, "interestExpense": -1200000, "incomeBeforeTax": 150900000, "incomeTaxExpense": -500000, "minorityInterest": {}, "netIncomeFromContinuingOps": 151400000, "discontinuedOperations": {}, "extraordinaryItems": {}, "effectOfAccountingCharges": {}, "otherItems": {}, "netIncome": 151400000, "netIncomeApplicableToCommonShares": 151400000}], "maxAge": 86400}, "fundOwnership": {"ownershipList": [], "maxAge": 1}, "summaryDetail": {"maxAge": 1, "priceHint": 2, "previousClose": 65.7, "open": 65.0, "dayLow": 65.0, "dayHigh": 68.75, "regularMarketPreviousClose": 65.7, "regularMarketOpen": 65.0, "regularMarketDayLow": 65.0, "regularMarketDayHigh": 68.75, "payoutRatio": 0.0, "beta": 1.021927, "trailingPE": 11.298158, "volume": 119253, "regularMarketVolume": 119253, "averageVolume": 331032, "averageVolume10days": 156418, "averageDailyVolume10Day": 156418, "bid": 0.0, "ask": 0.0, "bidSize": 0, "askSize": 0, "marketCap": 7548464128, "fiftyTwoWeekLow": 30.35, "fiftyTwoWeekHigh": 98.9, "priceToSalesTrailing12Months": 3.8998058, "fiftyDayAverage": 68.50588, "twoHundredDayAverage": 79.20496, "currency": "INR", "fromCurrency": null, "lastMarket": null, "algorithm": null, "tradeable": false}, "incomeStatementHistoryQuarterly": {"incomeStatementHistory": [{"maxAge": 1, "endDate": "2020-12-31", "totalRevenue": 447800000, "costOfRevenue": 170100000, "grossProfit": 277700000, "researchDevelopment": {}, "sellingGeneralAdministrative": {}, "nonRecurring": {}, "otherOperatingExpenses": 141800000, "totalOperatingExpenses": 315600000, "operatingIncome": 132200000, "totalOtherIncomeExpenseNet": 18200000, "ebit": 132200000, "interestExpense": -600000, "incomeBeforeTax": 150400000, "incomeTaxExpense": 300000, "minorityInterest": {}, "netIncomeFromContinuingOps": 150100000, "discontinuedOperations": {}, "extraordinaryItems": {}, "effectOfAccountingCharges": {}, "otherItems": {}, "netIncome": 150100000, "netIncomeApplicableToCommonShares": 150100000}, {"maxAge": 1, "endDate": "2020-09-30", "totalRevenue": 520300000, "costOfRevenue": 178000000, "grossProfit": 342300000, "researchDevelopment": {}, "sellingGeneralAdministrative": {}, "nonRecurring": {}, "otherOperatingExpenses": 191700000, "totalOperatingExpenses": 373400000, "operatingIncome": 146900000, "totalOtherIncomeExpenseNet": 32100000, "ebit": 146900000, "interestExpense": -700000, "incomeBeforeTax": 179000000, "incomeTaxExpense": 28500000, "minorityInterest": {}, "netIncomeFromContinuingOps": 150500000, "discontinuedOperations": {}, "extraordinaryItems": {}, "effectOfAccountingCharges": {}, "otherItems": {}, "netIncome": 150500000, "netIncomeApplicableToCommonShares": 150500000}, {"maxAge": 1, "endDate": "2020-06-30", "totalRevenue": 512100000, "costOfRevenue": 190400000, "grossProfit": 321700000, "researchDevelopment": {}, "sellingGeneralAdministrative": {}, "nonRecurring": {}, "otherOperatingExpenses": 176900000, "totalOperatingExpenses": 372700000, "operatingIncome": 139400000, "totalOtherIncomeExpenseNet": 84100000, "ebit": 139400000, "interestExpense": -700000, "incomeBeforeTax": 223500000, "incomeTaxExpense": 38600000, "minorityInterest": {}, "netIncomeFromContinuingOps": 184900000, "discontinuedOperations": {}, "extraordinaryItems": {}, "effectOfAccountingCharges": {}, "otherItems": {}, "netIncome": 184900000, "netIncomeApplicableToCommonShares": 184900000}, {"maxAge": 1, "endDate": "2020-03-31", "totalRevenue": 455400000, "costOfRevenue": 197000000, "grossProfit": 258400000, "researchDevelopment": {}, "sellingGeneralAdministrative": 3700000, "nonRecurring": {}, "otherOperatingExpenses": 97000000, "totalOperatingExpenses": 301900000, "operatingIncome": 153500000, "totalOtherIncomeExpenseNet": 32900000, "ebit": 153500000, "interestExpense": -300000, "incomeBeforeTax": 186400000, "incomeTaxExpense": 7100000, "minorityInterest": {}, "netIncomeFromContinuingOps": 179300000, "discontinuedOperations": {}, "extraordinaryItems": {}, "effectOfAccountingCharges": {}, "otherItems": {}, "netIncome": 179300000, "netIncomeApplicableToCommonShares": 179300000}], "maxAge": 86400}, "cashflowStatementHistoryQuarterly": {"cashflowStatements": [{"maxAge": 1, "endDate": "2020-12-31", "netIncome": 150100000, "changeToLiabilities": 0}, {"maxAge": 1, "endDate": "2020-09-30", "netIncome": 150500000, "changeToLiabilities": 0}, {"maxAge": 1, "endDate": "2020-06-30", "netIncome": 184900000, "changeToLiabilities": 0}, {"maxAge": 1, "endDate": "2020-03-31", "netIncome": 179300000, "changeToLiabilities": 0}], "maxAge": 86400}, "insiderHolders": {"holders": [{"maxAge": 1, "name": "Kashyap (Kunal)", "relation": "Director (Independent)", "url": "", "transactionDescription": "Acquisition", "latestTransDate": "2010-04-01", "positionDirect": 8290, "positionDirectDate": "2010-04-01"}, {"maxAge": 1, "name": "Scandent Holdings Mauritius Ltd.", "relation": "Promoter", "url": "", "transactionDescription": "Other", "latestTransDate": "2005-12-28", "positionDirect": 13178571, "positionDirectDate": "2005-12-28"}], "maxAge": 1}, "calendarEvents": {"maxAge": 1, "earnings": {"earningsDate": []}}, "upgradeDowngradeHistory": {"history": [], "maxAge": 86400}, "price": {"maxAge": 1, "regularMarketChangePercent": 0.026636226, "regularMarketChange": 1.75, "regularMarketTime": "2021-04-30 15:29:58", "priceHint": 2, "regularMarketPrice": 67.45, "regularMarketDayHigh": 68.75, "regularMarketDayLow": 65.0, "regularMarketVolume": 119253, "averageDailyVolume10Day": 156418, "averageDailyVolume3Month": 331032, "regularMarketPreviousClose": 65.7, "regularMarketSource": "FREE_REALTIME", "regularMarketOpen": 65.0, "exchange": "NSI", "exchangeName": "NSE", "exchangeDataDelayedBy": 15, "marketState": "CLOSED", "quoteType": "EQUITY", "symbol": "XCHANGING.NS", "underlyingSymbol": null, "shortName": "XCHANGING SOLUTION", "longName": "Xchanging Solutions Limited", "currency": "INR", "quoteSourceName": "Delayed Quote", "currencySymbol": "\u20b9", "fromCurrency": null, "lastMarket": null, "marketCap": 7548464128}, "balanceSheetHistory": {"balanceSheetStatements": [{"maxAge": 1, "endDate": "2020-03-31", "cash": 3258800000, "netReceivables": 585200000, "otherCurrentAssets": 39500000, "totalCurrentAssets": 3889400000, "propertyPlantEquipment": 26900000, "goodWill": 1584100000, "intangibleAssets": 300000, "otherAssets": 228600000, "deferredLongTermAssetCharges": 33800000, "totalAssets": 5729300000, "accountsPayable": 312300000, "otherCurrentLiab": 383000000, "otherLiab": 33300000, "totalCurrentLiabilities": 723200000, "totalLiab": 768300000, "commonStock": 1114000000, "retainedEarnings": 2856300000, "treasuryStock": 149000000, "capitalSurplus": 841700000, "otherStockholderEquity": 149000000, "totalStockholderEquity": 4961000000, "netTangibleAssets": 3376600000}, {"maxAge": 1, "endDate": "2019-03-31", "cash": 2569100000, "shortTermInvestments": 11100000, "netReceivables": 506500000, "otherCurrentAssets": 44100000, "totalCurrentAssets": 3141600000, "propertyPlantEquipment": 3100000, "goodWill": 1584100000, "intangibleAssets": 500000, "otherAssets": 404000000, "deferredLongTermAssetCharges": 75400000, "totalAssets": 5133300000, "accountsPayable": 301300000, "shortLongTermDebt": 300000, "otherCurrentLiab": 449700000, "otherLiab": 30300000, "totalCurrentLiabilities": 770800000, "totalLiab": 801100000, "commonStock": 1114000000, "retainedEarnings": 2309000000, "treasuryStock": 67500000, "capitalSurplus": 841700000, "otherStockholderEquity": 67500000, "totalStockholderEquity": 4332200000, "netTangibleAssets": 2747600000}, {"maxAge": 1, "endDate": "2018-03-31", "cash": 735200000, "shortTermInvestments": 1252400000, "netReceivables": 606900000, "otherCurrentAssets": 61000000, "totalCurrentAssets": 2659900000, "longTermInvestments": 1600000, "propertyPlantEquipment": 4500000, "goodWill": 1584100000, "intangibleAssets": 400000, "otherAssets": 429200000, "deferredLongTermAssetCharges": 90600000, "totalAssets": 4679700000, "accountsPayable": 318800000, "shortLongTermDebt": 800000, "otherCurrentLiab": 451100000, "longTermDebt": 300000, "otherLiab": 34100000, "totalCurrentLiabilities": 809500000, "totalLiab": 843900000, "commonStock": 1114000000, "retainedEarnings": 1839400000, "treasuryStock": 40700000, "capitalSurplus": 841700000, "otherStockholderEquity": 40700000, "totalStockholderEquity": 3835800000, "netTangibleAssets": 2251300000}, {"maxAge": 1, "endDate": "2017-03-31", "cash": 522300000, "shortTermInvestments": 1010800000, "netReceivables": 814000000, "otherCurrentAssets": 10400000, "totalCurrentAssets": 2365800000, "longTermInvestments": 1500000, "propertyPlantEquipment": 21500000, "goodWill": 1584100000, "intangibleAssets": 1500000, "otherAssets": 543000000, "deferredLongTermAssetCharges": 102500000, "totalAssets": 4517400000, "accountsPayable": 365200000, "shortLongTermDebt": 3500000, "otherCurrentLiab": 412200000, "longTermDebt": 4600000, "otherLiab": 39400000, "totalCurrentLiabilities": 974300000, "totalLiab": 1018300000, "commonStock": 1114000000, "retainedEarnings": 1520100000, "treasuryStock": 23300000, "capitalSurplus": 841700000, "otherStockholderEquity": 23300000, "totalStockholderEquity": 3499100000, "netTangibleAssets": 1913500000}], "maxAge": 86400}, "financialData": {"maxAge": 86400, "currentPrice": 67.45, "recommendationKey": "none", "totalCash": 3886899968, "totalCashPerShare": 34.959, "ebitda": 575200000, "totalDebt": 33600000, "totalRevenue": 1935600000, "debtToEquity": 0.638, "revenuePerShare": 17.383, "grossProfits": 1036400000, "earningsGrowth": 1.411, "revenueGrowth": -0.025, "grossMargins": 0.62001, "ebitdaMargins": 0.29716998, "operatingMargins": 0.29619, "profitMargins": 0.34346, "financialCurrency": "INR"}}}