{"XELPMOC.NS": {"assetProfile": {"address1": "Agies Building, #17", "address2": "4th Floor, 5th Block 1st A Cross Koramangala", "city": "Bengaluru", "zip": "560095", "country": "India", "phone": "08043708160", "website": "http://www.xelpmoc.in", "industry": "Information Technology Services", "sector": "Technology", "fullTimeEmployees": 61, "companyOfficers": [{"maxAge": 1, "name": "Mr. Sandipan Samiran Chattopadhyay", "age": 47, "title": "MD, CEO & Director", "yearBorn": 1973, "fiscalYear": 2020, "totalPay": 1521600, "exercisedValue": 0, "unexercisedValue": 0}, {"maxAge": 1, "name": "Mr. Srinivas  Koora", "age": 45, "title": "Whole-Time Director & CFO", "yearBorn": 1975, "fiscalYear": 2020, "totalPay": 1521600, "exercisedValue": 0, "unexercisedValue": 0}, {"maxAge": 1, "name": "Ms. Vaishali  Kondbhar", "title": "Company Sec., Compliance Officer & Chief Investor Relations Officer", "fiscalYear": 2020, "totalPay": 516600, "exercisedValue": 0, "unexercisedValue": 0}, {"maxAge": 1, "name": "Mr. Jaison  Jose", "age": 40, "title": "Whole-Time Director", "yearBorn": 1980, "fiscalYear": 2020, "totalPay": 1521600, "exercisedValue": 0, "unexercisedValue": 0}, {"maxAge": 1, "name": "Mr. Prakash  Sanker", "title": "Chief Technology Officer", "exercisedValue": 0, "unexercisedValue": 0}, {"maxAge": 1, "name": "Mr. Arnab  Nandi", "title": "Chief Technical Architect", "exercisedValue": 0, "unexercisedValue": 0}], "compensationAsOfEpochDate": "2020-12-31 05:30:00", "maxAge": 86400}, "cashflowStatementHistory": {"cashflowStatements": [{"maxAge": 1, "endDate": "2020-03-31", "netIncome": -21731390, "depreciation": 5555300, "changeToNetincome": -12356010, "changeToAccountReceivables": -405500, "changeToLiabilities": -5095050, "changeToOperatingActivities": -12080170, "totalCashFromOperatingActivities": -46041820, "capitalExpenditures": -3567800, "investments": 27991710, "otherCashflowsFromInvestingActivities": 9676630, "totalCashflowsFromInvestingActivities": 34100540, "netBorrowings": -6432350, "otherCashflowsFromFinancingActivities": -788900, "totalCashFromFinancingActivities": -7221250, "changeInCash": -19162530}, {"maxAge": 1, "endDate": "2019-03-31", "netIncome": -49838590, "depreciation": 2478380, "changeToNetincome": -3554290, "changeToAccountReceivables": 12458330, "changeToLiabilities": 2243180, "changeToOperatingActivities": -5044480, "totalCashFromOperatingActivities": -41228620, "capitalExpenditures": -2609630, "investments": -165981840, "otherCashflowsFromInvestingActivities": 39240, "totalCashflowsFromInvestingActivities": -168549890, "netBorrowings": 3150000, "otherCashflowsFromFinancingActivities": -26467220, "totalCashFromFinancingActivities": 212667430, "changeInCash": 2888920, "issuanceOfStock": 235984650}, {"maxAge": 1, "endDate": "2018-03-31", "netIncome": -35690760, "depreciation": 729690, "changeToNetincome": -1994820, "changeToAccountReceivables": -19912700, "changeToLiabilities": 3594940, "changeToOperatingActivities": 5476940, "totalCashFromOperatingActivities": -47796710, "capitalExpenditures": -2936830, "investments": -18475280, "otherCashflowsFromInvestingActivities": -692120, "totalCashflowsFromInvestingActivities": -22104230, "netBorrowings": -5196380, "otherCashflowsFromFinancingActivities": 108820, "totalCashFromFinancingActivities": 89543000, "changeInCash": 19642060, "issuanceOfStock": 94630560}, {"maxAge": 1, "endDate": "2017-03-31", "netIncome": -28559320, "depreciation": 909280, "changeToNetincome": 136680390, "changeToAccountReceivables": -4480290, "changeToLiabilities": 127810, "changeToOperatingActivities": 2175820, "totalCashFromOperatingActivities": 106853690, "capitalExpenditures": -700580, "investments": -137411570, "otherCashflowsFromInvestingActivities": -2000000, "totalCashflowsFromInvestingActivities": -140112150, "netBorrowings": 3671380, "otherCashflowsFromFinancingActivities": -54000, "totalCashFromFinancingActivities": 33617370, "changeInCash": 358910, "issuanceOfStock": 29999990}], "maxAge": 86400}, "institutionOwnership": {"ownershipList": [], "maxAge": 1}, "majorHoldersBreakdown": {"maxAge": 1, "insidersPercentHeld": 0.65129, "institutionsPercentHeld": 0.048660003, "institutionsFloatPercentHeld": 0.13955, "institutionsCount": 2}, "balanceSheetHistoryQuarterly": {"balanceSheetStatements": [{"maxAge": 1, "endDate": "2020-12-31", "totalStockholderEquity": 547989780, "netTangibleAssets": 546066750}, {"maxAge": 1, "endDate": "2020-09-30", "cash": 28096530, "shortTermInvestments": 140946480, "netReceivables": 20075970, "otherCurrentAssets": 971100, "totalCurrentAssets": 190090080, "longTermInvestments": 442296420, "propertyPlantEquipment": 6957890, "intangibleAssets": 1923030, "otherAssets": 11454130, "totalAssets": 652721550, "accountsPayable": 1551740, "otherCurrentLiab": 10822070, "otherLiab": 85171240, "totalCurrentLiabilities": 17774700, "totalLiab": 104731770, "commonStock": 137052980, "treasuryStock": 410936800, "otherStockholderEquity": 410936800, "totalStockholderEquity": 547989780, "netTangibleAssets": 546066750}, {"maxAge": 1, "endDate": "2020-06-30"}, {"maxAge": 1, "endDate": "2020-03-31", "cash": 5439340, "shortTermInvestments": 132022630, "netReceivables": 22078140, "otherCurrentAssets": 553740, "totalCurrentAssets": 160672240, "longTermInvestments": 349513870, "propertyPlantEquipment": 9271060, "intangibleAssets": 1955370, "otherAssets": 13933810, "totalAssets": 535346350, "accountsPayable": 1495340, "otherLiab": 67014630, "totalCurrentLiabilities": 16459380, "totalLiab": 86962560, "commonStock": 137052980, "retainedEarnings": -21073070, "treasuryStock": 118669230, "capitalSurplus": 213734650, "otherStockholderEquity": 118669230, "totalStockholderEquity": 448383790, "netTangibleAssets": 446428420}], "maxAge": 86400}, "indexTrend": {"maxAge": 1, "symbol": "SP5", "peRatio": 19.7411, "pegRatio": 1.34172, "estimates": [{"period": "0q", "growth": 0.549}, {"period": "+1q", "growth": 0.431}, {"period": "0y", "growth": 0.305}, {"period": "+1y", "growth": 0.109}, {"period": "+5y", "growth": 0.120865}, {"period": "-5y"}]}, "defaultKeyStatistics": {"maxAge": 1, "priceHint": 2, "enterpriseValue": 3718094592, "profitMargins": 0.34131, "floatShares": 4648974, "sharesOutstanding": 13705300, "heldPercentInsiders": 0.65129, "heldPercentInstitutions": 0.048660003, "beta": 1.211843, "category": null, "bookValue": 39.96, "priceToBook": 7.0883384, "fundFamily": null, "legalType": null, "lastFiscalYearEnd": "2020-03-31 05:30:00", "nextFiscalYearEnd": "2022-03-31 05:30:00", "mostRecentQuarter": "2020-12-31 05:30:00", "netIncomeToCommon": 46994880, "trailingEps": 3.42, "lastSplitFactor": null, "enterpriseToRevenue": 27.003, "enterpriseToEbitda": 93.308}, "summaryProfile": {"address1": "Agies Building, #17", "address2": "4th Floor, 5th Block 1st A Cross Koramangala", "city": "Bengaluru", "zip": "560095", "country": "India", "phone": "08043708160", "website": "http://www.xelpmoc.in", "industry": "Information Technology Services", "sector": "Technology", "fullTimeEmployees": 61, "companyOfficers": [], "maxAge": 86400}, "netSharePurchaseActivity": {"maxAge": 1, "period": "6m", "buyInfoCount": 0, "buyInfoShares": 0, "sellInfoCount": 0, "netInfoCount": 0, "netInfoShares": 0, "netPercentInsiderShares": 0.0, "totalInsiderShares": 8926124}, "insiderTransactions": {"transactions": [{"maxAge": 1, "shares": 155161, "filerUrl": "", "transactionText": "", "filerName": "University of Notre Dame du Lac", "filerRelation": "Promoter", "moneyText": "", "startDate": "2020-10-16", "ownership": "D"}, {"maxAge": 1, "shares": 5000, "value": 10715, "filerUrl": "", "transactionText": "Sale at price 2.14 per share.", "filerName": "Koora (Srinivas)", "filerRelation": "Promoter", "moneyText": "", "startDate": "2020-08-24", "ownership": "D"}, {"maxAge": 1, "shares": 64000, "value": 137843, "filerUrl": "", "transactionText": "Sale at price 2.15 per share.", "filerName": "Koora (Srinivas)", "filerRelation": "Promoter", "moneyText": "", "startDate": "2020-08-24", "ownership": "D"}, {"maxAge": 1, "shares": 10000, "value": 20597, "filerUrl": "", "transactionText": "Sale at price 2.06 per share.", "filerName": "Koora (Srinivas)", "filerRelation": "Promoter", "moneyText": "", "startDate": "2020-08-21", "ownership": "D"}, {"maxAge": 1, "shares": 38500, "value": 79290, "filerUrl": "", "transactionText": "Sale at price 2.06 per share.", "filerName": "Koora (Srinivas)", "filerRelation": "Promoter", "moneyText": "", "startDate": "2020-08-21", "ownership": "D"}], "maxAge": 1}, "quoteType": {"exchange": "NSI", "quoteType": "EQUITY", "symbol": "XELPMOC.NS", "underlyingSymbol": "XELPMOC.NS", "shortName": "XELPMOC DESIGN AND", "longName": "Xelpmoc Design and Tech Limited", "firstTradeDateEpochUtc": "2019-02-04 09:15:00", "timeZoneFullName": "Asia/Kolkata", "timeZoneShortName": "IST", "uuid": "9617da94-1a25-33f7-aed6-6be0946bc4d6", "gmtOffSetMilliseconds": 19800000, "maxAge": 1}, "incomeStatementHistory": {"incomeStatementHistory": [{"maxAge": 1, "endDate": "2020-03-31", "totalRevenue": 81113290, "costOfRevenue": 66471250, "grossProfit": 14642040, "researchDevelopment": {}, "sellingGeneralAdministrative": 6340150, "nonRecurring": {}, "otherOperatingExpenses": 31807550, "totalOperatingExpenses": 113886630, "operatingIncome": -32773340, "totalOtherIncomeExpenseNet": 11639540, "ebit": -32773340, "interestExpense": -803340, "incomeBeforeTax": -21133800, "incomeTaxExpense": 597590, "minorityInterest": {}, "netIncomeFromContinuingOps": -21731390, "discontinuedOperations": {}, "extraordinaryItems": {}, "effectOfAccountingCharges": {}, "otherItems": {}, "netIncome": -21731390, "netIncomeApplicableToCommonShares": -21731390}, {"maxAge": 1, "endDate": "2019-03-31", "totalRevenue": 60886950, "costOfRevenue": 61626250, "grossProfit": -739300, "researchDevelopment": {}, "sellingGeneralAdministrative": 6340150, "nonRecurring": {}, "otherOperatingExpenses": 48572010, "totalOperatingExpenses": 112705490, "operatingIncome": -51818540, "totalOtherIncomeExpenseNet": 1392760, "ebit": -51818540, "interestExpense": -12380, "incomeBeforeTax": -50425780, "incomeTaxExpense": -587190, "minorityInterest": {}, "netIncomeFromContinuingOps": -49838590, "discontinuedOperations": {}, "extraordinaryItems": {}, "effectOfAccountingCharges": {}, "otherItems": {}, "netIncome": -49838590, "netIncomeApplicableToCommonShares": -49838590}, {"maxAge": 1, "endDate": "2018-03-31", "totalRevenue": 53601340, "costOfRevenue": 37804980, "grossProfit": 15796360, "researchDevelopment": {}, "sellingGeneralAdministrative": 3910230, "nonRecurring": {}, "otherOperatingExpenses": 46994090, "totalOperatingExpenses": 89438990, "operatingIncome": -35837650, "totalOtherIncomeExpenseNet": 906280, "ebit": -35837650, "interestExpense": -34940, "incomeBeforeTax": -34931370, "incomeTaxExpense": 759390, "minorityInterest": {}, "netIncomeFromContinuingOps": -35690760, "discontinuedOperations": {}, "extraordinaryItems": {}, "effectOfAccountingCharges": {}, "otherItems": {}, "netIncome": -35690760, "netIncomeApplicableToCommonShares": -35690760}, {"maxAge": 1, "endDate": "2017-03-31", "totalRevenue": 18838960, "costOfRevenue": 32637710, "grossProfit": -13798750, "researchDevelopment": {}, "sellingGeneralAdministrative": 1946880, "nonRecurring": {}, "otherOperatingExpenses": 12052580, "totalOperatingExpenses": 47546450, "operatingIncome": -28707490, "totalOtherIncomeExpenseNet": 202910, "ebit": -28707490, "interestExpense": -54310, "incomeBeforeTax": -28504580, "incomeTaxExpense": 54740, "minorityInterest": {}, "netIncomeFromContinuingOps": -28559320, "discontinuedOperations": {}, "extraordinaryItems": {}, "effectOfAccountingCharges": {}, "otherItems": {}, "netIncome": -28559320, "netIncomeApplicableToCommonShares": -28559320}], "maxAge": 86400}, "fundOwnership": {"ownershipList": [], "maxAge": 1}, "summaryDetail": {"maxAge": 1, "priceHint": 2, "previousClose": 283.1, "open": 280.15, "dayLow": 280.15, "dayHigh": 288.6, "regularMarketPreviousClose": 283.1, "regularMarketOpen": 280.15, "regularMarketDayLow": 280.15, "regularMarketDayHigh": 288.6, "payoutRatio": 0.0, "beta": 1.211843, "trailingPE": 82.82163, "volume": 19141, "regularMarketVolume": 19141, "averageVolume": 36310, "averageVolume10days": 34270, "averageDailyVolume10Day": 34270, "bid": 0.0, "ask": 0.0, "bidSize": 0, "askSize": 0, "marketCap": 3851180288, "fiftyTwoWeekLow": 39.65, "fiftyTwoWeekHigh": 387.3, "priceToSalesTrailing12Months": 27.969809, "fiftyDayAverage": 280.9485, "twoHundredDayAverage": 284.14392, "currency": "INR", "fromCurrency": null, "lastMarket": null, "algorithm": null, "tradeable": false}, "incomeStatementHistoryQuarterly": {"incomeStatementHistory": [{"maxAge": 1, "endDate": "2020-12-31", "totalRevenue": 35295740, "costOfRevenue": 15867450, "grossProfit": 19428290, "researchDevelopment": {}, "sellingGeneralAdministrative": {}, "nonRecurring": {}, "otherOperatingExpenses": 10985930, "totalOperatingExpenses": 28141700, "operatingIncome": 7154040, "totalOtherIncomeExpenseNet": 3407420, "ebit": 7154040, "interestExpense": -129250, "incomeBeforeTax": 10561460, "incomeTaxExpense": 566560, "minorityInterest": {}, "netIncomeFromContinuingOps": 9994900, "discontinuedOperations": {}, "extraordinaryItems": {}, "effectOfAccountingCharges": {}, "otherItems": {}, "netIncome": 9994900, "netIncomeApplicableToCommonShares": 9994900}, {"maxAge": 1, "endDate": "2020-09-30", "totalRevenue": 34748120, "costOfRevenue": 9950300, "grossProfit": 24797820, "researchDevelopment": {}, "sellingGeneralAdministrative": {}, "nonRecurring": {}, "otherOperatingExpenses": 9857060, "totalOperatingExpenses": 21046540, "operatingIncome": 13701580, "totalOtherIncomeExpenseNet": 1755860, "ebit": 13701580, "interestExpense": -135110, "incomeBeforeTax": 15457440, "incomeTaxExpense": -175970, "minorityInterest": {}, "netIncomeFromContinuingOps": 15633410, "discontinuedOperations": {}, "extraordinaryItems": {}, "effectOfAccountingCharges": {}, "otherItems": {}, "netIncome": 15633410, "netIncomeApplicableToCommonShares": 15633410}, {"maxAge": 1, "endDate": "2020-06-30", "totalRevenue": 35053540, "costOfRevenue": 10484920, "grossProfit": 24568620, "researchDevelopment": {}, "sellingGeneralAdministrative": {}, "nonRecurring": {}, "otherOperatingExpenses": 10508790, "totalOperatingExpenses": 22219230, "operatingIncome": 12834310, "totalOtherIncomeExpenseNet": 4841100, "ebit": 12834310, "interestExpense": -154530, "incomeBeforeTax": 17675410, "incomeTaxExpense": 968000, "minorityInterest": {}, "netIncomeFromContinuingOps": 16707410, "discontinuedOperations": {}, "extraordinaryItems": {}, "effectOfAccountingCharges": {}, "otherItems": {}, "netIncome": 16707410, "netIncomeApplicableToCommonShares": 16707410}, {"maxAge": 1, "endDate": "2020-03-31", "totalRevenue": 32593220, "costOfRevenue": 16048450, "grossProfit": 16544770, "researchDevelopment": {}, "sellingGeneralAdministrative": 6340150, "nonRecurring": {}, "otherOperatingExpenses": 942100, "totalOperatingExpenses": 28420380, "operatingIncome": 4172840, "totalOtherIncomeExpenseNet": 2261650, "ebit": 4172840, "interestExpense": -171900, "incomeBeforeTax": 6434490, "incomeTaxExpense": 1775330, "minorityInterest": {}, "netIncomeFromContinuingOps": 4659160, "discontinuedOperations": {}, "extraordinaryItems": {}, "effectOfAccountingCharges": {}, "otherItems": {}, "netIncome": 4659160, "netIncomeApplicableToCommonShares": 4659160}], "maxAge": 86400}, "cashflowStatementHistoryQuarterly": {"cashflowStatements": [{"maxAge": 1, "endDate": "2020-12-31", "netIncome": 9994900, "changeToLiabilities": 0}, {"maxAge": 1, "endDate": "2020-09-30", "netIncome": 15633410, "changeToLiabilities": 0}, {"maxAge": 1, "endDate": "2020-06-30", "netIncome": 16707410, "changeToLiabilities": 0}, {"maxAge": 1, "endDate": "2020-03-31", "netIncome": 4659160, "changeToLiabilities": 0}], "maxAge": 86400}, "insiderHolders": {"holders": [{"maxAge": 1, "name": "Koora (Srinivas)", "relation": "Promoter", "url": "", "transactionDescription": "Sale", "latestTransDate": "2020-08-24", "positionDirect": 2483098, "positionDirectDate": "2020-08-24"}, {"maxAge": 1, "name": "University of Notre Dame du Lac", "relation": "Promoter", "url": "", "transactionDescription": "Sale", "latestTransDate": "2020-10-16", "positionDirect": 648639, "positionDirectDate": "2020-10-16"}], "maxAge": 1}, "calendarEvents": {"maxAge": 1, "earnings": {"earningsDate": ["2021-02-03 05:30:S"]}}, "upgradeDowngradeHistory": {"history": [], "maxAge": 86400}, "price": {"maxAge": 1, "regularMarketChangePercent": 0.00052982656, "regularMarketChange": 0.1499939, "regularMarketTime": "2021-04-30 15:29:37", "priceHint": 2, "regularMarketPrice": 283.25, "regularMarketDayHigh": 288.6, "regularMarketDayLow": 280.15, "regularMarketVolume": 19141, "averageDailyVolume10Day": 34270, "averageDailyVolume3Month": 36310, "regularMarketPreviousClose": 283.1, "regularMarketSource": "FREE_REALTIME", "regularMarketOpen": 280.15, "exchange": "NSI", "exchangeName": "NSE", "exchangeDataDelayedBy": 15, "marketState": "CLOSED", "quoteType": "EQUITY", "symbol": "XELPMOC.NS", "underlyingSymbol": null, "shortName": "XELPMOC DESIGN AND", "longName": "Xelpmoc Design and Tech Limited", "currency": "INR", "quoteSourceName": "Delayed Quote", "currencySymbol": "\u20b9", "fromCurrency": null, "lastMarket": null, "marketCap": 3851180288}, "balanceSheetHistory": {"balanceSheetStatements": [{"maxAge": 1, "endDate": "2020-03-31", "cash": 5439340, "shortTermInvestments": 132022630, "netReceivables": 22078140, "otherCurrentAssets": 553740, "totalCurrentAssets": 160672240, "longTermInvestments": 349513870, "propertyPlantEquipment": 9271060, "intangibleAssets": 1955370, "otherAssets": 13933810, "totalAssets": 535346350, "accountsPayable": 1495340, "otherLiab": 67014630, "totalCurrentLiabilities": 16459380, "totalLiab": 86962560, "commonStock": 137052980, "retainedEarnings": -21073070, "treasuryStock": 118669230, "capitalSurplus": 213734650, "otherStockholderEquity": 118669230, "totalStockholderEquity": 448383790, "netTangibleAssets": 446428420}, {"maxAge": 1, "endDate": "2019-03-31", "cash": 24601870, "shortTermInvestments": 160816350, "netReceivables": 11223410, "otherCurrentAssets": 7011740, "totalCurrentAssets": 204224180, "longTermInvestments": 274885610, "propertyPlantEquipment": 2137030, "intangibleAssets": 1052590, "otherAssets": 15762720, "totalAssets": 498062130, "accountsPayable": 6590390, "otherCurrentLiab": 178820, "otherLiab": 67041070, "totalCurrentLiabilities": 24621210, "totalLiab": 91662280, "commonStock": 137052980, "retainedEarnings": -506180, "treasuryStock": 56118400, "capitalSurplus": 213734650, "otherStockholderEquity": 56118400, "totalStockholderEquity": 406399850, "netTangibleAssets": 405347260}, {"maxAge": 1, "endDate": "2018-03-31", "cash": 21712950, "netReceivables": 21516170, "otherCurrentAssets": 1859090, "totalCurrentAssets": 45088210, "longTermInvestments": 192545340, "propertyPlantEquipment": 3089550, "otherAssets": 10220810, "totalAssets": 250943910, "accountsPayable": 4347210, "otherCurrentLiab": 656830, "otherLiab": 47374760, "totalCurrentLiabilities": 13267600, "totalLiab": 60642360, "commonStock": 65171320, "retainedEarnings": 47189150, "treasuryStock": -268140, "capitalSurplus": 78209220, "otherStockholderEquity": -268140, "totalStockholderEquity": 190301550, "netTangibleAssets": 190301550}, {"maxAge": 1, "endDate": "2017-03-31", "cash": 2070890, "netReceivables": 5003750, "otherCurrentAssets": 610520, "totalCurrentAssets": 7876500, "longTermInvestments": 174101220, "propertyPlantEquipment": 882410, "otherAssets": 4347690, "totalAssets": 187207820, "accountsPayable": 752270, "otherCurrentLiab": 675880, "otherLiab": 45590480, "totalCurrentLiabilities": 9486380, "totalLiab": 55076860, "commonStock": 48749980, "retainedEarnings": -45289760, "treasuryStock": 128670740, "otherStockholderEquity": 128670740, "totalStockholderEquity": 132130960, "netTangibleAssets": 132130960}], "maxAge": 86400}, "financialData": {"maxAge": 86400, "currentPrice": 283.25, "recommendationKey": "none", "totalCash": 169043008, "totalCashPerShare": 12.334, "ebitda": 39847416, "totalDebt": 5112030, "totalRevenue": 137690624, "debtToEquity": 0.933, "revenuePerShare": 10.032, "grossProfits": 14642040, "revenueGrowth": 0.656, "grossMargins": 0.61305, "ebitdaMargins": 0.2894, "operatingMargins": 0.27506, "profitMargins": 0.34131, "financialCurrency": "INR"}}}