{"YAMNINV.BO": {"cashflowStatementHistory": {"cashflowStatements": [{"maxAge": 1, "endDate": "2020-03-31", "netIncome": 1863000, "depreciation": 514000, "changeToNetincome": -1259000, "changeToAccountReceivables": 6045000, "changeToLiabilities": 0, "changeToInventory": 1476000, "changeToOperatingActivities": -11336000, "totalCashFromOperatingActivities": -2697000, "changeInCash": -2697000}, {"maxAge": 1, "endDate": "2019-03-31", "netIncome": 1869566, "depreciation": 513753, "changeToNetincome": 422504, "changeToAccountReceivables": 2214457, "changeToLiabilities": 0, "changeToInventory": 1672200, "changeToOperatingActivities": 17460672, "totalCashFromOperatingActivities": 24153152, "investments": -22443660, "totalCashflowsFromInvestingActivities": -22443660, "changeInCash": 1709492}, {"maxAge": 1, "endDate": "2018-03-31", "netIncome": 1499459, "depreciation": 936260, "changeToNetincome": 328489, "changeToAccountReceivables": 2758393, "changeToLiabilities": 0, "changeToInventory": -4997200, "changeToOperatingActivities": 42145264, "totalCashFromOperatingActivities": 42670665, "investments": -45000000, "totalCashflowsFromInvestingActivities": -45000000, "changeInCash": -2329335}, {"maxAge": 1, "endDate": "2017-03-31", "netIncome": 1212551, "depreciation": 936260, "changeToNetincome": -110427, "changeToAccountReceivables": -25772971, "changeToLiabilities": 0, "changeToInventory": 24756539, "changeToOperatingActivities": 50080610, "totalCashFromOperatingActivities": 51102562, "investments": -55900000, "totalCashflowsFromInvestingActivities": -55900000, "changeInCash": -4797438}], "maxAge": 86400}, "institutionOwnership": {"maxAge": 1, "ownershipList": []}, "balanceSheetHistoryQuarterly": {"balanceSheetStatements": [{"maxAge": 1, "endDate": "2020-06-30", "totalStockholderEquity": 668732000, "netTangibleAssets": 668732000}, {"maxAge": 1, "endDate": "2020-03-31", "cash": 258000, "shortTermInvestments": 323835000, "netReceivables": 352984000, "inventory": 3648000, "totalCurrentAssets": 680725000, "propertyPlantEquipment": 676000, "otherAssets": 262000, "deferredLongTermAssetCharges": 262000, "totalAssets": 681663000, "accountsPayable": 12012000, "otherCurrentLiab": 919000, "totalCurrentLiabilities": 12931000, "totalLiab": 12931000, "commonStock": 525726000, "treasuryStock": 143006000, "otherStockholderEquity": 143006000, "totalStockholderEquity": 668732000, "netTangibleAssets": 668732000}, {"maxAge": 1, "endDate": "2019-12-31", "totalStockholderEquity": 669734000, "netTangibleAssets": 669734000}, {"maxAge": 1, "endDate": "2019-09-30", "cash": 540000, "shortTermInvestments": 323647000, "netReceivables": 343852000, "inventory": 3648000, "totalCurrentAssets": 671687000, "propertyPlantEquipment": 933000, "otherAssets": 191000, "deferredLongTermAssetCharges": 191000, "totalAssets": 672811000, "accountsPayable": 448000, "otherCurrentLiab": 2629000, "totalCurrentLiabilities": 3077000, "totalLiab": 3077000, "commonStock": 525726000, "treasuryStock": 144008000, "otherStockholderEquity": 144008000, "totalStockholderEquity": 669734000, "netTangibleAssets": 669734000}], "maxAge": 86400}, "indexTrend": {"maxAge": 1, "symbol": "SP5", "peRatio": 19.7411, "pegRatio": 1.34172, "estimates": [{"period": "0q", "growth": 0.549}, {"period": "+1q", "growth": 0.431}, {"period": "0y", "growth": 0.305}, {"period": "+1y", "growth": 0.109}, {"period": "+5y", "growth": 0.120859005}, {"period": "-5y"}]}, "insiderTransactions": {"transactions": [{"maxAge": 1, "shares": 28550, "filerUrl": "", "transactionText": "", "filerName": "Agarwal (Vandana)", "filerRelation": "UNREPORTED", "moneyText": "", "startDate": "2013-01-24", "ownership": "D"}, {"maxAge": 1, "shares": 7000, "filerUrl": "", "transactionText": "", "filerName": "Jha (Narayan)", "filerRelation": "Director", "moneyText": "", "startDate": "2013-01-24", "ownership": "D"}], "maxAge": 1}, "quoteType": {"exchange": "BSE", "quoteType": "EQUITY", "symbol": "YAMNINV.BO", "underlyingSymbol": "YAMNINV.BO", "shortName": "YAMINI INVESTMENTS COMPANY LTD", "longName": "Yamini Investments Company Limited", "firstTradeDateEpochUtc": "2012-05-29 09:15:00", "timeZoneFullName": "Asia/Kolkata", "timeZoneShortName": "IST", "uuid": "10c2f3a3-fb76-3e54-bdcf-4636f8d3360e", "messageBoardId": null, "gmtOffSetMilliseconds": 19800000, "maxAge": 1}, "incomeStatementHistory": {"incomeStatementHistory": [{"maxAge": 1, "endDate": "2020-03-31", "totalRevenue": 44865000, "costOfRevenue": 35906000, "grossProfit": 8959000, "researchDevelopment": {}, "sellingGeneralAdministrative": 1756000, "nonRecurring": {}, "otherOperatingExpenses": 4171000, "totalOperatingExpenses": 42347000, "operatingIncome": 2518000, "totalOtherIncomeExpenseNet": 0, "ebit": 2518000, "interestExpense": {}, "incomeBeforeTax": 2518000, "incomeTaxExpense": 655000, "minorityInterest": {}, "netIncomeFromContinuingOps": 1863000, "discontinuedOperations": {}, "extraordinaryItems": {}, "effectOfAccountingCharges": {}, "otherItems": {}, "netIncome": 1863000, "netIncomeApplicableToCommonShares": 1863000}, {"maxAge": 1, "endDate": "2019-03-31", "totalRevenue": 22032930, "costOfRevenue": 14848870, "grossProfit": 7184060, "researchDevelopment": {}, "sellingGeneralAdministrative": 1975261, "nonRecurring": {}, "otherOperatingExpenses": 2399027, "totalOperatingExpenses": 19736911, "operatingIncome": 2296019, "totalOtherIncomeExpenseNet": -3949, "ebit": 2296019, "interestExpense": -3831, "incomeBeforeTax": 2292070, "incomeTaxExpense": 422504, "minorityInterest": {}, "netIncomeFromContinuingOps": 1869566, "discontinuedOperations": {}, "extraordinaryItems": {}, "effectOfAccountingCharges": {}, "otherItems": {}, "netIncome": 1869566, "netIncomeApplicableToCommonShares": 1869566}, {"maxAge": 1, "endDate": "2018-03-31", "totalRevenue": 45677029, "costOfRevenue": 37420458, "grossProfit": 8256571, "researchDevelopment": {}, "sellingGeneralAdministrative": 2482134, "nonRecurring": {}, "otherOperatingExpenses": 3004119, "totalOperatingExpenses": 43842971, "operatingIncome": 1834058, "totalOtherIncomeExpenseNet": -6110, "ebit": 1834058, "interestExpense": -792, "incomeBeforeTax": 1827948, "incomeTaxExpense": 328489, "minorityInterest": {}, "netIncomeFromContinuingOps": 1499459, "discontinuedOperations": {}, "extraordinaryItems": {}, "effectOfAccountingCharges": {}, "otherItems": {}, "netIncome": 1499459, "netIncomeApplicableToCommonShares": 1499459}, {"maxAge": 1, "endDate": "2017-03-31", "totalRevenue": 103648927, "costOfRevenue": 93696561, "grossProfit": 9952366, "researchDevelopment": {}, "sellingGeneralAdministrative": 3149479, "nonRecurring": {}, "otherOperatingExpenses": 4260567, "totalOperatingExpenses": 102042867, "operatingIncome": 1606060, "totalOtherIncomeExpenseNet": -11096, "ebit": 1606060, "interestExpense": -45, "incomeBeforeTax": 1594964, "incomeTaxExpense": 382413, "minorityInterest": {}, "netIncomeFromContinuingOps": 1212551, "discontinuedOperations": {}, "extraordinaryItems": {}, "effectOfAccountingCharges": {}, "otherItems": {}, "netIncome": 1212551, "netIncomeApplicableToCommonShares": 1212551}], "maxAge": 86400}, "fundOwnership": {"maxAge": 1, "ownershipList": []}, "summaryDetail": {"maxAge": 1, "priceHint": 4, "previousClose": 0.36, "open": 0.36, "dayLow": 0.36, "dayHigh": 0.37, "regularMarketPreviousClose": 0.36, "regularMarketOpen": 0.36, "regularMarketDayLow": 0.36, "regularMarketDayHigh": 0.37, "trailingPE": 92.5, "volume": 29704, "regularMarketVolume": 29704, "averageVolume": 47925, "averageVolume10days": 31967, "averageDailyVolume10Day": 31967, "bid": 0.37, "ask": 0.0, "bidSize": 0, "askSize": 0, "marketCap": 194518624, "fiftyTwoWeekLow": 0.19, "fiftyTwoWeekHigh": 0.7, "fiftyDayAverage": 0.556, "twoHundredDayAverage": 0.34678832, "currency": "INR", "fromCurrency": null, "toCurrency": null, "lastMarket": null, "algorithm": null, "tradeable": false}, "incomeStatementHistoryQuarterly": {"incomeStatementHistory": [{"maxAge": 1, "endDate": "2020-06-30", "totalRevenue": 785000, "costOfRevenue": 0, "grossProfit": 785000, "researchDevelopment": {}, "sellingGeneralAdministrative": 241000, "nonRecurring": {}, "otherOperatingExpenses": 611000, "totalOperatingExpenses": 932000, "operatingIncome": -147000, "totalOtherIncomeExpenseNet": 0, "ebit": -147000, "interestExpense": {}, "incomeBeforeTax": -147000, "incomeTaxExpense": 0, "minorityInterest": {}, "netIncomeFromContinuingOps": -147000, "discontinuedOperations": {}, "extraordinaryItems": {}, "effectOfAccountingCharges": {}, "otherItems": {}, "netIncome": -147000, "netIncomeApplicableToCommonShares": -147000}, {"maxAge": 1, "endDate": "2020-03-31", "totalRevenue": 37138000, "costOfRevenue": 34430000, "grossProfit": 2708000, "researchDevelopment": {}, "sellingGeneralAdministrative": 682000, "nonRecurring": {}, "otherOperatingExpenses": 975000, "totalOperatingExpenses": 36216000, "operatingIncome": 922000, "totalOtherIncomeExpenseNet": 0, "ebit": 922000, "interestExpense": {}, "incomeBeforeTax": 922000, "incomeTaxExpense": -222000, "minorityInterest": {}, "netIncomeFromContinuingOps": 1144000, "discontinuedOperations": {}, "extraordinaryItems": {}, "effectOfAccountingCharges": {}, "otherItems": {}, "netIncome": 1144000, "netIncomeApplicableToCommonShares": 1144000}, {"maxAge": 1, "endDate": "2019-12-31", "totalRevenue": 906000, "costOfRevenue": 0, "grossProfit": 906000, "researchDevelopment": {}, "sellingGeneralAdministrative": 363000, "nonRecurring": {}, "otherOperatingExpenses": 2195000, "totalOperatingExpenses": 2686000, "operatingIncome": -1780000, "totalOtherIncomeExpenseNet": 0, "ebit": -1780000, "interestExpense": {}, "incomeBeforeTax": -1780000, "incomeTaxExpense": 0, "minorityInterest": {}, "netIncomeFromContinuingOps": -1780000, "discontinuedOperations": {}, "extraordinaryItems": {}, "effectOfAccountingCharges": {}, "otherItems": {}, "netIncome": -1780000, "netIncomeApplicableToCommonShares": -1780000}, {"maxAge": 1, "endDate": "2019-09-30", "totalRevenue": 5016000, "costOfRevenue": 1476000, "grossProfit": 3540000, "researchDevelopment": {}, "sellingGeneralAdministrative": 393000, "nonRecurring": {}, "otherOperatingExpenses": 395000, "totalOperatingExpenses": 2393000, "operatingIncome": 2623000, "totalOtherIncomeExpenseNet": 0, "ebit": 2623000, "interestExpense": {}, "incomeBeforeTax": 2623000, "incomeTaxExpense": 682000, "minorityInterest": {}, "netIncomeFromContinuingOps": 1941000, "discontinuedOperations": {}, "extraordinaryItems": {}, "effectOfAccountingCharges": {}, "otherItems": {}, "netIncome": 1941000, "netIncomeApplicableToCommonShares": 1941000}], "maxAge": 86400}, "cashflowStatementHistoryQuarterly": {"cashflowStatements": [{"maxAge": 1, "endDate": "2020-06-30", "netIncome": -147000, "changeToLiabilities": 0}, {"maxAge": 1, "endDate": "2020-03-31", "netIncome": 1144000, "changeToLiabilities": 0}, {"maxAge": 1, "endDate": "2019-12-31", "netIncome": -1780000, "changeToLiabilities": 0}, {"maxAge": 1, "endDate": "2019-09-30", "netIncome": 1941000, "changeToLiabilities": 0}], "maxAge": 86400}, "insiderHolders": {"holders": [{"maxAge": 1, "name": "Agarwal (Vandana)", "relation": "UNREPORTED", "url": "", "transactionDescription": "Acquisition", "latestTransDate": "2013-01-24", "positionDirect": 28550, "positionDirectDate": "2013-01-24"}, {"maxAge": 1, "name": "Jha (Narayan)", "relation": "Director", "url": "", "transactionDescription": "Sale", "latestTransDate": "2013-01-24", "positionDirect": 0, "positionDirectDate": "2013-01-24"}], "maxAge": 1}, "calendarEvents": {"maxAge": 1, "earnings": {"earningsDate": ["2020-09-02 05:30:S"]}}, "price": {"maxAge": 1, "regularMarketChangePercent": 0.02777775, "regularMarketChange": 0.00999999, "regularMarketTime": "2021-04-30 15:09:32", "priceHint": 4, "regularMarketPrice": 0.37, "regularMarketDayHigh": 0.37, "regularMarketDayLow": 0.36, "regularMarketVolume": 29704, "averageDailyVolume10Day": 31967, "averageDailyVolume3Month": 47925, "regularMarketPreviousClose": 0.36, "regularMarketSource": "FREE_REALTIME", "regularMarketOpen": 0.36, "exchange": "BSE", "exchangeName": "BSE", "exchangeDataDelayedBy": 0, "marketState": "CLOSED", "quoteType": "EQUITY", "symbol": "YAMNINV.BO", "underlyingSymbol": null, "shortName": "YAMINI INVESTMENTS COMPANY LTD", "longName": "Yamini Investments Company Limited", "currency": "INR", "quoteSourceName": "Delayed Quote", "currencySymbol": "\u20b9", "fromCurrency": null, "toCurrency": null, "lastMarket": null, "marketCap": 194518624}, "balanceSheetHistory": {"balanceSheetStatements": [{"maxAge": 1, "endDate": "2020-03-31", "cash": 258000, "shortTermInvestments": 323835000, "netReceivables": 352984000, "inventory": 3648000, "totalCurrentAssets": 680725000, "propertyPlantEquipment": 676000, "otherAssets": 262000, "deferredLongTermAssetCharges": 262000, "totalAssets": 681663000, "accountsPayable": 12012000, "otherCurrentLiab": 919000, "totalCurrentLiabilities": 12931000, "totalLiab": 12931000, "commonStock": 525726000, "treasuryStock": 143006000, "otherStockholderEquity": 143006000, "totalStockholderEquity": 668732000, "netTangibleAssets": 668732000}, {"maxAge": 1, "endDate": "2019-03-31", "cash": 2955366, "netReceivables": 343268501, "otherCurrentAssets": 6768221, "totalCurrentAssets": 358116388, "longTermInvestments": 323343660, "propertyPlantEquipment": 1189458, "totalAssets": 682649506, "accountsPayable": 13682869, "otherCurrentLiab": 1749349, "otherLiab": -58909, "totalCurrentLiabilities": 15471959, "totalLiab": 15413050, "commonStock": 525726400, "retainedEarnings": 10678456, "capitalSurplus": 130831600, "totalStockholderEquity": 667236456, "netTangibleAssets": 667236456}, {"maxAge": 1, "endDate": "2018-03-31", "cash": 1245874, "netReceivables": 350295455, "otherCurrentAssets": 11398862, "totalCurrentAssets": 369736691, "longTermInvestments": 300900000, "propertyPlantEquipment": 1703211, "totalAssets": 672339902, "accountsPayable": 5731836, "otherCurrentLiab": 1313158, "otherLiab": -131982, "totalCurrentLiabilities": 7104994, "totalLiab": 6973012, "commonStock": 525726400, "retainedEarnings": 8808890, "capitalSurplus": 130831600, "totalStockholderEquity": 665366890, "netTangibleAssets": 665366890}, {"maxAge": 1, "endDate": "2017-03-31", "cash": 3575209, "netReceivables": 344539761, "otherCurrentAssets": 58984026, "totalCurrentAssets": 408898296, "longTermInvestments": 255900000, "propertyPlantEquipment": 2639471, "totalAssets": 667437767, "accountsPayable": 2689653, "otherCurrentLiab": 765457, "otherLiab": 10226, "totalCurrentLiabilities": 3560110, "totalLiab": 3570336, "commonStock": 525726400, "retainedEarnings": 7309431, "capitalSurplus": 130831600, "totalStockholderEquity": 663867431, "netTangibleAssets": 663867431}], "maxAge": 86400}, "financialData": {"maxAge": 86400, "currentPrice": 0.37, "recommendationKey": "none", "grossProfits": 8959000, "financialCurrency": "INR"}}}