{"YASHMGM.BO": {"cashflowStatementHistory": {"cashflowStatements": [{"maxAge": 1, "endDate": "2020-03-31", "netIncome": -2365720, "depreciation": 1133030, "changeToNetincome": -3889250, "changeToAccountReceivables": 4293290, "changeToLiabilities": 0, "changeToInventory": 38270, "changeToOperatingActivities": -976350, "totalCashFromOperatingActivities": -1766730, "capitalExpenditures": -193850, "investments": -20960210, "otherCashflowsFromInvestingActivities": 6829610, "totalCashflowsFromInvestingActivities": -14314450, "netBorrowings": -953870, "otherCashflowsFromFinancingActivities": -977960, "totalCashFromFinancingActivities": -1931830, "changeInCash": -18013010}, {"maxAge": 1, "endDate": "2019-03-31", "netIncome": 1379490, "depreciation": 1158270, "changeToNetincome": -8141690, "changeToAccountReceivables": 8978160, "changeToLiabilities": -2562400, "changeToInventory": 3088580, "changeToOperatingActivities": 299490, "totalCashFromOperatingActivities": 4199900, "capitalExpenditures": -2584300, "investments": 10406920, "otherCashflowsFromInvestingActivities": 8763390, "totalCashflowsFromInvestingActivities": 16586010, "netBorrowings": -8830350, "otherCashflowsFromFinancingActivities": -915960, "totalCashFromFinancingActivities": -9746310, "changeInCash": 11039600}, {"maxAge": 1, "endDate": "2018-03-31", "netIncome": 6796520, "depreciation": 705830, "changeToNetincome": -14167380, "changeToAccountReceivables": -12684990, "changeToLiabilities": -421910, "changeToInventory": 3130590, "changeToOperatingActivities": -1417330, "totalCashFromOperatingActivities": -18058670, "capitalExpenditures": -7982680, "investments": -43810420, "otherCashflowsFromInvestingActivities": 8433750, "totalCashflowsFromInvestingActivities": -43359350, "netBorrowings": -3984360, "otherCashflowsFromFinancingActivities": -1154290, "totalCashFromFinancingActivities": 67843350, "changeInCash": 6425330, "issuanceOfStock": 72982000}, {"maxAge": 1, "endDate": "2017-03-31", "netIncome": 386620, "depreciation": 404510, "changeToNetincome": -5029470, "changeToAccountReceivables": 754800, "changeToLiabilities": -10438480, "changeToInventory": 3709550, "changeToOperatingActivities": 43040, "totalCashFromOperatingActivities": -10169430, "capitalExpenditures": -33279060, "investments": -17467120, "otherCashflowsFromInvestingActivities": 6223160, "totalCashflowsFromInvestingActivities": -44523020, "netBorrowings": 15432690, "otherCashflowsFromFinancingActivities": -1189680, "totalCashFromFinancingActivities": 14243010, "changeInCash": -40449440, "issuanceOfStock": 72982000}], "maxAge": 86400}, "institutionOwnership": {"maxAge": 1, "ownershipList": []}, "balanceSheetHistoryQuarterly": {"balanceSheetStatements": [{"maxAge": 1, "endDate": "2020-06-30", "totalStockholderEquity": 193949000, "netTangibleAssets": 193949000}, {"maxAge": 1, "endDate": "2020-03-31", "cash": 43921900, "netReceivables": 2278370, "otherCurrentAssets": 3051700, "totalCurrentAssets": 50094170, "longTermInvestments": 48448890, "propertyPlantEquipment": 42774680, "otherAssets": 55624110, "deferredLongTermAssetCharges": 1671580, "totalAssets": 196941850, "shortLongTermDebt": 953870, "otherCurrentLiab": 264310, "longTermDebt": 1746490, "totalCurrentLiabilities": 1246900, "totalLiab": 2993390, "commonStock": 170000000, "retainedEarnings": -43551540, "capitalSurplus": 67500000, "totalStockholderEquity": 193948460, "netTangibleAssets": 193948460}, {"maxAge": 1, "endDate": "2019-12-31", "totalStockholderEquity": 204115000, "netTangibleAssets": 204115000}, {"maxAge": 1, "endDate": "2019-09-30", "cash": 77937000, "netReceivables": 1630000, "inventory": 910000, "otherCurrentAssets": 4762000, "totalCurrentAssets": 85239000, "longTermInvestments": 46653000, "propertyPlantEquipment": 43253000, "otherAssets": 33460000, "deferredLongTermAssetCharges": 1671000, "totalAssets": 208605000, "accountsPayable": 500000, "shortLongTermDebt": 916000, "otherCurrentLiab": 22000, "longTermDebt": 2233000, "totalCurrentLiabilities": 2257000, "totalLiab": 4490000, "commonStock": 170000000, "treasuryStock": 34115000, "otherStockholderEquity": 34115000, "totalStockholderEquity": 204115000, "netTangibleAssets": 204115000}], "maxAge": 86400}, "indexTrend": {"maxAge": 1, "symbol": "SP5", "peRatio": 19.7411, "pegRatio": 1.34172, "estimates": [{"period": "0q", "growth": 0.549}, {"period": "+1q", "growth": 0.431}, {"period": "0y", "growth": 0.305}, {"period": "+1y", "growth": 0.109}, {"period": "+5y", "growth": 0.120859005}, {"period": "-5y"}]}, "insiderTransactions": {"transactions": [{"maxAge": 1, "shares": 1880, "value": 325, "filerUrl": "", "transactionText": "Acquisition at price 0.17 per share.", "filerName": "Gupta (Anurag) HUF", "filerRelation": "Promoter", "moneyText": "", "startDate": "2020-09-25", "ownership": "D"}, {"maxAge": 1, "shares": 9149, "value": 1582, "filerUrl": "", "transactionText": "Acquisition at price 0.17 per share.", "filerName": "Gupta (Anurag)", "filerRelation": "Executive Chairman", "moneyText": "", "startDate": "2020-09-25", "ownership": "D"}, {"maxAge": 1, "shares": 24241, "value": 32996, "filerUrl": "", "transactionText": "Acquisition at price 1.36 per share.", "filerName": "Gupta (Anurag) HUF", "filerRelation": "Promoter", "moneyText": "", "startDate": "2020-09-08", "ownership": "D"}, {"maxAge": 1, "shares": 80000, "value": 10935, "filerUrl": "", "transactionText": "Acquisition at price 0.14 per share.", "filerName": "Gupta (Anurag) HUF", "filerRelation": "Promoter", "moneyText": "", "startDate": "2020-09-07", "ownership": "D"}, {"maxAge": 1, "shares": 80000, "filerUrl": "", "transactionText": "", "filerName": "Gupta (Anurag)", "filerRelation": "Executive Chairman", "moneyText": "", "startDate": "2020-02-19", "ownership": "D"}, {"maxAge": 1, "shares": 75000, "filerUrl": "", "transactionText": "", "filerName": "Gupta (Anurag)", "filerRelation": "Executive Chairman", "moneyText": "", "startDate": "2020-02-18", "ownership": "D"}, {"maxAge": 1, "shares": 23806, "filerUrl": "", "transactionText": "", "filerName": "Gupta (Anurag)", "filerRelation": "Executive Chairman", "moneyText": "", "startDate": "2019-10-31", "ownership": "D"}, {"maxAge": 1, "shares": 79954, "filerUrl": "", "transactionText": "", "filerName": "Gupta (Anurag)", "filerRelation": "Executive Chairman", "moneyText": "", "startDate": "2019-10-30", "ownership": "D"}, {"maxAge": 1, "shares": 150000, "filerUrl": "", "transactionText": "", "filerName": "Gupta (Anurag)", "filerRelation": "Executive Chairman", "moneyText": "", "startDate": "2019-08-26", "ownership": "D"}, {"maxAge": 1, "shares": 161200, "filerUrl": "", "transactionText": "", "filerName": "Gupta (Anurag)", "filerRelation": "Promoter", "moneyText": "", "startDate": "2019-08-22", "ownership": "D"}, {"maxAge": 1, "shares": 130000, "filerUrl": "", "transactionText": "", "filerName": "Gupta (Anurag)", "filerRelation": "Promoter", "moneyText": "", "startDate": "2019-08-21", "ownership": "D"}, {"maxAge": 1, "shares": 46476, "filerUrl": "", "transactionText": "", "filerName": "Gupta (Anurag)", "filerRelation": "Executive Chairman", "moneyText": "", "startDate": "2019-08-19", "ownership": "D"}, {"maxAge": 1, "shares": 29030, "filerUrl": "", "transactionText": "", "filerName": "Gupta (Anurag) HUF", "filerRelation": "Promoter", "moneyText": "", "startDate": "2019-03-11", "ownership": "D"}, {"maxAge": 1, "shares": 83700, "filerUrl": "", "transactionText": "", "filerName": "Gupta (Anurag) HUF", "filerRelation": "Promoter", "moneyText": "", "startDate": "2019-03-07", "ownership": "D"}, {"maxAge": 1, "shares": 75000, "filerUrl": "", "transactionText": "", "filerName": "Gupta (Anurag) HUF", "filerRelation": "Promoter", "moneyText": "", "startDate": "2019-03-06", "ownership": "D"}], "maxAge": 1}, "quoteType": {"exchange": "BSE", "quoteType": "EQUITY", "symbol": "YASHMGM.BO", "underlyingSymbol": "YASHMGM.BO", "shortName": "YASH MANAGEMENT & SATELLITE LT", "longName": "Yash Management & Satellite Ltd.", "firstTradeDateEpochUtc": "2002-01-28 09:15:00", "timeZoneFullName": "Asia/Kolkata", "timeZoneShortName": "IST", "uuid": "23b9eecf-ad97-3a6d-9006-3700e250a7c7", "messageBoardId": null, "gmtOffSetMilliseconds": 19800000, "maxAge": 1}, "incomeStatementHistory": {"incomeStatementHistory": [{"maxAge": 1, "endDate": "2020-03-31", "totalRevenue": 7605300, "costOfRevenue": 81320, "grossProfit": 7523980, "researchDevelopment": {}, "sellingGeneralAdministrative": 4347160, "nonRecurring": {}, "otherOperatingExpenses": 3383700, "totalOperatingExpenses": 8945210, "operatingIncome": -1339910, "totalOtherIncomeExpenseNet": -988350, "ebit": -1339910, "interestExpense": -977960, "incomeBeforeTax": -2328260, "incomeTaxExpense": 37460, "minorityInterest": {}, "netIncomeFromContinuingOps": -2365720, "discontinuedOperations": {}, "extraordinaryItems": {}, "effectOfAccountingCharges": {}, "otherItems": {}, "netIncome": -2365720, "netIncomeApplicableToCommonShares": -2365720}, {"maxAge": 1, "endDate": "2019-03-31", "totalRevenue": 12652070, "costOfRevenue": 2467710, "grossProfit": 10184360, "researchDevelopment": {}, "sellingGeneralAdministrative": 4160520, "nonRecurring": {}, "otherOperatingExpenses": 2687050, "totalOperatingExpenses": 10473550, "operatingIncome": 2178520, "totalOtherIncomeExpenseNet": -799030, "ebit": 2178520, "interestExpense": -915960, "incomeBeforeTax": 1379490, "incomeTaxExpense": 0, "minorityInterest": {}, "netIncomeFromContinuingOps": 1379490, "discontinuedOperations": {}, "extraordinaryItems": {}, "effectOfAccountingCharges": {}, "otherItems": {}, "netIncome": 1379490, "netIncomeApplicableToCommonShares": 1379490}, {"maxAge": 1, "endDate": "2018-03-31", "totalRevenue": 72613210, "costOfRevenue": 53682700, "grossProfit": 18930510, "researchDevelopment": {}, "sellingGeneralAdministrative": 4131750, "nonRecurring": {}, "otherOperatingExpenses": 6036080, "totalOperatingExpenses": 64556360, "operatingIncome": 8056850, "totalOtherIncomeExpenseNet": -1305650, "ebit": 8056850, "interestExpense": -1154290, "incomeBeforeTax": 6751200, "incomeTaxExpense": -45320, "minorityInterest": {}, "netIncomeFromContinuingOps": 6796520, "discontinuedOperations": {}, "extraordinaryItems": {}, "effectOfAccountingCharges": {}, "otherItems": {}, "netIncome": 6796520, "netIncomeApplicableToCommonShares": 6796520}, {"maxAge": 1, "endDate": "2017-03-31", "totalRevenue": 57366840, "costOfRevenue": 49272200, "grossProfit": 8094640, "researchDevelopment": {}, "sellingGeneralAdministrative": 2326960, "nonRecurring": {}, "otherOperatingExpenses": 3782860, "totalOperatingExpenses": 55786530, "operatingIncome": 1580310, "totalOtherIncomeExpenseNet": -1193690, "ebit": 1580310, "interestExpense": -1093080, "incomeBeforeTax": 386620, "incomeTaxExpense": 0, "minorityInterest": {}, "netIncomeFromContinuingOps": 386620, "discontinuedOperations": {}, "extraordinaryItems": {}, "effectOfAccountingCharges": {}, "otherItems": {}, "netIncome": 386620, "netIncomeApplicableToCommonShares": 386620}], "maxAge": 86400}, "fundOwnership": {"maxAge": 1, "ownershipList": []}, "summaryDetail": {"maxAge": 1, "priceHint": 2, "previousClose": 13.5, "open": 13.0, "dayLow": 12.25, "dayHigh": 13.5, "regularMarketPreviousClose": 13.5, "regularMarketOpen": 13.0, "regularMarketDayLow": 12.25, "regularMarketDayHigh": 13.5, "volume": 1738, "regularMarketVolume": 1738, "averageVolume": 22306, "averageVolume10days": 2934, "averageDailyVolume10Day": 2934, "bid": 12.55, "ask": 13.0, "bidSize": 0, "askSize": 0, "marketCap": 221000000, "fiftyTwoWeekLow": 4.0, "fiftyTwoWeekHigh": 17.2, "fiftyDayAverage": 14.346571, "twoHundredDayAverage": 12.281314, "currency": "INR", "fromCurrency": null, "toCurrency": null, "lastMarket": null, "algorithm": null, "tradeable": false}, "incomeStatementHistoryQuarterly": {"incomeStatementHistory": [{"maxAge": 1, "endDate": "2020-06-30", "totalRevenue": 1805000, "costOfRevenue": -172000, "grossProfit": 1977000, "researchDevelopment": {}, "sellingGeneralAdministrative": 673000, "nonRecurring": {}, "otherOperatingExpenses": 695000, "totalOperatingExpenses": 1467000, "operatingIncome": 338000, "totalOtherIncomeExpenseNet": -55000, "ebit": 338000, "interestExpense": -55000, "incomeBeforeTax": 283000, "incomeTaxExpense": 46000, "minorityInterest": {}, "netIncomeFromContinuingOps": 237000, "discontinuedOperations": {}, "extraordinaryItems": {}, "effectOfAccountingCharges": {}, "otherItems": {}, "netIncome": 237000, "netIncomeApplicableToCommonShares": 237000}, {"maxAge": 1, "endDate": "2020-03-31", "totalRevenue": 1522300, "costOfRevenue": 230320, "grossProfit": 1291980, "researchDevelopment": {}, "sellingGeneralAdministrative": 2057160, "nonRecurring": {}, "otherOperatingExpenses": -1696300, "totalOperatingExpenses": 861210, "operatingIncome": 661090, "totalOtherIncomeExpenseNet": -69350, "ebit": 661090, "interestExpense": -58960, "incomeBeforeTax": 591740, "incomeTaxExpense": -229540, "minorityInterest": {}, "netIncomeFromContinuingOps": 821280, "discontinuedOperations": {}, "extraordinaryItems": {}, "effectOfAccountingCharges": {}, "otherItems": {}, "netIncome": 821280, "netIncomeApplicableToCommonShares": 821280}, {"maxAge": 1, "endDate": "2019-12-31", "totalRevenue": 1727000, "costOfRevenue": -25000, "grossProfit": 1752000, "researchDevelopment": {}, "sellingGeneralAdministrative": 897000, "nonRecurring": {}, "otherOperatingExpenses": 869000, "totalOperatingExpenses": 2017000, "operatingIncome": -290000, "totalOtherIncomeExpenseNet": -66000, "ebit": -290000, "interestExpense": -66000, "incomeBeforeTax": -356000, "incomeTaxExpense": 0, "minorityInterest": {}, "netIncomeFromContinuingOps": -356000, "discontinuedOperations": {}, "extraordinaryItems": {}, "effectOfAccountingCharges": {}, "otherItems": {}, "netIncome": -356000, "netIncomeApplicableToCommonShares": -356000}, {"maxAge": 1, "endDate": "2019-09-30", "totalRevenue": 2119000, "costOfRevenue": -143000, "grossProfit": 2262000, "researchDevelopment": {}, "sellingGeneralAdministrative": 675000, "nonRecurring": {}, "otherOperatingExpenses": 2177000, "totalOperatingExpenses": 3006000, "operatingIncome": -887000, "totalOtherIncomeExpenseNet": -471000, "ebit": -887000, "interestExpense": -471000, "incomeBeforeTax": -1358000, "incomeTaxExpense": 267000, "minorityInterest": {}, "netIncomeFromContinuingOps": -1625000, "discontinuedOperations": {}, "extraordinaryItems": {}, "effectOfAccountingCharges": {}, "otherItems": {}, "netIncome": -1625000, "netIncomeApplicableToCommonShares": -1625000}], "maxAge": 86400}, "cashflowStatementHistoryQuarterly": {"cashflowStatements": [{"maxAge": 1, "endDate": "2020-06-30", "netIncome": 237000, "changeToLiabilities": 0}, {"maxAge": 1, "endDate": "2020-03-31", "netIncome": 821280, "changeToLiabilities": 0}, {"maxAge": 1, "endDate": "2019-12-31", "netIncome": -356000, "changeToLiabilities": 0}, {"maxAge": 1, "endDate": "2019-09-30", "netIncome": -1625000, "changeToLiabilities": 0}], "maxAge": 86400}, "insiderHolders": {"holders": [{"maxAge": 1, "name": "Gupta (Anurag)", "relation": "Executive Chairman", "url": "", "transactionDescription": "Acquisition", "latestTransDate": "2020-09-25", "positionDirect": 2400000, "positionDirectDate": "2020-09-25"}, {"maxAge": 1, "name": "Gupta (Anurag) HUF", "relation": "Promoter", "url": "", "transactionDescription": "Acquisition", "latestTransDate": "2020-09-25", "positionDirect": 1875000, "positionDirectDate": "2020-09-25"}], "maxAge": 1}, "calendarEvents": {"maxAge": 1, "earnings": {"earningsDate": ["2020-06-01 05:30:S"]}}, "price": {"maxAge": 1, "regularMarketChangePercent": -0.037037037, "regularMarketChange": -0.5, "regularMarketTime": "2021-04-30 14:41:56", "priceHint": 2, "regularMarketPrice": 13.0, "regularMarketDayHigh": 13.5, "regularMarketDayLow": 12.25, "regularMarketVolume": 1738, "averageDailyVolume10Day": 2934, "averageDailyVolume3Month": 22306, "regularMarketPreviousClose": 13.5, "regularMarketSource": "FREE_REALTIME", "regularMarketOpen": 13.0, "exchange": "BSE", "exchangeName": "BSE", "exchangeDataDelayedBy": 0, "marketState": "CLOSED", "quoteType": "EQUITY", "symbol": "YASHMGM.BO", "underlyingSymbol": null, "shortName": "YASH MANAGEMENT & SATELLITE LT", "longName": "Yash Management & Satellite Ltd.", "currency": "INR", "quoteSourceName": "Delayed Quote", "currencySymbol": "\u20b9", "fromCurrency": null, "toCurrency": null, "lastMarket": null, "marketCap": 221000000}, "balanceSheetHistory": {"balanceSheetStatements": [{"maxAge": 1, "endDate": "2020-03-31", "cash": 43921900, "netReceivables": 2278370, "otherCurrentAssets": 3051700, "totalCurrentAssets": 50094170, "longTermInvestments": 48448890, "propertyPlantEquipment": 42774680, "otherAssets": 55624110, "deferredLongTermAssetCharges": 1671580, "totalAssets": 196941850, "shortLongTermDebt": 953870, "otherCurrentLiab": 264310, "longTermDebt": 1746490, "totalCurrentLiabilities": 1246900, "totalLiab": 2993390, "commonStock": 170000000, "retainedEarnings": -43551540, "capitalSurplus": 67500000, "totalStockholderEquity": 193948460, "netTangibleAssets": 193948460}, {"maxAge": 1, "endDate": "2019-03-31", "cash": 25866930, "netReceivables": 6571660, "otherCurrentAssets": 1961690, "totalCurrentAssets": 35230260, "longTermInvestments": 57485940, "propertyPlantEquipment": 43734250, "otherAssets": 91290900, "deferredLongTermAssetCharges": 1671580, "totalAssets": 227741350, "shortLongTermDebt": 879690, "otherCurrentLiab": 127860, "longTermDebt": 2700360, "totalCurrentLiabilities": 1043690, "totalLiab": 3744050, "commonStock": 170000000, "retainedEarnings": -13502700, "capitalSurplus": 67500000, "totalStockholderEquity": 223997300, "netTangibleAssets": 223997300}, {"maxAge": 1, "endDate": "2018-03-31", "cash": 91030240, "netReceivables": 15432890, "otherCurrentAssets": 2311620, "totalCurrentAssets": 112685310, "longTermInvestments": 22845760, "propertyPlantEquipment": 42639850, "otherAssets": 51670280, "deferredLongTermAssetCharges": 1502730, "totalAssets": 229841200, "accountsPayable": 2562410, "shortLongTermDebt": 811270, "otherCurrentLiab": 376910, "longTermDebt": 3580050, "totalCurrentLiabilities": 11716870, "totalLiab": 15296920, "commonStock": 170000000, "retainedEarnings": -22955720, "capitalSurplus": 67500000, "totalStockholderEquity": 214544280, "netTangibleAssets": 214544280}, {"maxAge": 1, "endDate": "2017-03-31", "cash": 37134880, "netReceivables": 2747900, "otherCurrentAssets": 1278290, "totalCurrentAssets": 48190930, "longTermInvestments": 29539870, "propertyPlantEquipment": 35376940, "otherAssets": 39428520, "totalAssets": 152536260, "accountsPayable": 2984320, "otherCurrentLiab": 298600, "longTermDebt": 69000, "totalCurrentLiabilities": 18749500, "totalLiab": 18818500, "commonStock": 97018000, "retainedEarnings": -30800240, "capitalSurplus": 67500000, "totalStockholderEquity": 133717760, "netTangibleAssets": 133717760}], "maxAge": 86400}, "financialData": {"maxAge": 86400, "currentPrice": 13.0, "recommendationKey": "none", "grossProfits": 7523980, "financialCurrency": "INR"}}}