{"YASHRAJC.BO": {"cashflowStatementHistory": {"cashflowStatements": [{"maxAge": 1, "endDate": "2020-03-31", "netIncome": 88520000, "depreciation": 3041000, "changeToNetincome": -76730000, "changeToAccountReceivables": -8014000, "changeToLiabilities": 19886000, "changeToInventory": -7963000, "changeToOperatingActivities": 22355000, "totalCashFromOperatingActivities": 41110000, "capitalExpenditures": -1183000, "otherCashflowsFromInvestingActivities": 30000, "totalCashflowsFromInvestingActivities": 5242000, "netBorrowings": -40787000, "otherCashflowsFromFinancingActivities": -2405000, "totalCashFromFinancingActivities": -43192000, "changeInCash": 3160000}, {"maxAge": 1, "endDate": "2019-03-31", "netIncome": 69410000, "depreciation": 3370000, "changeToNetincome": -37838000, "changeToAccountReceivables": 22288000, "changeToLiabilities": -8070000, "changeToInventory": -3952000, "changeToOperatingActivities": 1346000, "totalCashFromOperatingActivities": 46554000, "capitalExpenditures": -1183000, "otherCashflowsFromInvestingActivities": 68000, "totalCashflowsFromInvestingActivities": 68000, "netBorrowings": -44037000, "otherCashflowsFromFinancingActivities": -2101000, "totalCashFromFinancingActivities": -46138000, "changeInCash": 484000}, {"maxAge": 1, "endDate": "2018-03-31", "netIncome": -59476000, "depreciation": 3667000, "changeToNetincome": 82772000, "changeToAccountReceivables": -33977000, "changeToLiabilities": 7255000, "changeToInventory": 760000, "changeToOperatingActivities": -2498000, "totalCashFromOperatingActivities": -1497000, "capitalExpenditures": -1183000, "otherCashflowsFromInvestingActivities": 272000, "totalCashflowsFromInvestingActivities": 429000, "netBorrowings": 83447000, "otherCashflowsFromFinancingActivities": -83201000, "totalCashFromFinancingActivities": 246000, "changeInCash": -822000}, {"maxAge": 1, "endDate": "2017-03-31", "netIncome": -110742000, "depreciation": 3806000, "changeToNetincome": 101014000, "changeToAccountReceivables": 1198000, "changeToLiabilities": 7763000, "changeToInventory": 7436000, "changeToOperatingActivities": 82000, "totalCashFromOperatingActivities": 10590000, "capitalExpenditures": -1183000, "otherCashflowsFromInvestingActivities": 138000, "totalCashflowsFromInvestingActivities": 408000, "netBorrowings": 89694000, "otherCashflowsFromFinancingActivities": -101182000, "totalCashFromFinancingActivities": -11488000, "changeInCash": -490000}], "maxAge": 86400}, "institutionOwnership": {"ownershipList": [], "maxAge": 1}, "balanceSheetHistoryQuarterly": {"balanceSheetStatements": [{"maxAge": 1, "endDate": "2020-06-30", "totalStockholderEquity": -775755000, "netTangibleAssets": -775797000}, {"maxAge": 1, "endDate": "2020-03-31", "cash": 5089000, "netReceivables": 26724000, "inventory": 15835000, "otherCurrentAssets": 3774000, "totalCurrentAssets": 52180000, "longTermInvestments": 938000, "propertyPlantEquipment": 8641000, "intangibleAssets": 42000, "otherAssets": 22126000, "totalAssets": 83927000, "accountsPayable": 40839000, "otherCurrentLiab": 148406000, "otherLiab": 2796000, "totalCurrentLiabilities": 856886000, "totalLiab": 859682000, "commonStock": 170000000, "retainedEarnings": -1159165000, "treasuryStock": -8590000, "capitalSurplus": 222000000, "otherStockholderEquity": -8590000, "totalStockholderEquity": -775755000, "netTangibleAssets": -775797000}, {"maxAge": 1, "endDate": "2019-12-31", "cash": 3141700, "netReceivables": 25422800, "inventory": 13479300, "otherCurrentAssets": 2116400, "totalCurrentAssets": 44160200, "longTermInvestments": 796100, "propertyPlantEquipment": 30269000, "intangibleAssets": 46800, "otherAssets": 4670300, "totalAssets": 79942400, "accountsPayable": 36660600, "otherCurrentLiab": 145701100, "otherLiab": 2075900, "totalCurrentLiabilities": 860246300, "totalLiab": 862322200, "commonStock": 170000000, "treasuryStock": -952379800, "otherStockholderEquity": -952379800, "totalStockholderEquity": -782379800, "netTangibleAssets": -782426600}, {"maxAge": 1, "endDate": "2019-09-30", "cash": 3380400, "netReceivables": 22261500, "inventory": 10335000, "otherCurrentAssets": 1709200, "totalCurrentAssets": 37686100, "longTermInvestments": 701200, "propertyPlantEquipment": 30487600, "intangibleAssets": 44400, "otherAssets": 3553700, "totalAssets": 72473000, "accountsPayable": 34152600, "otherCurrentLiab": 146814400, "otherLiab": 2075900, "totalCurrentLiabilities": 858792000, "totalLiab": 860867900, "commonStock": 170000000, "treasuryStock": -958394900, "otherStockholderEquity": -958394900, "totalStockholderEquity": -788394900, "netTangibleAssets": -788439300}], "maxAge": 86400}, "indexTrend": {"maxAge": 1, "symbol": "SP5", "peRatio": 19.7411, "pegRatio": 1.34172, "estimates": [{"period": "0q", "growth": 0.549}, {"period": "+1q", "growth": 0.431}, {"period": "0y", "growth": 0.305}, {"period": "+1y", "growth": 0.109}, {"period": "+5y", "growth": 0.120859005}, {"period": "-5y"}]}, "insiderTransactions": {"transactions": [{"maxAge": 1, "shares": 70624, "filerUrl": "", "transactionText": "", "filerName": "Vasparr Shelter Ltd", "filerRelation": "Institution- Corporation", "moneyText": "", "startDate": "2009-12-16", "ownership": "D"}, {"maxAge": 1, "shares": 26915, "filerUrl": "", "transactionText": "", "filerName": "Vasparr Shelter Ltd", "filerRelation": "Institution- Corporation", "moneyText": "", "startDate": "2009-12-02", "ownership": "D"}, {"maxAge": 1, "shares": 30052, "filerUrl": "", "transactionText": "", "filerName": "Vasparr Shelter Ltd", "filerRelation": "Institution- Corporation", "moneyText": "", "startDate": "2009-12-01", "ownership": "D"}, {"maxAge": 1, "shares": 30300, "filerUrl": "", "transactionText": "", "filerName": "Vasparr Shelter Ltd", "filerRelation": "Institution- Corporation", "moneyText": "", "startDate": "2009-11-30", "ownership": "D"}, {"maxAge": 1, "shares": 29648, "filerUrl": "", "transactionText": "", "filerName": "Vasparr Shelter Ltd", "filerRelation": "Institution- Corporation", "moneyText": "", "startDate": "2009-11-27", "ownership": "D"}], "maxAge": 1}, "quoteType": {"exchange": "BSE", "quoteType": "EQUITY", "symbol": "YASHRAJC.BO", "underlyingSymbol": "YASHRAJC.BO", "shortName": "YASHRAJ CONTAINEURS LTD.", "longName": "Yashraj Containeurs Limited", "firstTradeDateEpochUtc": "2002-02-05 09:15:00", "timeZoneFullName": "Asia/Kolkata", "timeZoneShortName": "IST", "uuid": "ab7a479b-936e-33d9-b92b-9bf913d298e7", "gmtOffSetMilliseconds": 19800000, "maxAge": 1}, "incomeStatementHistory": {"incomeStatementHistory": [{"maxAge": 1, "endDate": "2020-03-31", "totalRevenue": 232237000, "costOfRevenue": 159031000, "grossProfit": 73206000, "researchDevelopment": {}, "sellingGeneralAdministrative": 31564000, "nonRecurring": {}, "otherOperatingExpenses": 27002000, "totalOperatingExpenses": 220876000, "operatingIncome": 11361000, "totalOtherIncomeExpenseNet": 77159000, "ebit": 11361000, "interestExpense": -12000, "incomeBeforeTax": 88520000, "incomeTaxExpense": 0, "minorityInterest": {}, "netIncomeFromContinuingOps": 88520000, "discontinuedOperations": {}, "extraordinaryItems": {}, "effectOfAccountingCharges": {}, "otherItems": {}, "netIncome": 88520000, "netIncomeApplicableToCommonShares": 88520000}, {"maxAge": 1, "endDate": "2019-03-31", "totalRevenue": 200998000, "costOfRevenue": 132008000, "grossProfit": 68990000, "researchDevelopment": {}, "sellingGeneralAdministrative": 19648000, "nonRecurring": {}, "otherOperatingExpenses": 14806000, "totalOperatingExpenses": 169832000, "operatingIncome": 31166000, "totalOtherIncomeExpenseNet": 38244000, "ebit": 31166000, "interestExpense": -73000, "incomeBeforeTax": 69410000, "incomeTaxExpense": 0, "minorityInterest": {}, "netIncomeFromContinuingOps": 69410000, "discontinuedOperations": {}, "extraordinaryItems": {}, "effectOfAccountingCharges": {}, "otherItems": {}, "netIncome": 69410000, "netIncomeApplicableToCommonShares": 69410000}, {"maxAge": 1, "endDate": "2018-03-31", "totalRevenue": 166776000, "costOfRevenue": 108228000, "grossProfit": 58548000, "researchDevelopment": {}, "sellingGeneralAdministrative": 15157000, "nonRecurring": {}, "otherOperatingExpenses": 17504000, "totalOperatingExpenses": 144776000, "operatingIncome": 22000000, "totalOtherIncomeExpenseNet": -81475000, "ebit": 22000000, "interestExpense": -78855000, "incomeBeforeTax": -59475000, "incomeTaxExpense": 1000, "minorityInterest": {}, "netIncomeFromContinuingOps": -59476000, "discontinuedOperations": {}, "extraordinaryItems": {}, "effectOfAccountingCharges": {}, "otherItems": {}, "netIncome": -59476000, "netIncomeApplicableToCommonShares": -59476000}, {"maxAge": 1, "endDate": "2017-03-31", "totalRevenue": 94663000, "costOfRevenue": 72052000, "grossProfit": 22611000, "researchDevelopment": {}, "sellingGeneralAdministrative": 14052000, "nonRecurring": {}, "otherOperatingExpenses": 16058000, "totalOperatingExpenses": 106001000, "operatingIncome": -11338000, "totalOtherIncomeExpenseNet": -99404000, "ebit": -11338000, "interestExpense": -101182000, "incomeBeforeTax": -110742000, "incomeTaxExpense": 0, "minorityInterest": {}, "netIncomeFromContinuingOps": -110742000, "discontinuedOperations": {}, "extraordinaryItems": {}, "effectOfAccountingCharges": {}, "otherItems": {}, "netIncome": -110742000, "netIncomeApplicableToCommonShares": -110742000}], "maxAge": 86400}, "fundOwnership": {"ownershipList": [], "maxAge": 1}, "summaryDetail": {"maxAge": 1, "priceHint": 4, "previousClose": 2.4, "open": 2.28, "dayLow": 2.28, "dayHigh": 2.28, "regularMarketPreviousClose": 2.4, "regularMarketOpen": 2.28, "regularMarketDayLow": 2.28, "regularMarketDayHigh": 2.28, "trailingPE": 3.0769231, "volume": 23463, "regularMarketVolume": 23463, "averageVolume": 312, "averageVolume10days": 32, "averageDailyVolume10Day": 32, "bid": 0.0, "ask": 2.28, "bidSize": 0, "askSize": 0, "marketCap": 38760000, "fiftyTwoWeekLow": 2.18, "fiftyTwoWeekHigh": 3.46, "fiftyDayAverage": 2.8066669, "twoHundredDayAverage": 2.7177942, "currency": "INR", "fromCurrency": null, "lastMarket": null, "algorithm": null, "tradeable": false}, "incomeStatementHistoryQuarterly": {"incomeStatementHistory": [{"maxAge": 1, "endDate": "2020-06-30", "totalRevenue": 37117200, "costOfRevenue": 27911900, "grossProfit": 9205300, "researchDevelopment": {}, "sellingGeneralAdministrative": 5978500, "nonRecurring": {}, "otherOperatingExpenses": 3763800, "totalOperatingExpenses": 38170700, "operatingIncome": -1053500, "totalOtherIncomeExpenseNet": 247900, "ebit": -1053500, "interestExpense": -4700, "incomeBeforeTax": -805600, "incomeTaxExpense": 0, "minorityInterest": {}, "netIncomeFromContinuingOps": -805600, "discontinuedOperations": {}, "extraordinaryItems": {}, "effectOfAccountingCharges": {}, "otherItems": {}, "netIncome": -805600, "netIncomeApplicableToCommonShares": -805600}, {"maxAge": 1, "endDate": "2020-03-31", "totalRevenue": 61609300, "costOfRevenue": 43955600, "grossProfit": 17653700, "researchDevelopment": {}, "sellingGeneralAdministrative": 7529300, "nonRecurring": {}, "otherOperatingExpenses": 2856500, "totalOperatingExpenses": 55096000, "operatingIncome": 6513300, "totalOtherIncomeExpenseNet": 324300, "ebit": 6513300, "interestExpense": -4700, "incomeBeforeTax": 6837600, "incomeTaxExpense": 0, "minorityInterest": {}, "netIncomeFromContinuingOps": 6837600, "discontinuedOperations": {}, "extraordinaryItems": {}, "effectOfAccountingCharges": {}, "otherItems": {}, "netIncome": 6837600, "netIncomeApplicableToCommonShares": 6837600}, {"maxAge": 1, "endDate": "2019-12-31", "totalRevenue": 50647500, "costOfRevenue": 30916000, "grossProfit": 19731500, "researchDevelopment": {}, "sellingGeneralAdministrative": 7797000, "nonRecurring": {}, "otherOperatingExpenses": 9961100, "totalOperatingExpenses": 49518800, "operatingIncome": 1128700, "totalOtherIncomeExpenseNet": 4791500, "ebit": 1128700, "interestExpense": -535300, "incomeBeforeTax": 5920200, "incomeTaxExpense": 0, "minorityInterest": {}, "netIncomeFromContinuingOps": 5920200, "discontinuedOperations": {}, "extraordinaryItems": {}, "effectOfAccountingCharges": {}, "otherItems": {}, "netIncome": 5920200, "netIncomeApplicableToCommonShares": 5920200}, {"maxAge": 1, "endDate": "2019-09-30", "totalRevenue": 60329400, "costOfRevenue": 41216500, "grossProfit": 19112900, "researchDevelopment": {}, "sellingGeneralAdministrative": 8820900, "nonRecurring": {}, "otherOperatingExpenses": 8193000, "totalOperatingExpenses": 59076200, "operatingIncome": 1253200, "totalOtherIncomeExpenseNet": -573500, "ebit": 1253200, "interestExpense": -648900, "incomeBeforeTax": 679700, "incomeTaxExpense": 0, "minorityInterest": {}, "netIncomeFromContinuingOps": 679700, "discontinuedOperations": {}, "extraordinaryItems": {}, "effectOfAccountingCharges": {}, "otherItems": {}, "netIncome": 679700, "netIncomeApplicableToCommonShares": 679700}], "maxAge": 86400}, "cashflowStatementHistoryQuarterly": {"cashflowStatements": [{"maxAge": 1, "endDate": "2020-06-30", "netIncome": -805600, "changeToLiabilities": 0}, {"maxAge": 1, "endDate": "2020-03-31", "netIncome": 6837600, "changeToLiabilities": 0}, {"maxAge": 1, "endDate": "2019-12-31", "netIncome": 5920200, "changeToLiabilities": 0}, {"maxAge": 1, "endDate": "2019-09-30", "netIncome": 679700, "changeToLiabilities": 0}], "maxAge": 86400}, "insiderHolders": {"holders": [{"maxAge": 1, "name": "Vasparr Shelter Ltd", "relation": "Institution- Corporation", "url": "", "transactionDescription": "Acquisition", "latestTransDate": "2009-12-16", "positionDirect": 216839, "positionDirectDate": "2009-12-16"}], "maxAge": 1}, "calendarEvents": {"maxAge": 1, "earnings": {"earningsDate": []}}, "upgradeDowngradeHistory": {"history": [], "maxAge": 86400}, "price": {"maxAge": 1, "regularMarketChangePercent": -0.05000005, "regularMarketChange": -0.120000124, "regularMarketTime": "2021-04-30 15:15:00", "priceHint": 4, "regularMarketPrice": 2.28, "regularMarketDayHigh": 2.28, "regularMarketDayLow": 2.28, "regularMarketVolume": 23463, "averageDailyVolume10Day": 32, "averageDailyVolume3Month": 312, "regularMarketPreviousClose": 2.4, "regularMarketSource": "FREE_REALTIME", "regularMarketOpen": 2.28, "exchange": "BSE", "exchangeName": "BSE", "exchangeDataDelayedBy": 0, "marketState": "CLOSED", "quoteType": "EQUITY", "symbol": "YASHRAJC.BO", "underlyingSymbol": null, "shortName": "YASHRAJ CONTAINEURS LTD.", "longName": "Yashraj Containeurs Limited", "currency": "INR", "quoteSourceName": "Delayed Quote", "currencySymbol": "\u20b9", "fromCurrency": null, "lastMarket": null, "marketCap": 38760000}, "balanceSheetHistory": {"balanceSheetStatements": [{"maxAge": 1, "endDate": "2020-03-31", "cash": 5089000, "netReceivables": 26724000, "inventory": 15835000, "otherCurrentAssets": 3774000, "totalCurrentAssets": 52180000, "longTermInvestments": 938000, "propertyPlantEquipment": 8641000, "intangibleAssets": 42000, "otherAssets": 22126000, "totalAssets": 83927000, "accountsPayable": 40839000, "otherCurrentLiab": 148406000, "otherLiab": 2796000, "totalCurrentLiabilities": 856886000, "totalLiab": 859682000, "commonStock": 170000000, "retainedEarnings": -1159165000, "treasuryStock": -8590000, "capitalSurplus": 222000000, "otherStockholderEquity": -8590000, "totalStockholderEquity": -775755000, "netTangibleAssets": -775797000}, {"maxAge": 1, "endDate": "2019-03-31", "cash": 1929000, "netReceivables": 23029000, "inventory": 7872000, "otherCurrentAssets": 7115000, "totalCurrentAssets": 40567000, "longTermInvestments": 620000, "propertyPlantEquipment": 10030000, "otherAssets": 22531000, "totalAssets": 73748000, "accountsPayable": 20954000, "otherCurrentLiab": 134040000, "longTermDebt": 111224000, "otherLiab": 2205000, "totalCurrentLiabilities": 824558000, "totalLiab": 937987000, "commonStock": 170000000, "retainedEarnings": -1247331000, "treasuryStock": -8908000, "capitalSurplus": 222000000, "otherStockholderEquity": -8908000, "totalStockholderEquity": -864239000, "netTangibleAssets": -864239000}, {"maxAge": 1, "endDate": "2018-03-31", "cash": 1445000, "netReceivables": 39916000, "inventory": 3920000, "otherCurrentAssets": 24971000, "totalCurrentAssets": 70659000, "longTermInvestments": 1263000, "propertyPlantEquipment": 35080000, "otherAssets": 3936000, "totalAssets": 110938000, "accountsPayable": 29023000, "otherCurrentLiab": 145119000, "longTermDebt": 168000000, "otherLiab": 1959000, "totalCurrentLiabilities": 874039000, "totalLiab": 1043998000, "commonStock": 170000000, "retainedEarnings": -1316795000, "treasuryStock": -8265000, "capitalSurplus": 222000000, "otherStockholderEquity": -8265000, "totalStockholderEquity": -933060000, "netTangibleAssets": -933060000}, {"maxAge": 1, "endDate": "2017-03-31", "cash": 2268000, "netReceivables": 6369000, "inventory": 4680000, "otherCurrentAssets": 966000, "totalCurrentAssets": 14760000, "longTermInvestments": 1813000, "propertyPlantEquipment": 38746000, "otherAssets": 31841000, "totalAssets": 87160000, "accountsPayable": 21768000, "otherCurrentLiab": 152348000, "longTermDebt": 155552000, "otherLiab": 2277000, "totalCurrentLiabilities": 802488000, "totalLiab": 960317000, "commonStock": 170000000, "retainedEarnings": -1257443000, "treasuryStock": -7715000, "capitalSurplus": 222001000, "otherStockholderEquity": -7715000, "totalStockholderEquity": -873157000, "netTangibleAssets": -873157000}], "maxAge": 86400}, "financialData": {"maxAge": 86400, "currentPrice": 2.28, "recommendationKey": "none", "grossProfits": 73206000, "financialCurrency": "INR"}}}