{"YOGISUNG.BO": {"cashflowStatementHistory": {"cashflowStatements": [{"maxAge": 1, "endDate": "2020-03-31", "netIncome": 54605, "depreciation": 164230, "changeToNetincome": -73902, "changeToAccountReceivables": 7128190, "changeToLiabilities": -10849854, "changeToOperatingActivities": 194575224, "totalCashFromOperatingActivities": 190998493, "capitalExpenditures": -119641999, "totalCashflowsFromInvestingActivities": -119641999, "netBorrowings": -75591713, "totalCashFromFinancingActivities": -75591713, "changeInCash": -4235219}, {"maxAge": 1, "endDate": "2019-03-31", "netIncome": 932109, "depreciation": 157035, "changeToNetincome": 278022, "changeToAccountReceivables": -669638, "changeToLiabilities": 69608282, "changeToOperatingActivities": 178323867, "totalCashFromOperatingActivities": 248629677, "capitalExpenditures": -269772774, "totalCashflowsFromInvestingActivities": -269772774, "netBorrowings": 4756221, "totalCashFromFinancingActivities": 4756221, "changeInCash": -16386876}, {"maxAge": 1, "endDate": "2018-03-31", "netIncome": 1898537, "depreciation": 164706, "changeToNetincome": 3098792, "changeToAccountReceivables": -245384, "changeToLiabilities": -8789099, "changeToInventory": 18169627, "changeToOperatingActivities": 48211394, "totalCashFromOperatingActivities": 62508573, "capitalExpenditures": -119014172, "investments": 99800, "totalCashflowsFromInvestingActivities": -118914372, "netBorrowings": 78876775, "totalCashFromFinancingActivities": 78876775, "changeInCash": 22470976}, {"maxAge": 1, "endDate": "2017-03-31", "netIncome": 1609861, "depreciation": 172929, "changeToNetincome": 1763294, "changeToAccountReceivables": -7870974, "changeToLiabilities": -40678513, "changeToInventory": 10537642, "changeToOperatingActivities": 201348781, "totalCashFromOperatingActivities": 166883020, "capitalExpenditures": -194757432, "investments": -4350000, "totalCashflowsFromInvestingActivities": -199107432, "netBorrowings": 8089989, "totalCashFromFinancingActivities": 8089989, "changeInCash": -24134423}], "maxAge": 86400}, "institutionOwnership": {"maxAge": 1, "ownershipList": []}, "balanceSheetHistoryQuarterly": {"balanceSheetStatements": [{"maxAge": 1, "endDate": "2020-06-30", "totalStockholderEquity": 365388943, "netTangibleAssets": 365388943}, {"maxAge": 1, "endDate": "2020-03-31", "cash": 3891706, "shortTermInvestments": 265382, "netReceivables": 91033232, "inventory": 10537642, "otherCurrentAssets": 97496395, "totalCurrentAssets": 203224606, "longTermInvestments": 2800004, "propertyPlantEquipment": 2554860114, "otherAssets": 232513, "deferredLongTermAssetCharges": 232513, "totalAssets": 2761117237, "accountsPayable": 73380969, "otherCurrentLiab": 2155266309, "longTermDebt": 54712937, "minorityInterest": 93331745, "totalCurrentLiabilities": 2247683612, "totalLiab": 2302396549, "commonStock": 168458000, "retainedEarnings": 196930943, "totalStockholderEquity": 365388943, "netTangibleAssets": 365388943}, {"maxAge": 1, "endDate": "2019-12-31", "totalStockholderEquity": 477352297, "netTangibleAssets": 477352297}, {"maxAge": 1, "endDate": "2019-09-30", "cash": 4126020, "shortTermInvestments": 11802576, "netReceivables": 96497133, "inventory": 10537642, "otherCurrentAssets": 95827053, "totalCurrentAssets": 218790424, "longTermInvestments": 21061504, "propertyPlantEquipment": 2472131947, "otherAssets": 246884, "deferredLongTermAssetCharges": 209307, "totalAssets": 2712230759, "accountsPayable": 66356072, "otherCurrentLiab": 2073575714, "longTermDebt": 30319163, "otherLiab": 7, "totalCurrentLiabilities": 2204559292, "totalLiab": 2234878462, "commonStock": 168458000, "retainedEarnings": 205582777, "treasuryStock": 103311520, "otherStockholderEquity": 103311520, "totalStockholderEquity": 477352297, "netTangibleAssets": 477352297}], "maxAge": 86400}, "indexTrend": {"maxAge": 1, "symbol": "SP5", "peRatio": 19.7411, "pegRatio": 1.34172, "estimates": [{"period": "0q", "growth": 0.549}, {"period": "+1q", "growth": 0.431}, {"period": "0y", "growth": 0.305}, {"period": "+1y", "growth": 0.109}, {"period": "+5y", "growth": 0.120859005}, {"period": "-5y"}]}, "insiderTransactions": {"transactions": [{"maxAge": 1, "shares": 4971037, "filerUrl": "", "transactionText": "", "filerName": "Moongipa Development & Infrastructure Ltd", "filerRelation": "Promoter", "moneyText": "", "startDate": "2015-10-16", "ownership": "D"}, {"maxAge": 1, "shares": 4971037, "filerUrl": "", "transactionText": "", "filerName": "Shiva Shakti Enclaves Pvt Ltd", "filerRelation": "Promoter", "moneyText": "", "startDate": "2015-10-16", "ownership": "D"}], "maxAge": 1}, "quoteType": {"exchange": "BSE", "quoteType": "EQUITY", "symbol": "YOGISUNG.BO", "underlyingSymbol": "YOGISUNG.BO", "shortName": "YOGI SUNG-WON (INDIA) LTD.", "longName": "Yogi Infra Projects Limited", "firstTradeDateEpochUtc": "2000-08-30 09:15:00", "timeZoneFullName": "Asia/Kolkata", "timeZoneShortName": "IST", "uuid": "d2222a38-d02a-3989-a3cb-2ae9d558fa0a", "messageBoardId": null, "gmtOffSetMilliseconds": 19800000, "maxAge": 1}, "incomeStatementHistory": {"incomeStatementHistory": [{"maxAge": 1, "endDate": "2020-03-31", "totalRevenue": 8299910, "costOfRevenue": 0, "grossProfit": 8299910, "researchDevelopment": {}, "sellingGeneralAdministrative": 4573928, "nonRecurring": {}, "otherOperatingExpenses": 3396168, "totalOperatingExpenses": 8134326, "operatingIncome": 165584, "totalOtherIncomeExpenseNet": -184882, "ebit": 165584, "interestExpense": {}, "incomeBeforeTax": -19298, "incomeTaxExpense": -28168, "minorityInterest": 93331745, "netIncomeFromContinuingOps": 8870, "discontinuedOperations": {}, "extraordinaryItems": {}, "effectOfAccountingCharges": {}, "otherItems": {}, "netIncome": 54605, "netIncomeApplicableToCommonShares": 54605}, {"maxAge": 1, "endDate": "2019-03-31", "totalRevenue": 11347057, "costOfRevenue": 0, "grossProfit": 11347057, "researchDevelopment": {}, "sellingGeneralAdministrative": 4155246, "nonRecurring": {}, "otherOperatingExpenses": 5560920, "totalOperatingExpenses": 9873201, "operatingIncome": 1473856, "totalOtherIncomeExpenseNet": -263725, "ebit": 1473856, "interestExpense": {}, "incomeBeforeTax": 1210131, "incomeTaxExpense": -2382, "minorityInterest": 93379275, "netIncomeFromContinuingOps": 1212513, "discontinuedOperations": {}, "extraordinaryItems": {}, "effectOfAccountingCharges": {}, "otherItems": {}, "netIncome": 932109, "netIncomeApplicableToCommonShares": 932109}, {"maxAge": 1, "endDate": "2018-03-31", "totalRevenue": 39300123, "costOfRevenue": 18169897, "grossProfit": 21130226, "researchDevelopment": {}, "sellingGeneralAdministrative": 3407804, "nonRecurring": {}, "otherOperatingExpenses": 10412851, "totalOperatingExpenses": 32155258, "operatingIncome": 7144865, "totalOtherIncomeExpenseNet": 37327, "ebit": 7144865, "interestExpense": {}, "incomeBeforeTax": 7182192, "incomeTaxExpense": 2163147, "minorityInterest": 93081796, "netIncomeFromContinuingOps": 5019045, "discontinuedOperations": {}, "extraordinaryItems": {}, "effectOfAccountingCharges": {}, "otherItems": {}, "netIncome": 1898537, "netIncomeApplicableToCommonShares": 1898537}, {"maxAge": 1, "endDate": "2017-03-31", "totalRevenue": 24292659, "costOfRevenue": 10537642, "grossProfit": 13755017, "researchDevelopment": {}, "sellingGeneralAdministrative": 3133752, "nonRecurring": {}, "otherOperatingExpenses": 4524131, "totalOperatingExpenses": 18368454, "operatingIncome": 5924205, "totalOtherIncomeExpenseNet": -354635, "ebit": 5924205, "interestExpense": {}, "incomeBeforeTax": 5569570, "incomeTaxExpense": 1315182, "minorityInterest": 91689718, "netIncomeFromContinuingOps": 4254388, "discontinuedOperations": {}, "extraordinaryItems": {}, "effectOfAccountingCharges": {}, "otherItems": {}, "netIncome": 1609861, "netIncomeApplicableToCommonShares": 1609861}], "maxAge": 86400}, "fundOwnership": {"maxAge": 1, "ownershipList": []}, "summaryDetail": {"maxAge": 1, "priceHint": 4, "previousClose": 2.9, "open": 2.85, "dayLow": 2.78, "dayHigh": 2.9, "regularMarketPreviousClose": 2.9, "regularMarketOpen": 2.85, "regularMarketDayLow": 2.78, "regularMarketDayHigh": 2.9, "trailingPE": 164.70587, "volume": 65195, "regularMarketVolume": 65195, "averageVolume": 3286, "averageVolume10days": 2236, "averageDailyVolume10Day": 2236, "bid": 2.79, "ask": 2.8, "bidSize": 0, "askSize": 0, "marketCap": 47168240, "fiftyTwoWeekLow": 1.08, "fiftyTwoWeekHigh": 4.11, "fiftyDayAverage": 3.0764706, "twoHundredDayAverage": 2.7375736, "currency": "INR", "fromCurrency": null, "toCurrency": null, "lastMarket": null, "algorithm": null, "tradeable": false}, "incomeStatementHistoryQuarterly": {"incomeStatementHistory": [{"maxAge": 1, "endDate": "2020-06-30", "totalRevenue": 751000, "costOfRevenue": 0, "grossProfit": 751000, "researchDevelopment": {}, "sellingGeneralAdministrative": 574000, "nonRecurring": {}, "otherOperatingExpenses": 382000, "totalOperatingExpenses": 957000, "operatingIncome": -206000, "totalOtherIncomeExpenseNet": 1000, "ebit": -206000, "interestExpense": {}, "incomeBeforeTax": -205000, "incomeTaxExpense": 0, "minorityInterest": {}, "netIncomeFromContinuingOps": -205000, "discontinuedOperations": {}, "extraordinaryItems": {}, "effectOfAccountingCharges": {}, "otherItems": {}, "netIncome": -205000, "netIncomeApplicableToCommonShares": -205000}, {"maxAge": 1, "endDate": "2020-03-31", "totalRevenue": 2625910, "costOfRevenue": 0, "grossProfit": 2625910, "researchDevelopment": {}, "sellingGeneralAdministrative": 1902928, "nonRecurring": {}, "otherOperatingExpenses": 352168, "totalOperatingExpenses": 2297326, "operatingIncome": 328584, "totalOtherIncomeExpenseNet": -219882, "ebit": 328584, "interestExpense": {}, "incomeBeforeTax": 108702, "incomeTaxExpense": -28168, "minorityInterest": 93331745, "netIncomeFromContinuingOps": 136870, "discontinuedOperations": {}, "extraordinaryItems": {}, "effectOfAccountingCharges": {}, "otherItems": {}, "netIncome": 182605, "netIncomeApplicableToCommonShares": 182605}, {"maxAge": 1, "endDate": "2019-12-31", "totalRevenue": 2070000, "costOfRevenue": 0, "grossProfit": 2070000, "researchDevelopment": {}, "sellingGeneralAdministrative": 1080000, "nonRecurring": {}, "otherOperatingExpenses": 860000, "totalOperatingExpenses": 1980000, "operatingIncome": 90000, "totalOtherIncomeExpenseNet": 0, "ebit": 90000, "interestExpense": {}, "incomeBeforeTax": 90000, "incomeTaxExpense": 0, "minorityInterest": 93331745, "netIncomeFromContinuingOps": 90000, "discontinuedOperations": {}, "extraordinaryItems": {}, "effectOfAccountingCharges": {}, "otherItems": {}, "netIncome": 90000, "netIncomeApplicableToCommonShares": 90000}, {"maxAge": 1, "endDate": "2019-09-30", "totalRevenue": 1743000, "costOfRevenue": 0, "grossProfit": 1743000, "researchDevelopment": {}, "sellingGeneralAdministrative": 728000, "nonRecurring": {}, "otherOperatingExpenses": 828000, "totalOperatingExpenses": 1637000, "operatingIncome": 106000, "totalOtherIncomeExpenseNet": -184000, "ebit": 106000, "interestExpense": {}, "incomeBeforeTax": -78000, "incomeTaxExpense": 0, "minorityInterest": 93331745, "netIncomeFromContinuingOps": -78000, "discontinuedOperations": {}, "extraordinaryItems": {}, "effectOfAccountingCharges": {}, "otherItems": {}, "netIncome": -78000, "netIncomeApplicableToCommonShares": -78000}], "maxAge": 86400}, "cashflowStatementHistoryQuarterly": {"cashflowStatements": [{"maxAge": 1, "endDate": "2020-06-30", "netIncome": -205000, "changeToLiabilities": 0}, {"maxAge": 1, "endDate": "2020-03-31", "netIncome": 182605, "changeToLiabilities": 0}, {"maxAge": 1, "endDate": "2019-12-31", "netIncome": 90000, "changeToLiabilities": 0}, {"maxAge": 1, "endDate": "2019-09-30", "netIncome": -78000, "changeToLiabilities": 0}], "maxAge": 86400}, "insiderHolders": {"holders": [{"maxAge": 1, "name": "Moongipa Development & Infrastructure Ltd", "relation": "Promoter", "url": "", "transactionDescription": "Other", "latestTransDate": "2015-10-16", "positionDirect": 0, "positionDirectDate": "2015-10-16"}, {"maxAge": 1, "name": "Shiva Shakti Enclaves Pvt Ltd", "relation": "Promoter", "url": "", "transactionDescription": "Other", "latestTransDate": "2015-10-16", "positionDirect": 5721207, "positionDirectDate": "2015-10-16"}], "maxAge": 1}, "calendarEvents": {"maxAge": 1, "earnings": {"earningsDate": []}}, "price": {"maxAge": 1, "regularMarketChangePercent": -0.034482807, "regularMarketChange": -0.10000014, "regularMarketTime": "2021-04-30 15:29:53", "priceHint": 4, "regularMarketPrice": 2.8, "regularMarketDayHigh": 2.9, "regularMarketDayLow": 2.78, "regularMarketVolume": 65195, "averageDailyVolume10Day": 2236, "averageDailyVolume3Month": 3286, "regularMarketPreviousClose": 2.9, "regularMarketSource": "FREE_REALTIME", "regularMarketOpen": 2.85, "exchange": "BSE", "exchangeName": "BSE", "exchangeDataDelayedBy": 0, "marketState": "CLOSED", "quoteType": "EQUITY", "symbol": "YOGISUNG.BO", "underlyingSymbol": null, "shortName": "YOGI SUNG-WON (INDIA) LTD.", "longName": "Yogi Infra Projects Limited", "currency": "INR", "quoteSourceName": "Delayed Quote", "currencySymbol": "\u20b9", "fromCurrency": null, "toCurrency": null, "lastMarket": null, "marketCap": 47168240}, "balanceSheetHistory": {"balanceSheetStatements": [{"maxAge": 1, "endDate": "2020-03-31", "cash": 3891706, "shortTermInvestments": 265382, "netReceivables": 91033232, "inventory": 10537642, "otherCurrentAssets": 97496395, "totalCurrentAssets": 203224606, "longTermInvestments": 2800004, "propertyPlantEquipment": 2554860114, "otherAssets": 232513, "deferredLongTermAssetCharges": 232513, "totalAssets": 2761117237, "accountsPayable": 73380969, "otherCurrentLiab": 2155266309, "longTermDebt": 54712937, "minorityInterest": 93331745, "totalCurrentLiabilities": 2247683612, "totalLiab": 2302396549, "commonStock": 168458000, "retainedEarnings": 196930943, "totalStockholderEquity": 365388943, "netTangibleAssets": 365388943}, {"maxAge": 1, "endDate": "2019-03-31", "cash": 8126925, "shortTermInvestments": 265382, "netReceivables": 121239796, "inventory": 10537642, "otherCurrentAssets": 75768419, "totalCurrentAssets": 215944356, "longTermInvestments": 2800004, "propertyPlantEquipment": 2435382345, "otherAssets": 209306, "deferredLongTermAssetCharges": 209307, "totalAssets": 2654336011, "accountsPayable": 84230823, "otherCurrentLiab": 1976268782, "longTermDebt": 130304650, "minorityInterest": 93379275, "totalCurrentLiabilities": 2065314583, "totalLiab": 2195619233, "commonStock": 168458000, "retainedEarnings": 196879503, "treasuryStock": 290259000, "otherStockholderEquity": 290259000, "totalStockholderEquity": 365337503, "netTangibleAssets": 365337503}, {"maxAge": 1, "endDate": "2018-03-31", "cash": 24513801, "shortTermInvestments": 3065386, "netReceivables": 152946695, "inventory": 10537642, "otherCurrentAssets": 66921740, "totalCurrentAssets": 257989934, "longTermInvestments": 2800004, "propertyPlantEquipment": 2165766606, "otherAssets": -1, "totalAssets": 2423756539, "accountsPayable": 14622541, "otherCurrentLiab": 1824542883, "longTermDebt": 125548429, "minorityInterest": 93081796, "totalCurrentLiabilities": 1840705591, "totalLiab": 1966254020, "commonStock": 168458000, "retainedEarnings": 195962723, "totalStockholderEquity": 364420723, "netTangibleAssets": 364420723}, {"maxAge": 1, "endDate": "2017-03-31", "cash": 2042825, "shortTermInvestments": 305382, "netReceivables": 138032836, "inventory": 28707269, "otherCurrentAssets": 66044437, "totalCurrentAssets": 235133000, "longTermInvestments": 2899804, "propertyPlantEquipment": 2046917138, "totalAssets": 2284949942, "accountsPayable": 23411640, "otherCurrentLiab": 1752934600, "longTermDebt": 42461394, "minorityInterest": 91689718, "totalCurrentLiabilities": 1789673615, "totalLiab": 1832135009, "commonStock": 168458000, "retainedEarnings": 192667215, "totalStockholderEquity": 361125215, "netTangibleAssets": 361125215}], "maxAge": 86400}, "financialData": {"maxAge": 86400, "currentPrice": 2.8, "recommendationKey": "none", "grossProfits": 8299910, "financialCurrency": "INR"}}}