{"YUKEN.BO": {"recommendationTrend": {"trend": [{"period": "0m", "strongBuy": 0, "buy": 0, "hold": 0, "sell": 0, "strongSell": 0}, {"period": "-1m", "strongBuy": 0, "buy": 0, "hold": 0, "sell": 0, "strongSell": 0}, {"period": "-2m", "strongBuy": 0, "buy": 0, "hold": 0, "sell": 0, "strongSell": 0}, {"period": "-3m", "strongBuy": 0, "buy": 0, "hold": 0, "sell": 0, "strongSell": 0}], "maxAge": 86400}, "cashflowStatementHistory": {"cashflowStatements": [{"maxAge": 1, "endDate": "2020-03-31", "netIncome": 31302000, "depreciation": 71171000, "changeToNetincome": 49988000, "changeToAccountReceivables": 176027000, "changeToLiabilities": -281680000, "changeToInventory": -40799000, "changeToOperatingActivities": -40083000, "totalCashFromOperatingActivities": -29596000, "capitalExpenditures": -272715000, "investments": -3082000, "otherCashflowsFromInvestingActivities": 262267000, "totalCashflowsFromInvestingActivities": -12249000, "dividendsPaid": -23905000, "netBorrowings": 163578000, "otherCashflowsFromFinancingActivities": -100798000, "totalCashFromFinancingActivities": 38875000, "effectOfExchangeRate": 36000, "changeInCash": -2934000}, {"maxAge": 1, "endDate": "2019-03-31", "netIncome": 1193955000, "depreciation": 59855000, "changeToNetincome": -967914000, "changeToAccountReceivables": -188767000, "changeToLiabilities": 150791000, "changeToInventory": -81055000, "changeToOperatingActivities": 32910000, "totalCashFromOperatingActivities": 201910000, "capitalExpenditures": -312460000, "investments": -250000, "otherCashflowsFromInvestingActivities": -188103000, "totalCashflowsFromInvestingActivities": -498346000, "dividendsPaid": -6084000, "netBorrowings": 380320000, "otherCashflowsFromFinancingActivities": -74263000, "totalCashFromFinancingActivities": 299973000, "effectOfExchangeRate": 448000, "changeInCash": 3985000}, {"maxAge": 1, "endDate": "2018-03-31", "netIncome": 71072000, "depreciation": 52816000, "changeToNetincome": 88711000, "changeToAccountReceivables": -147986000, "changeToLiabilities": 87257000, "changeToInventory": -39284000, "changeToOperatingActivities": 7463000, "totalCashFromOperatingActivities": 122784000, "capitalExpenditures": -97573000, "investments": -250000, "otherCashflowsFromInvestingActivities": 370000, "totalCashflowsFromInvestingActivities": -93858000, "dividendsPaid": -3070000, "netBorrowings": 50528000, "otherCashflowsFromFinancingActivities": -74164000, "totalCashFromFinancingActivities": -26706000, "effectOfExchangeRate": 302000, "changeInCash": 2523000}, {"maxAge": 1, "endDate": "2017-03-31", "netIncome": -46451000, "depreciation": 51169000, "changeToNetincome": 66989000, "changeToAccountReceivables": -45472000, "changeToLiabilities": 62420000, "changeToInventory": -18442000, "changeToOperatingActivities": 16179000, "totalCashFromOperatingActivities": 89087000, "capitalExpenditures": -152768000, "investments": -250000, "otherCashflowsFromInvestingActivities": 6773000, "totalCashflowsFromInvestingActivities": -122520000, "dividendsPaid": -3449000, "netBorrowings": 98658000, "otherCashflowsFromFinancingActivities": -61077000, "totalCashFromFinancingActivities": 34132000, "effectOfExchangeRate": -106000, "changeInCash": 594000}], "maxAge": 86400}, "institutionOwnership": {"maxAge": 1, "ownershipList": []}, "balanceSheetHistoryQuarterly": {"balanceSheetStatements": [{"maxAge": 1, "endDate": "2020-06-30", "totalStockholderEquity": 1737632000, "netTangibleAssets": 1684362000}, {"maxAge": 1, "endDate": "2020-03-31", "cash": 7313000, "netReceivables": 788017000, "inventory": 1890672000, "otherCurrentAssets": 78723000, "totalCurrentAssets": 2780950000, "longTermInvestments": 43629000, "propertyPlantEquipment": 1240766000, "goodWill": 9257000, "intangibleAssets": 44013000, "otherAssets": 50749000, "deferredLongTermAssetCharges": 20887000, "totalAssets": 4169364000, "accountsPayable": 432790000, "shortLongTermDebt": 124270000, "otherCurrentLiab": 462342000, "longTermDebt": 284556000, "otherLiab": 150560000, "minorityInterest": 340000, "totalCurrentLiabilities": 1990504000, "totalLiab": 2431392000, "commonStock": 120000000, "retainedEarnings": 1613391000, "treasuryStock": 4241000, "otherStockholderEquity": 4241000, "totalStockholderEquity": 1737632000, "netTangibleAssets": 1684362000}, {"maxAge": 1, "endDate": "2019-12-31", "totalStockholderEquity": 1733799000, "netTangibleAssets": 1689438000}, {"maxAge": 1, "endDate": "2019-09-30", "cash": 17481000, "shortTermInvestments": 32588000, "netReceivables": 875334000, "inventory": 1871131000, "otherCurrentAssets": 69214000, "totalCurrentAssets": 2865748000, "longTermInvestments": 40656000, "propertyPlantEquipment": 1155060000, "goodWill": 9257000, "intangibleAssets": 35104000, "otherAssets": 45934000, "deferredLongTermAssetCharges": 16240000, "totalAssets": 4151759000, "accountsPayable": 527957000, "otherCurrentLiab": 479279000, "longTermDebt": 225863000, "otherLiab": 145953000, "minorityInterest": 1180000, "totalCurrentLiabilities": 2044964000, "totalLiab": 2416780000, "commonStock": 120000000, "treasuryStock": 1613799000, "otherStockholderEquity": 1613799000, "totalStockholderEquity": 1733799000, "netTangibleAssets": 1689438000}], "maxAge": 86400}, "earningsHistory": {"history": [{"maxAge": 1, "epsActual": {}, "epsEstimate": {}, "epsDifference": {}, "surprisePercent": {}, "quarter": {}, "period": "-4q"}, {"maxAge": 1, "epsActual": {}, "epsEstimate": {}, "epsDifference": {}, "surprisePercent": {}, "quarter": {}, "period": "-3q"}, {"maxAge": 1, "epsActual": {}, "epsEstimate": {}, "epsDifference": {}, "surprisePercent": {}, "quarter": {}, "period": "-2q"}, {"maxAge": 1, "epsActual": {}, "epsEstimate": {}, "epsDifference": {}, "surprisePercent": {}, "quarter": {}, "period": "-1q"}], "maxAge": 86400}, "indexTrend": {"maxAge": 1, "symbol": "SP5", "peRatio": 19.7411, "pegRatio": 1.34172, "estimates": [{"period": "0q", "growth": 0.549}, {"period": "+1q", "growth": 0.431}, {"period": "0y", "growth": 0.305}, {"period": "+1y", "growth": 0.109}, {"period": "+5y", "growth": 0.120859005}, {"period": "-5y"}]}, "industryTrend": {"maxAge": 1, "symbol": null, "estimates": []}, "quoteType": {"exchange": "BSE", "quoteType": "EQUITY", "symbol": "YUKEN.BO", "underlyingSymbol": "YUKEN.BO", "shortName": "YUKEN INDIA LTD.", "longName": "Yuken India Limited", "firstTradeDateEpochUtc": "2001-10-05 09:15:00", "timeZoneFullName": "Asia/Kolkata", "timeZoneShortName": "IST", "uuid": "73e18802-d3ea-3c4d-9941-bbaeba18f5b6", "messageBoardId": null, "gmtOffSetMilliseconds": 19800000, "maxAge": 1}, "incomeStatementHistory": {"incomeStatementHistory": [{"maxAge": 1, "endDate": "2020-03-31", "totalRevenue": 2421596000, "costOfRevenue": 1149028000, "grossProfit": 1272568000, "researchDevelopment": {}, "sellingGeneralAdministrative": 417649000, "nonRecurring": {}, "otherOperatingExpenses": 689824000, "totalOperatingExpenses": 2337249000, "operatingIncome": 84347000, "totalOtherIncomeExpenseNet": -77667000, "ebit": 84347000, "interestExpense": -108809000, "incomeBeforeTax": 6680000, "incomeTaxExpense": -23553000, "minorityInterest": 340000, "netIncomeFromContinuingOps": 30233000, "discontinuedOperations": {}, "extraordinaryItems": {}, "effectOfAccountingCharges": {}, "otherItems": {}, "netIncome": 31302000, "netIncomeApplicableToCommonShares": 31302000}, {"maxAge": 1, "endDate": "2019-03-31", "totalRevenue": 3394130000, "costOfRevenue": 1708279000, "grossProfit": 1685851000, "researchDevelopment": {}, "sellingGeneralAdministrative": 450623000, "nonRecurring": {}, "otherOperatingExpenses": 909656000, "totalOperatingExpenses": 3152957000, "operatingIncome": 241173000, "totalOtherIncomeExpenseNet": 1273393000, "ebit": 241173000, "interestExpense": -78878000, "incomeBeforeTax": 1514566000, "incomeTaxExpense": 320611000, "minorityInterest": 340000, "netIncomeFromContinuingOps": 1193955000, "discontinuedOperations": {}, "extraordinaryItems": {}, "effectOfAccountingCharges": {}, "otherItems": {}, "netIncome": 1193955000, "netIncomeApplicableToCommonShares": 1193955000}, {"maxAge": 1, "endDate": "2018-03-31", "totalRevenue": 2679302000, "costOfRevenue": 1339415000, "grossProfit": 1339887000, "researchDevelopment": {}, "sellingGeneralAdministrative": 407653000, "nonRecurring": {}, "otherOperatingExpenses": 700704000, "totalOperatingExpenses": 2505998000, "operatingIncome": 173304000, "totalOtherIncomeExpenseNet": -57558000, "ebit": 173304000, "interestExpense": -81417000, "incomeBeforeTax": 115746000, "incomeTaxExpense": 44674000, "minorityInterest": 340000, "netIncomeFromContinuingOps": 71072000, "discontinuedOperations": {}, "extraordinaryItems": {}, "effectOfAccountingCharges": {}, "otherItems": {}, "netIncome": 71072000, "netIncomeApplicableToCommonShares": 71072000}, {"maxAge": 1, "endDate": "2017-03-31", "totalRevenue": 2084536000, "costOfRevenue": 1041054000, "grossProfit": 1043482000, "researchDevelopment": {}, "sellingGeneralAdministrative": 372436000, "nonRecurring": {}, "otherOperatingExpenses": 605112000, "totalOperatingExpenses": 2075743000, "operatingIncome": 8793000, "totalOtherIncomeExpenseNet": -87598000, "ebit": 8793000, "interestExpense": -66827000, "incomeBeforeTax": -78805000, "incomeTaxExpense": -32354000, "minorityInterest": 340000, "netIncomeFromContinuingOps": -46451000, "discontinuedOperations": {}, "extraordinaryItems": {}, "effectOfAccountingCharges": {}, "otherItems": {}, "netIncome": -46451000, "netIncomeApplicableToCommonShares": -46451000}], "maxAge": 86400}, "fundOwnership": {"maxAge": 1, "ownershipList": []}, "summaryDetail": {"maxAge": 1, "priceHint": 2, "previousClose": 449.75, "open": 439.95, "dayLow": 435.4, "dayHigh": 453.0, "regularMarketPreviousClose": 449.75, "regularMarketOpen": 439.95, "regularMarketDayLow": 435.4, "regularMarketDayHigh": 453.0, "volume": 21694, "regularMarketVolume": 21694, "averageVolume": 8775, "averageVolume10days": 13478, "averageDailyVolume10Day": 13478, "bid": 440.2, "ask": 442.0, "bidSize": 0, "askSize": 0, "marketCap": 5373000192, "fiftyTwoWeekLow": 211.45, "fiftyTwoWeekHigh": 569.25, "fiftyDayAverage": 450.83087, "twoHundredDayAverage": 456.73492, "trailingAnnualDividendRate": 0.6, "trailingAnnualDividendYield": 0.0013340745, "currency": "INR", "fromCurrency": null, "toCurrency": null, "lastMarket": null, "algorithm": null, "tradeable": false}, "sectorTrend": {"maxAge": 1, "symbol": null, "estimates": []}, "incomeStatementHistoryQuarterly": {"incomeStatementHistory": [{"maxAge": 1, "endDate": "2020-06-30", "totalRevenue": 144441000, "costOfRevenue": 85109000, "grossProfit": 59332000, "researchDevelopment": {}, "sellingGeneralAdministrative": 73038000, "nonRecurring": {}, "otherOperatingExpenses": 61216000, "totalOperatingExpenses": 239373000, "operatingIncome": -94932000, "totalOtherIncomeExpenseNet": -23763000, "ebit": -94932000, "interestExpense": -23557000, "incomeBeforeTax": -118695000, "incomeTaxExpense": -31833000, "minorityInterest": {}, "netIncomeFromContinuingOps": -86862000, "discontinuedOperations": {}, "extraordinaryItems": {}, "effectOfAccountingCharges": {}, "otherItems": {}, "netIncome": -86862000, "netIncomeApplicableToCommonShares": -86862000}, {"maxAge": 1, "endDate": "2020-03-31", "totalRevenue": 500430000, "costOfRevenue": 264777000, "grossProfit": 235653000, "researchDevelopment": {}, "sellingGeneralAdministrative": 113966000, "nonRecurring": {}, "otherOperatingExpenses": 94381000, "totalOperatingExpenses": 499887000, "operatingIncome": 543000, "totalOtherIncomeExpenseNet": -29763000, "ebit": 543000, "interestExpense": -27267000, "incomeBeforeTax": -29220000, "incomeTaxExpense": -10004000, "minorityInterest": 340000, "netIncomeFromContinuingOps": -19216000, "discontinuedOperations": {}, "extraordinaryItems": {}, "effectOfAccountingCharges": {}, "otherItems": {}, "netIncome": -18555000, "netIncomeApplicableToCommonShares": -18555000}, {"maxAge": 1, "endDate": "2019-12-31", "totalRevenue": 566903000, "costOfRevenue": 252904000, "grossProfit": 313999000, "researchDevelopment": {}, "sellingGeneralAdministrative": 92198000, "nonRecurring": {}, "otherOperatingExpenses": 184502000, "totalOperatingExpenses": 548248000, "operatingIncome": 18655000, "totalOtherIncomeExpenseNet": -19299000, "ebit": 18655000, "interestExpense": -28831000, "incomeBeforeTax": -644000, "incomeTaxExpense": -25274000, "minorityInterest": 340000, "netIncomeFromContinuingOps": 24630000, "discontinuedOperations": {}, "extraordinaryItems": {}, "effectOfAccountingCharges": {}, "otherItems": {}, "netIncome": 24809000, "netIncomeApplicableToCommonShares": 24809000}, {"maxAge": 1, "endDate": "2019-09-30", "totalRevenue": 619531000, "costOfRevenue": 293953000, "grossProfit": 325578000, "researchDevelopment": {}, "sellingGeneralAdministrative": 100410000, "nonRecurring": {}, "otherOperatingExpenses": 191686000, "totalOperatingExpenses": 604532000, "operatingIncome": 14999000, "totalOtherIncomeExpenseNet": -12630000, "ebit": 14999000, "interestExpense": -26527000, "incomeBeforeTax": 2369000, "incomeTaxExpense": 548000, "minorityInterest": 1180000, "netIncomeFromContinuingOps": 1821000, "discontinuedOperations": {}, "extraordinaryItems": {}, "effectOfAccountingCharges": {}, "otherItems": {}, "netIncome": 2050000, "netIncomeApplicableToCommonShares": 2050000}], "maxAge": 86400}, "cashflowStatementHistoryQuarterly": {"cashflowStatements": [{"maxAge": 1, "endDate": "2020-06-30", "netIncome": -86862000, "changeToLiabilities": 0}, {"maxAge": 1, "endDate": "2020-03-31", "netIncome": -18555000, "changeToLiabilities": 0}, {"maxAge": 1, "endDate": "2019-12-31", "netIncome": 24809000, "changeToLiabilities": 0}, {"maxAge": 1, "endDate": "2019-09-30", "netIncome": 2050000, "changeToLiabilities": 0}], "maxAge": 86400}, "insiderHolders": {"holders": [], "maxAge": 1}, "earnings": {"maxAge": 86400, "earningsChart": {"quarterly": [], "earningsDate": ["2020-08-06 05:30:S"]}, "financialsChart": {"yearly": [{"date": 2017, "revenue": 2084536000, "earnings": -46451000}, {"date": 2018, "revenue": 2679302000, "earnings": 71072000}, {"date": 2019, "revenue": 3394130000, "earnings": 1193955000}, {"date": 2020, "revenue": 2421596000, "earnings": 31302000}], "quarterly": [{"date": "3Q2019", "revenue": 619531000, "earnings": 2050000}, {"date": "4Q2019", "revenue": 566903000, "earnings": 24809000}, {"date": "1Q2020", "revenue": 500430000, "earnings": -18555000}, {"date": "2Q2020", "revenue": 144441000, "earnings": -86862000}]}, "financialCurrency": "INR"}, "calendarEvents": {"maxAge": 1, "earnings": {"earningsDate": ["2020-08-06 05:30:S"]}}, "price": {"maxAge": 1, "regularMarketChangePercent": -0.004446915, "regularMarketChange": -2.0, "regularMarketTime": "2021-04-30 15:29:19", "priceHint": 2, "regularMarketPrice": 447.75, "regularMarketDayHigh": 453.0, "regularMarketDayLow": 435.4, "regularMarketVolume": 21694, "averageDailyVolume10Day": 13478, "averageDailyVolume3Month": 8775, "regularMarketPreviousClose": 449.75, "regularMarketSource": "FREE_REALTIME", "regularMarketOpen": 439.95, "exchange": "BSE", "exchangeName": "BSE", "exchangeDataDelayedBy": 0, "marketState": "CLOSED", "quoteType": "EQUITY", "symbol": "YUKEN.BO", "underlyingSymbol": null, "shortName": "YUKEN INDIA LTD.", "longName": "Yuken India Limited", "currency": "INR", "quoteSourceName": "Delayed Quote", "currencySymbol": "\u20b9", "fromCurrency": null, "toCurrency": null, "lastMarket": null, "marketCap": 5373000192}, "balanceSheetHistory": {"balanceSheetStatements": [{"maxAge": 1, "endDate": "2020-03-31", "cash": 7313000, "netReceivables": 788017000, "inventory": 1890672000, "otherCurrentAssets": 78723000, "totalCurrentAssets": 2780950000, "longTermInvestments": 43629000, "propertyPlantEquipment": 1240766000, "goodWill": 9257000, "intangibleAssets": 44013000, "otherAssets": 50749000, "deferredLongTermAssetCharges": 20887000, "totalAssets": 4169364000, "accountsPayable": 432790000, "shortLongTermDebt": 124270000, "otherCurrentLiab": 462342000, "longTermDebt": 284556000, "otherLiab": 150560000, "minorityInterest": 340000, "totalCurrentLiabilities": 1990504000, "totalLiab": 2431392000, "commonStock": 120000000, "retainedEarnings": 1613391000, "treasuryStock": 4241000, "otherStockholderEquity": 4241000, "totalStockholderEquity": 1737632000, "netTangibleAssets": 1684362000}, {"maxAge": 1, "endDate": "2019-03-31", "cash": 10247000, "netReceivables": 967154000, "inventory": 1837929000, "otherCurrentAssets": 74877000, "totalCurrentAssets": 2907301000, "longTermInvestments": 41395000, "propertyPlantEquipment": 1015159000, "goodWill": 3561000, "intangibleAssets": 27186000, "otherAssets": 86589000, "deferredLongTermAssetCharges": 14211000, "totalAssets": 4081191000, "accountsPayable": 688150000, "shortLongTermDebt": 49832000, "otherCurrentLiab": 278163000, "longTermDebt": 181328000, "otherLiab": 140778000, "totalCurrentLiabilities": 2021401000, "totalLiab": 2343507000, "commonStock": 120000000, "retainedEarnings": 1613443000, "treasuryStock": 4241000, "otherStockholderEquity": 4241000, "totalStockholderEquity": 1737684000, "netTangibleAssets": 1706937000}, {"maxAge": 1, "endDate": "2018-03-31", "cash": 6262000, "netReceivables": 790148000, "inventory": 402186000, "otherCurrentAssets": 70007000, "totalCurrentAssets": 1277261000, "longTermInvestments": 36780000, "propertyPlantEquipment": 821641000, "goodWill": 3561000, "intangibleAssets": 28889000, "otherAssets": 23290000, "deferredLongTermAssetCharges": 6454000, "totalAssets": 2191422000, "accountsPayable": 553733000, "shortLongTermDebt": 50106000, "otherCurrentLiab": 128137000, "longTermDebt": 118660000, "otherLiab": 133318000, "totalCurrentLiabilities": 1386373000, "totalLiab": 1638351000, "commonStock": 30000000, "retainedEarnings": 518830000, "treasuryStock": 4241000, "otherStockholderEquity": 4241000, "totalStockholderEquity": 553071000, "netTangibleAssets": 520621000}, {"maxAge": 1, "endDate": "2017-03-31", "cash": 3739000, "netReceivables": 642152000, "inventory": 362902000, "otherCurrentAssets": 74103000, "totalCurrentAssets": 1095018000, "longTermInvestments": 37286000, "propertyPlantEquipment": 788916000, "goodWill": 3561000, "intangibleAssets": 11377000, "otherAssets": 7523000, "totalAssets": 1943681000, "accountsPayable": 467174000, "shortLongTermDebt": 46179000, "otherCurrentLiab": 108466000, "longTermDebt": 146179000, "otherLiab": 112417000, "totalCurrentLiabilities": 1199108000, "totalLiab": 1457704000, "commonStock": 30000000, "retainedEarnings": 451736000, "treasuryStock": 4241000, "otherStockholderEquity": 4241000, "totalStockholderEquity": 485977000, "netTangibleAssets": 471039000}], "maxAge": 86400}, "earningsTrend": {"trend": [{"maxAge": 1, "period": "0q", "endDate": null, "growth": {}, "earningsEstimate": {"avg": 0.0, "low": 0.0, "high": 0.0, "yearAgoEps": {}, "numberOfAnalysts": 0, "growth": {}}, "revenueEstimate": {"avg": 0, "low": 0, "high": 0, "numberOfAnalysts": 0, "yearAgoRevenue": {}, "growth": {}}, "epsTrend": {"current": 0.0, "7daysAgo": 0.0, "30daysAgo": 0.0, "60daysAgo": 0.0, "90daysAgo": 0.0}, "epsRevisions": {"upLast7days": 0, "upLast30days": 0, "downLast30days": 0, "downLast90days": {}}}, {"maxAge": 1, "period": "+1q", "endDate": null, "growth": {}, "earningsEstimate": {"avg": 0.0, "low": 0.0, "high": 0.0, "yearAgoEps": {}, "numberOfAnalysts": 0, "growth": {}}, "revenueEstimate": {"avg": 0, "low": 0, "high": 0, "numberOfAnalysts": 0, "yearAgoRevenue": {}, "growth": {}}, "epsTrend": {"current": 0.0, "7daysAgo": 0.0, "30daysAgo": 0.0, "60daysAgo": 0.0, "90daysAgo": 0.0}, "epsRevisions": {"upLast7days": 0, "upLast30days": 0, "downLast30days": 0, "downLast90days": {}}}, {"maxAge": 1, "period": "0y", "endDate": null, "growth": {}, "earningsEstimate": {"avg": 0.0, "low": 0.0, "high": 0.0, "yearAgoEps": {}, "numberOfAnalysts": 0, "growth": {}}, "revenueEstimate": {"avg": 0, "low": 0, "high": 0, "numberOfAnalysts": 0, "yearAgoRevenue": {}, "growth": {}}, "epsTrend": {"current": 0.0, "7daysAgo": 0.0, "30daysAgo": 0.0, "60daysAgo": 0.0, "90daysAgo": 0.0}, "epsRevisions": {"upLast7days": 0, "upLast30days": 0, "downLast30days": 0, "downLast90days": {}}}, {"maxAge": 1, "period": "+1y", "endDate": null, "growth": {}, "earningsEstimate": {"avg": 0.0, "low": 0.0, "high": 0.0, "yearAgoEps": {}, "numberOfAnalysts": 0, "growth": {}}, "revenueEstimate": {"avg": 0, "low": 0, "high": 0, "numberOfAnalysts": 0, "yearAgoRevenue": {}, "growth": {}}, "epsTrend": {"current": 0.0, "7daysAgo": 0.0, "30daysAgo": 0.0, "60daysAgo": 0.0, "90daysAgo": 0.0}, "epsRevisions": {"upLast7days": 0, "upLast30days": 0, "downLast30days": 0, "downLast90days": {}}}, {"maxAge": 1, "period": "+5y", "endDate": null, "growth": {}, "earningsEstimate": {"avg": {}, "low": {}, "high": {}, "yearAgoEps": {}, "numberOfAnalysts": {}, "growth": {}}, "revenueEstimate": {"avg": {}, "low": {}, "high": {}, "numberOfAnalysts": {}, "yearAgoRevenue": {}, "growth": {}}, "epsTrend": {"current": {}, "7daysAgo": {}, "30daysAgo": {}, "60daysAgo": {}, "90daysAgo": {}}, "epsRevisions": {"upLast7days": {}, "upLast30days": {}, "downLast30days": {}, "downLast90days": {}}}, {"maxAge": 1, "period": "-5y", "endDate": null, "growth": {}, "earningsEstimate": {"avg": {}, "low": {}, "high": {}, "yearAgoEps": {}, "numberOfAnalysts": {}, "growth": {}}, "revenueEstimate": {"avg": {}, "low": {}, "high": {}, "numberOfAnalysts": {}, "yearAgoRevenue": {}, "growth": {}}, "epsTrend": {"current": {}, "7daysAgo": {}, "30daysAgo": {}, "60daysAgo": {}, "90daysAgo": {}}, "epsRevisions": {"upLast7days": {}, "upLast30days": {}, "downLast30days": {}, "downLast90days": {}}}], "maxAge": 1}, "financialData": {"maxAge": 86400, "currentPrice": 447.75, "targetHighPrice": 167.87, "targetLowPrice": 167.87, "targetMeanPrice": 167.87, "targetMedianPrice": 167.87, "recommendationKey": "none", "numberOfAnalystOpinions": 1, "grossProfits": 1272568000, "financialCurrency": "INR"}}}