{"ZBINTXPP.BO": {"cashflowStatementHistory": {"cashflowStatements": [{"maxAge": 1, "endDate": "2020-03-31", "netIncome": 41047826, "depreciation": 27099000, "changeToNetincome": -9236826, "changeToAccountReceivables": -21325000, "changeToLiabilities": 0, "changeToInventory": 40341000, "changeToOperatingActivities": -50842000, "totalCashFromOperatingActivities": 27084000, "capitalExpenditures": -110298000, "otherCashflowsFromInvestingActivities": 49778000, "totalCashflowsFromInvestingActivities": -43525000, "netBorrowings": 53733000, "otherCashflowsFromFinancingActivities": -28041000, "totalCashFromFinancingActivities": 25692000, "changeInCash": 9251000}, {"maxAge": 1, "endDate": "2019-03-31", "netIncome": 24455485, "depreciation": 17343000, "changeToNetincome": 13034515, "changeToAccountReceivables": -495000, "changeToLiabilities": 0, "changeToInventory": -54541000, "changeToOperatingActivities": 21965000, "totalCashFromOperatingActivities": 21762000, "capitalExpenditures": -24026000, "otherCashflowsFromInvestingActivities": 9902000, "totalCashflowsFromInvestingActivities": -14050000, "netBorrowings": 13713000, "otherCashflowsFromFinancingActivities": -25338000, "totalCashFromFinancingActivities": -11625000, "changeInCash": -3914000}, {"maxAge": 1, "endDate": "2018-03-31", "netIncome": 7255310, "depreciation": 16235000, "changeToNetincome": -1825310, "changeToAccountReceivables": 2443000, "changeToLiabilities": 0, "changeToInventory": 77511000, "changeToOperatingActivities": 42283000, "totalCashFromOperatingActivities": 143902000, "capitalExpenditures": -28609000, "otherCashflowsFromInvestingActivities": 13610000, "totalCashflowsFromInvestingActivities": -14466000, "netBorrowings": -141125000, "otherCashflowsFromFinancingActivities": -22358000, "totalCashFromFinancingActivities": -163483000, "changeInCash": -34047000}, {"maxAge": 1, "endDate": "2017-03-31", "netIncome": 11753594, "depreciation": 15740000, "changeToNetincome": 12901406, "changeToAccountReceivables": 74236000, "changeToLiabilities": 0, "changeToInventory": -52232000, "changeToOperatingActivities": -582000, "totalCashFromOperatingActivities": 61817000, "capitalExpenditures": -96380000, "otherCashflowsFromInvestingActivities": 13105000, "totalCashflowsFromInvestingActivities": -82628000, "dividendsPaid": -1423000, "netBorrowings": 56402000, "otherCashflowsFromFinancingActivities": -34892000, "totalCashFromFinancingActivities": 20087000, "changeInCash": -724000}], "maxAge": 86400}, "institutionOwnership": {"maxAge": 1, "ownershipList": []}, "balanceSheetHistoryQuarterly": {"balanceSheetStatements": [{"maxAge": 1, "endDate": "2020-06-30", "totalStockholderEquity": 728875495, "netTangibleAssets": 728829603}, {"maxAge": 1, "endDate": "2020-03-31", "cash": 13404426, "netReceivables": 489512710, "inventory": 170425090, "otherCurrentAssets": 184870856, "totalCurrentAssets": 858213082, "longTermInvestments": 73710000, "propertyPlantEquipment": 295978682, "intangibleAssets": 45892, "otherAssets": 214032588, "totalAssets": 1441980244, "accountsPayable": 256887246, "shortLongTermDebt": 3803287, "otherCurrentLiab": 46215342, "longTermDebt": 5480629, "otherLiab": 25611106, "totalCurrentLiabilities": 673290332, "totalLiab": 713104750, "commonStock": 7113000, "retainedEarnings": 696555125, "treasuryStock": 7370, "capitalSurplus": 25200000, "otherStockholderEquity": 7370, "totalStockholderEquity": 728875495, "netTangibleAssets": 728829603}, {"maxAge": 1, "endDate": "2019-12-31", "totalStockholderEquity": 724317000, "netTangibleAssets": 724271000}, {"maxAge": 1, "endDate": "2019-09-30", "cash": 43804000, "netReceivables": 561905000, "inventory": 131327000, "otherCurrentAssets": 142193000, "totalCurrentAssets": 879229000, "longTermInvestments": 73710000, "propertyPlantEquipment": 216951000, "intangibleAssets": 46000, "otherAssets": 241498000, "totalAssets": 1411434000, "accountsPayable": 240841000, "otherCurrentLiab": 72561000, "longTermDebt": 5442000, "otherLiab": 13020000, "totalCurrentLiabilities": 668655000, "totalLiab": 687117000, "commonStock": 7113000, "treasuryStock": 717204000, "otherStockholderEquity": 717204000, "totalStockholderEquity": 724317000, "netTangibleAssets": 724271000}], "maxAge": 86400}, "indexTrend": {"maxAge": 1, "symbol": "SP5", "peRatio": 19.7411, "pegRatio": 1.34172, "estimates": [{"period": "0q", "growth": 0.549}, {"period": "+1q", "growth": 0.431}, {"period": "0y", "growth": 0.305}, {"period": "+1y", "growth": 0.109}, {"period": "+5y", "growth": 0.120859005}, {"period": "-5y"}]}, "insiderTransactions": {"transactions": [{"maxAge": 1, "shares": 25100, "filerUrl": "", "transactionText": "", "filerName": "Pacheriwala (Bhagirathidevi)", "filerRelation": "UNREPORTED", "moneyText": "", "startDate": "2019-09-26", "ownership": "D"}, {"maxAge": 1, "shares": 53150, "filerUrl": "", "transactionText": "", "filerName": "Pacheriwala (Binodilal Arjundas)", "filerRelation": "Promoter", "moneyText": "", "startDate": "2019-09-26", "ownership": "D"}, {"maxAge": 1, "shares": 25100, "filerUrl": "", "transactionText": "", "filerName": "Pacheriwala (Vanshika)", "filerRelation": "Promoter", "moneyText": "", "startDate": "2019-09-26", "ownership": "D"}, {"maxAge": 1, "shares": 53150, "filerUrl": "", "transactionText": "", "filerName": "Pacheriwala (Vishal)", "filerRelation": "Promoter", "moneyText": "", "startDate": "2019-09-26", "ownership": "D"}], "maxAge": 1}, "quoteType": {"exchange": "BSE", "quoteType": "EQUITY", "symbol": "ZBINTXPP.BO", "underlyingSymbol": "ZBINTXPP.BO", "shortName": "BINAYAK TEX PROCESSORS LTD.", "longName": "Binayak Tex Processors Limited", "firstTradeDateEpochUtc": "2007-02-21 09:15:00", "timeZoneFullName": "Asia/Kolkata", "timeZoneShortName": "IST", "uuid": "bc139618-d208-32fc-a665-d3f4b2a82b31", "messageBoardId": null, "gmtOffSetMilliseconds": 19800000, "maxAge": 1}, "incomeStatementHistory": {"incomeStatementHistory": [{"maxAge": 1, "endDate": "2020-03-31", "totalRevenue": 1880582137, "costOfRevenue": 1287879921, "grossProfit": 592702216, "researchDevelopment": {}, "sellingGeneralAdministrative": 49031161, "nonRecurring": {}, "otherOperatingExpenses": 433067817, "totalOperatingExpenses": 1797078113, "operatingIncome": 83504024, "totalOtherIncomeExpenseNet": -29310811, "ebit": 83504024, "interestExpense": -27040664, "incomeBeforeTax": 54193213, "incomeTaxExpense": 13145387, "minorityInterest": {}, "netIncomeFromContinuingOps": 41047826, "discontinuedOperations": {}, "extraordinaryItems": {}, "effectOfAccountingCharges": {}, "otherItems": {}, "netIncome": 41047826, "netIncomeApplicableToCommonShares": 41047826}, {"maxAge": 1, "endDate": "2019-03-31", "totalRevenue": 1780862099, "costOfRevenue": 1095306110, "grossProfit": 685555989, "researchDevelopment": {}, "sellingGeneralAdministrative": 54171987, "nonRecurring": {}, "otherOperatingExpenses": 559569368, "totalOperatingExpenses": 1726390811, "operatingIncome": 54471288, "totalOtherIncomeExpenseNet": -28268275, "ebit": 54471288, "interestExpense": -25338312, "incomeBeforeTax": 26203013, "incomeTaxExpense": 1747528, "minorityInterest": {}, "netIncomeFromContinuingOps": 24455485, "discontinuedOperations": {}, "extraordinaryItems": {}, "effectOfAccountingCharges": {}, "otherItems": {}, "netIncome": 24455485, "netIncomeApplicableToCommonShares": 24455485}, {"maxAge": 1, "endDate": "2018-03-31", "totalRevenue": 1591686174, "costOfRevenue": 1017192141, "grossProfit": 574494033, "researchDevelopment": {}, "sellingGeneralAdministrative": 49728839, "nonRecurring": {}, "otherOperatingExpenses": 471189302, "totalOperatingExpenses": 1554345015, "operatingIncome": 37341159, "totalOtherIncomeExpenseNet": -26692701, "ebit": 37341159, "interestExpense": -23357781, "incomeBeforeTax": 10648458, "incomeTaxExpense": 3393148, "minorityInterest": {}, "netIncomeFromContinuingOps": 7255310, "discontinuedOperations": {}, "extraordinaryItems": {}, "effectOfAccountingCharges": {}, "otherItems": {}, "netIncome": 7255310, "netIncomeApplicableToCommonShares": 7255310}, {"maxAge": 1, "endDate": "2017-03-31", "totalRevenue": 1720684160, "costOfRevenue": 1138236809, "grossProfit": 582447351, "researchDevelopment": {}, "sellingGeneralAdministrative": 44381727, "nonRecurring": {}, "otherOperatingExpenses": 466663443, "totalOperatingExpenses": 1665022282, "operatingIncome": 55661878, "totalOtherIncomeExpenseNet": -39368983, "ebit": 55661878, "interestExpense": -34892329, "incomeBeforeTax": 16292895, "incomeTaxExpense": 4539301, "minorityInterest": {}, "netIncomeFromContinuingOps": 11753594, "discontinuedOperations": {}, "extraordinaryItems": {}, "effectOfAccountingCharges": {}, "otherItems": {}, "netIncome": 11753594, "netIncomeApplicableToCommonShares": 11753594}], "maxAge": 86400}, "fundOwnership": {"maxAge": 1, "ownershipList": []}, "summaryDetail": {"maxAge": 1, "priceHint": 2, "previousClose": 533.7, "open": 533.7, "dayLow": 533.7, "dayHigh": 533.7, "regularMarketPreviousClose": 533.7, "regularMarketOpen": 533.7, "regularMarketDayLow": 533.7, "regularMarketDayHigh": 533.7, "trailingPE": 18.927546, "volume": 4, "regularMarketVolume": 4, "averageVolume": 3, "averageVolume10days": 0, "averageDailyVolume10Day": 0, "bid": 0.0, "ask": 0.0, "bidSize": 0, "askSize": 0, "marketCap": 379620832, "fiftyTwoWeekLow": 330.05, "fiftyTwoWeekHigh": 723.2, "fiftyDayAverage": 619.0676, "twoHundredDayAverage": 442.97556, "currency": "INR", "fromCurrency": null, "toCurrency": null, "lastMarket": null, "algorithm": null, "tradeable": false}, "incomeStatementHistoryQuarterly": {"incomeStatementHistory": [{"maxAge": 1, "endDate": "2020-06-30", "totalRevenue": 194410000, "costOfRevenue": 145395000, "grossProfit": 49015000, "researchDevelopment": {}, "sellingGeneralAdministrative": 8106000, "nonRecurring": {}, "otherOperatingExpenses": 32823000, "totalOperatingExpenses": 193824000, "operatingIncome": 586000, "totalOtherIncomeExpenseNet": -9763000, "ebit": 586000, "interestExpense": -9763000, "incomeBeforeTax": -9177000, "incomeTaxExpense": -712000, "minorityInterest": {}, "netIncomeFromContinuingOps": -8465000, "discontinuedOperations": {}, "extraordinaryItems": {}, "effectOfAccountingCharges": {}, "otherItems": {}, "netIncome": -8465000, "netIncomeApplicableToCommonShares": -8465000}, {"maxAge": 1, "endDate": "2020-03-31", "totalRevenue": 465996137, "costOfRevenue": 342094921, "grossProfit": 123901216, "researchDevelopment": {}, "sellingGeneralAdministrative": 15577161, "nonRecurring": {}, "otherOperatingExpenses": 81342817, "totalOperatingExpenses": 451991113, "operatingIncome": 14005024, "totalOtherIncomeExpenseNet": -6933811, "ebit": 14005024, "interestExpense": -4663664, "incomeBeforeTax": 7071213, "incomeTaxExpense": 6493387, "minorityInterest": {}, "netIncomeFromContinuingOps": 577826, "discontinuedOperations": {}, "extraordinaryItems": {}, "effectOfAccountingCharges": {}, "otherItems": {}, "netIncome": 577826, "netIncomeApplicableToCommonShares": 577826}, {"maxAge": 1, "endDate": "2019-12-31", "totalRevenue": 395864000, "costOfRevenue": 246444000, "grossProfit": 149420000, "researchDevelopment": {}, "sellingGeneralAdministrative": 11733000, "nonRecurring": {}, "otherOperatingExpenses": 122251000, "totalOperatingExpenses": 385141000, "operatingIncome": 10723000, "totalOtherIncomeExpenseNet": -6844000, "ebit": 10723000, "interestExpense": -6844000, "incomeBeforeTax": 3879000, "incomeTaxExpense": -103000, "minorityInterest": {}, "netIncomeFromContinuingOps": 3982000, "discontinuedOperations": {}, "extraordinaryItems": {}, "effectOfAccountingCharges": {}, "otherItems": {}, "netIncome": 3982000, "netIncomeApplicableToCommonShares": 3982000}, {"maxAge": 1, "endDate": "2019-09-30", "totalRevenue": 524656000, "costOfRevenue": 342138000, "grossProfit": 182518000, "researchDevelopment": {}, "sellingGeneralAdministrative": 10527000, "nonRecurring": {}, "otherOperatingExpenses": 126260000, "totalOperatingExpenses": 483671000, "operatingIncome": 40985000, "totalOtherIncomeExpenseNet": -8408000, "ebit": 40985000, "interestExpense": -8408000, "incomeBeforeTax": 32577000, "incomeTaxExpense": 8614000, "minorityInterest": {}, "netIncomeFromContinuingOps": 23963000, "discontinuedOperations": {}, "extraordinaryItems": {}, "effectOfAccountingCharges": {}, "otherItems": {}, "netIncome": 23963000, "netIncomeApplicableToCommonShares": 23963000}], "maxAge": 86400}, "cashflowStatementHistoryQuarterly": {"cashflowStatements": [{"maxAge": 1, "endDate": "2020-06-30", "netIncome": -8465000, "changeToLiabilities": 0}, {"maxAge": 1, "endDate": "2020-03-31", "netIncome": 577826, "changeToLiabilities": 0}, {"maxAge": 1, "endDate": "2019-12-31", "netIncome": 3982000, "changeToLiabilities": 0}, {"maxAge": 1, "endDate": "2019-09-30", "netIncome": 23963000, "changeToLiabilities": 0}], "maxAge": 86400}, "insiderHolders": {"holders": [{"maxAge": 1, "name": "Pacheriwala (Bhagirathidevi)", "relation": "UNREPORTED", "url": "", "transactionDescription": "Gift", "latestTransDate": "2019-09-26", "positionDirect": 0, "positionDirectDate": "2019-09-26"}, {"maxAge": 1, "name": "Pacheriwala (Binodilal Arjundas)", "relation": "Promoter", "url": "", "transactionDescription": "Gift", "latestTransDate": "2019-09-26", "positionDirect": 0, "positionDirectDate": "2019-09-26"}, {"maxAge": 1, "name": "Pacheriwala (Vanshika)", "relation": "Promoter", "url": "", "transactionDescription": "Gift", "latestTransDate": "2019-09-26", "positionDirect": 25100, "positionDirectDate": "2019-09-26"}, {"maxAge": 1, "name": "Pacheriwala (Vishal)", "relation": "Promoter", "url": "", "transactionDescription": "Gift", "latestTransDate": "2019-09-26", "positionDirect": 79150, "positionDirectDate": "2019-09-26"}], "maxAge": 1}, "calendarEvents": {"maxAge": 1, "earnings": {"earningsDate": []}}, "price": {"maxAge": 1, "regularMarketChangePercent": 0.0, "regularMarketChange": 0.0, "regularMarketTime": "2021-04-29 14:47:46", "priceHint": 2, "regularMarketPrice": 533.7, "regularMarketDayHigh": 533.7, "regularMarketDayLow": 533.7, "regularMarketVolume": 4, "averageDailyVolume10Day": 0, "averageDailyVolume3Month": 3, "regularMarketPreviousClose": 533.7, "regularMarketSource": "FREE_REALTIME", "regularMarketOpen": 533.7, "exchange": "BSE", "exchangeName": "BSE", "exchangeDataDelayedBy": 0, "marketState": "CLOSED", "quoteType": "EQUITY", "symbol": "ZBINTXPP.BO", "underlyingSymbol": null, "shortName": "BINAYAK TEX PROCESSORS LTD.", "longName": "Binayak Tex Processors Limited", "currency": "INR", "quoteSourceName": "Delayed Quote", "currencySymbol": "\u20b9", "fromCurrency": null, "toCurrency": null, "lastMarket": null, "marketCap": 379620832}, "balanceSheetHistory": {"balanceSheetStatements": [{"maxAge": 1, "endDate": "2020-03-31", "cash": 13404426, "netReceivables": 489512710, "inventory": 170425090, "otherCurrentAssets": 184870856, "totalCurrentAssets": 858213082, "longTermInvestments": 73710000, "propertyPlantEquipment": 295978682, "intangibleAssets": 45892, "otherAssets": 214032588, "totalAssets": 1441980244, "accountsPayable": 256887246, "shortLongTermDebt": 3803287, "otherCurrentLiab": 46215342, "longTermDebt": 5480629, "otherLiab": 25611106, "totalCurrentLiabilities": 673290332, "totalLiab": 713104750, "commonStock": 7113000, "retainedEarnings": 696555125, "treasuryStock": 7370, "capitalSurplus": 25200000, "otherStockholderEquity": 7370, "totalStockholderEquity": 728875495, "netTangibleAssets": 728829603}, {"maxAge": 1, "endDate": "2019-03-31", "cash": 6552972, "netReceivables": 486091546, "inventory": 210766205, "otherCurrentAssets": 124676604, "totalCurrentAssets": 828608463, "longTermInvestments": 73710000, "propertyPlantEquipment": 202758410, "intangibleAssets": 45892, "otherAssets": 231967239, "totalAssets": 1337090004, "accountsPayable": 265533838, "shortLongTermDebt": 9182145, "otherCurrentLiab": 37112166, "longTermDebt": 5415154, "otherLiab": 18965719, "totalCurrentLiabilities": 624881460, "totalLiab": 649262333, "commonStock": 7113000, "retainedEarnings": 655507301, "treasuryStock": 7370, "capitalSurplus": 25200000, "otherStockholderEquity": 7370, "totalStockholderEquity": 687827671, "netTangibleAssets": 687781779}, {"maxAge": 1, "endDate": "2018-03-31", "cash": 10401820, "netReceivables": 482104588, "inventory": 156262591, "otherCurrentAssets": 127815661, "totalCurrentAssets": 780217197, "longTermInvestments": 73710000, "propertyPlantEquipment": 199211933, "intangibleAssets": 45892, "otherAssets": 226960625, "totalAssets": 1280145647, "accountsPayable": 240487933, "shortLongTermDebt": 14375211, "otherCurrentLiab": 34983252, "longTermDebt": 3449918, "otherLiab": 22218191, "totalCurrentLiabilities": 591105353, "totalLiab": 616773462, "commonStock": 7113000, "retainedEarnings": 631051816, "treasuryStock": 7370, "capitalSurplus": 25200000, "otherStockholderEquity": 7370, "totalStockholderEquity": 663372186, "netTangibleAssets": 663326294}, {"maxAge": 1, "endDate": "2017-03-31", "cash": 31351183, "netReceivables": 470136302, "inventory": 233773217, "otherCurrentAssets": 163504286, "totalCurrentAssets": 898764988, "longTermInvestments": 73710000, "propertyPlantEquipment": 186231867, "intangibleAssets": 60761, "otherAssets": 211459227, "totalAssets": 1370226843, "accountsPayable": 210107293, "shortLongTermDebt": 15095695, "otherCurrentLiab": 22450969, "longTermDebt": 10033799, "otherLiab": 19925043, "totalCurrentLiabilities": 684151125, "totalLiab": 714109967, "commonStock": 7113000, "retainedEarnings": 623796506, "treasuryStock": 7370, "capitalSurplus": 25200000, "otherStockholderEquity": 7370, "totalStockholderEquity": 656116876, "netTangibleAssets": 656056115}], "maxAge": 86400}, "financialData": {"maxAge": 86400, "currentPrice": 533.7, "recommendationKey": "none", "grossProfits": 592702216, "financialCurrency": "INR"}}}