{"ZEAL.BO": {"cashflowStatementHistory": {"cashflowStatements": [{"maxAge": 1, "endDate": "2020-03-31", "netIncome": 63317000, "depreciation": 70878000, "changeToNetincome": 86955000, "changeToAccountReceivables": -47373000, "changeToLiabilities": 251526000, "changeToInventory": -363630000, "changeToOperatingActivities": 46825000, "totalCashFromOperatingActivities": 109446000, "capitalExpenditures": -33326000, "investments": 20000, "totalCashflowsFromInvestingActivities": -33306000, "netBorrowings": 47863000, "otherCashflowsFromFinancingActivities": -113594000, "totalCashFromFinancingActivities": -65731000, "changeInCash": 10409000}, {"maxAge": 1, "endDate": "2019-03-31", "netIncome": 75032000, "depreciation": 83578000, "changeToNetincome": 91532000, "changeToAccountReceivables": -178604000, "changeToLiabilities": 254059000, "changeToInventory": -171076000, "changeToOperatingActivities": -16860000, "totalCashFromOperatingActivities": 138981000, "capitalExpenditures": -42591000, "investments": 20000, "totalCashflowsFromInvestingActivities": -42591000, "netBorrowings": -19258000, "otherCashflowsFromFinancingActivities": -99317000, "totalCashFromFinancingActivities": -118575000, "changeInCash": -22185000}, {"maxAge": 1, "endDate": "2018-03-31", "netIncome": 41533229, "depreciation": 81858137, "changeToNetincome": 91389961, "changeToAccountReceivables": 14109043, "changeToLiabilities": -78987167, "changeToInventory": -323679365, "changeToOperatingActivities": -1284305, "totalCashFromOperatingActivities": -173800308, "capitalExpenditures": -105113469, "investments": 20000, "totalCashflowsFromInvestingActivities": -105113469, "netBorrowings": 371253699, "otherCashflowsFromFinancingActivities": -77317636, "totalCashFromFinancingActivities": 293936063, "changeInCash": 15022286}, {"maxAge": 1, "endDate": "2017-03-31", "netIncome": 17748567, "depreciation": 24577459, "changeToNetincome": 32415806, "changeToAccountReceivables": -48236799, "changeToLiabilities": 54790684, "changeToInventory": 2076783, "changeToOperatingActivities": -17797176, "totalCashFromOperatingActivities": 65575324, "capitalExpenditures": -283344024, "investments": 20000, "otherCashflowsFromInvestingActivities": -5767859, "totalCashflowsFromInvestingActivities": -289111883, "netBorrowings": 126122648, "otherCashflowsFromFinancingActivities": -40565604, "totalCashFromFinancingActivities": 233107044, "changeInCash": 9570488, "issuanceOfStock": 147550000}], "maxAge": 86400}, "institutionOwnership": {"ownershipList": [], "maxAge": 1}, "balanceSheetHistoryQuarterly": {"balanceSheetStatements": [{"maxAge": 1, "endDate": "2020-06-30", "totalStockholderEquity": 549415000, "netTangibleAssets": 549415000}, {"maxAge": 1, "endDate": "2020-03-31", "cash": 49614000, "netReceivables": 633299000, "inventory": 877498000, "otherCurrentAssets": 60203000, "totalCurrentAssets": 1624246000, "longTermInvestments": 1009000, "propertyPlantEquipment": 456552000, "otherAssets": 34849000, "deferredLongTermAssetCharges": 23913000, "totalAssets": 2116656000, "accountsPayable": 604295000, "shortLongTermDebt": 59605000, "otherCurrentLiab": -3908000, "longTermDebt": 186697000, "otherLiab": 1160000, "totalCurrentLiabilities": 1379384000, "totalLiab": 1567241000, "commonStock": 126066000, "retainedEarnings": 300343000, "capitalSurplus": 123006000, "totalStockholderEquity": 549415000, "netTangibleAssets": 549415000}, {"maxAge": 1, "endDate": "2019-12-31", "totalStockholderEquity": 524786100, "netTangibleAssets": 524786100}, {"maxAge": 1, "endDate": "2019-09-30", "cash": 54807100, "netReceivables": 461739000, "inventory": 986256700, "otherCurrentAssets": 12789000, "totalCurrentAssets": 1515591800, "longTermInvestments": 1029300, "propertyPlantEquipment": 488120000, "otherAssets": 21746500, "deferredLongTermAssetCharges": 11007900, "totalAssets": 2026487600, "accountsPayable": 682805200, "shortLongTermDebt": 39921400, "otherCurrentLiab": 8777200, "longTermDebt": 203392700, "otherLiab": 1722800, "totalCurrentLiabilities": 1296586000, "totalLiab": 1501701500, "commonStock": 126066000, "treasuryStock": 398720100, "otherStockholderEquity": 398720100, "totalStockholderEquity": 524786100, "netTangibleAssets": 524786100}], "maxAge": 86400}, "indexTrend": {"maxAge": 1, "symbol": "SP5", "peRatio": 19.7411, "pegRatio": 1.34172, "estimates": [{"period": "0q", "growth": 0.549}, {"period": "+1q", "growth": 0.431}, {"period": "0y", "growth": 0.305}, {"period": "+1y", "growth": 0.109}, {"period": "+5y", "growth": 0.120859005}, {"period": "-5y"}]}, "quoteType": {"exchange": "BSE", "quoteType": "EQUITY", "symbol": "ZEAL.BO", "underlyingSymbol": "ZEAL.BO", "shortName": "Zeal Aqua Limited", "longName": "Zeal Aqua Limited", "firstTradeDateEpochUtc": "2016-07-07 09:15:00", "timeZoneFullName": "Asia/Kolkata", "timeZoneShortName": "IST", "uuid": "2df7edd1-7932-30fa-a99c-4f21f77e940c", "gmtOffSetMilliseconds": 19800000, "maxAge": 1}, "incomeStatementHistory": {"incomeStatementHistory": [{"maxAge": 1, "endDate": "2020-03-31", "totalRevenue": 2447862000, "costOfRevenue": 1930771000, "grossProfit": 517091000, "researchDevelopment": {}, "sellingGeneralAdministrative": 71417000, "nonRecurring": {}, "otherOperatingExpenses": 213217000, "totalOperatingExpenses": 2287231000, "operatingIncome": 160631000, "totalOtherIncomeExpenseNet": -100220000, "ebit": 160631000, "interestExpense": -108100000, "incomeBeforeTax": 60411000, "incomeTaxExpense": -2906000, "minorityInterest": {}, "netIncomeFromContinuingOps": 63317000, "discontinuedOperations": {}, "extraordinaryItems": {}, "effectOfAccountingCharges": {}, "otherItems": {}, "netIncome": 63317000, "netIncomeApplicableToCommonShares": 63317000}, {"maxAge": 1, "endDate": "2019-03-31", "totalRevenue": 2369600000, "costOfRevenue": 1804041000, "grossProfit": 565559000, "researchDevelopment": {}, "sellingGeneralAdministrative": 65404000, "nonRecurring": {}, "otherOperatingExpenses": 215931000, "totalOperatingExpenses": 2170274000, "operatingIncome": 199326000, "totalOtherIncomeExpenseNet": -105908000, "ebit": 199326000, "interestExpense": -94354000, "incomeBeforeTax": 93418000, "incomeTaxExpense": 18386000, "minorityInterest": {}, "netIncomeFromContinuingOps": 75032000, "discontinuedOperations": {}, "extraordinaryItems": {}, "effectOfAccountingCharges": {}, "otherItems": {}, "netIncome": 75032000, "netIncomeApplicableToCommonShares": 75032000}, {"maxAge": 1, "endDate": "2018-03-31", "totalRevenue": 1783655313, "costOfRevenue": 1341847424, "grossProfit": 441807889, "researchDevelopment": {}, "sellingGeneralAdministrative": 43854886, "nonRecurring": {}, "otherOperatingExpenses": 171545241, "totalOperatingExpenses": 1640365847, "operatingIncome": 143289466, "totalOtherIncomeExpenseNet": -81905318, "ebit": 143289466, "interestExpense": -82608548, "incomeBeforeTax": 61384148, "incomeTaxExpense": 19850919, "minorityInterest": {}, "netIncomeFromContinuingOps": 41533229, "discontinuedOperations": {}, "extraordinaryItems": {}, "effectOfAccountingCharges": {}, "otherItems": {}, "netIncome": 41533229, "netIncomeApplicableToCommonShares": 41533229}, {"maxAge": 1, "endDate": "2017-03-31", "totalRevenue": 1745543379, "costOfRevenue": 1539124661, "grossProfit": 206418718, "researchDevelopment": {}, "sellingGeneralAdministrative": 24008383, "nonRecurring": {}, "otherOperatingExpenses": 89787985, "totalOperatingExpenses": 1677418139, "operatingIncome": 68125240, "totalOtherIncomeExpenseNet": -40649547, "ebit": 68125240, "interestExpense": -41144707, "incomeBeforeTax": 27475693, "incomeTaxExpense": 9727126, "minorityInterest": {}, "netIncomeFromContinuingOps": 17748567, "discontinuedOperations": {}, "extraordinaryItems": {}, "effectOfAccountingCharges": {}, "otherItems": {}, "netIncome": 17748567, "netIncomeApplicableToCommonShares": 17748567}], "maxAge": 86400}, "fundOwnership": {"ownershipList": [], "maxAge": 1}, "summaryDetail": {"maxAge": 1, "priceHint": 2, "previousClose": 65.25, "open": 64.95, "dayLow": 64.95, "dayHigh": 67.0, "regularMarketPreviousClose": 65.25, "regularMarketOpen": 64.95, "regularMarketDayLow": 64.95, "regularMarketDayHigh": 67.0, "trailingPE": 10.7541895, "volume": 1109, "regularMarketVolume": 1109, "averageVolume": 6638, "averageVolume10days": 2045, "averageDailyVolume10Day": 2045, "bid": 65.4, "ask": 66.85, "bidSize": 0, "askSize": 0, "marketCap": 825101952, "fiftyTwoWeekLow": 45.35, "fiftyTwoWeekHigh": 108.5, "fiftyDayAverage": 66.416664, "twoHundredDayAverage": 63.644485, "currency": "INR", "fromCurrency": null, "lastMarket": null, "algorithm": null, "tradeable": false}, "incomeStatementHistoryQuarterly": {"incomeStatementHistory": [{"maxAge": 1, "endDate": "2020-06-30", "totalRevenue": 334219900, "costOfRevenue": 221256200, "grossProfit": 112963700, "researchDevelopment": {}, "sellingGeneralAdministrative": 12600100, "nonRecurring": {}, "otherOperatingExpenses": 41936700, "totalOperatingExpenses": 297791000, "operatingIncome": 36428900, "totalOtherIncomeExpenseNet": -13042300, "ebit": 36428900, "interestExpense": -13042300, "incomeBeforeTax": 23386600, "incomeTaxExpense": 0, "minorityInterest": {}, "netIncomeFromContinuingOps": 23386600, "discontinuedOperations": {}, "extraordinaryItems": {}, "effectOfAccountingCharges": {}, "otherItems": {}, "netIncome": 23386600, "netIncomeApplicableToCommonShares": 23386600}, {"maxAge": 1, "endDate": "2020-03-31", "totalRevenue": 882898600, "costOfRevenue": 900159000, "grossProfit": -17260400, "researchDevelopment": {}, "sellingGeneralAdministrative": 18546100, "nonRecurring": {}, "otherOperatingExpenses": -40039700, "totalOperatingExpenses": 897926100, "operatingIncome": -15027500, "totalOtherIncomeExpenseNet": -15225900, "ebit": -15027500, "interestExpense": -23105900, "incomeBeforeTax": -30253400, "incomeTaxExpense": -2906000, "minorityInterest": {}, "netIncomeFromContinuingOps": -27347400, "discontinuedOperations": {}, "extraordinaryItems": {}, "effectOfAccountingCharges": {}, "otherItems": {}, "netIncome": -27347400, "netIncomeApplicableToCommonShares": -27347400}, {"maxAge": 1, "endDate": "2019-12-31", "totalRevenue": 616119900, "costOfRevenue": 372754700, "grossProfit": 243365200, "researchDevelopment": {}, "sellingGeneralAdministrative": 17123500, "nonRecurring": {}, "otherOperatingExpenses": 133368700, "totalOperatingExpenses": 540987400, "operatingIncome": 75132500, "totalOtherIncomeExpenseNet": -23666400, "ebit": 75132500, "interestExpense": -23666400, "incomeBeforeTax": 51466100, "incomeTaxExpense": 0, "minorityInterest": {}, "netIncomeFromContinuingOps": 51466100, "discontinuedOperations": {}, "extraordinaryItems": {}, "effectOfAccountingCharges": {}, "otherItems": {}, "netIncome": 51466100, "netIncomeApplicableToCommonShares": 51466100}, {"maxAge": 1, "endDate": "2019-09-30", "totalRevenue": 729245600, "costOfRevenue": 562238800, "grossProfit": 167006800, "researchDevelopment": {}, "sellingGeneralAdministrative": 16520200, "nonRecurring": {}, "otherOperatingExpenses": 72135100, "totalOperatingExpenses": 668441100, "operatingIncome": 60804500, "totalOtherIncomeExpenseNet": -32191800, "ebit": 60804500, "interestExpense": -32191700, "incomeBeforeTax": 28612700, "incomeTaxExpense": 0, "minorityInterest": {}, "netIncomeFromContinuingOps": 28612700, "discontinuedOperations": {}, "extraordinaryItems": {}, "effectOfAccountingCharges": {}, "otherItems": {}, "netIncome": 28612700, "netIncomeApplicableToCommonShares": 28612700}], "maxAge": 86400}, "cashflowStatementHistoryQuarterly": {"cashflowStatements": [{"maxAge": 1, "endDate": "2020-06-30", "netIncome": 23386600, "changeToLiabilities": 0}, {"maxAge": 1, "endDate": "2020-03-31", "netIncome": -27347400, "changeToLiabilities": 0}, {"maxAge": 1, "endDate": "2019-12-31", "netIncome": 51466100, "changeToLiabilities": 0}, {"maxAge": 1, "endDate": "2019-09-30", "netIncome": 28612700, "changeToLiabilities": 0}], "maxAge": 86400}, "insiderHolders": {"holders": [], "maxAge": 1}, "calendarEvents": {"maxAge": 1, "earnings": {"earningsDate": ["2020-09-15 05:30:S"]}}, "upgradeDowngradeHistory": {"history": [], "maxAge": 86400}, "price": {"maxAge": 1, "regularMarketChangePercent": 0.0030650876, "regularMarketChange": 0.19999695, "regularMarketTime": "2021-04-30 15:04:47", "priceHint": 2, "regularMarketPrice": 65.45, "regularMarketDayHigh": 67.0, "regularMarketDayLow": 64.95, "regularMarketVolume": 1109, "averageDailyVolume10Day": 2045, "averageDailyVolume3Month": 6638, "regularMarketPreviousClose": 65.25, "regularMarketSource": "FREE_REALTIME", "regularMarketOpen": 64.95, "exchange": "BSE", "exchangeName": "BSE", "exchangeDataDelayedBy": 0, "marketState": "CLOSED", "quoteType": "EQUITY", "symbol": "ZEAL.BO", "underlyingSymbol": null, "shortName": "Zeal Aqua Limited", "longName": "Zeal Aqua Limited", "currency": "INR", "quoteSourceName": "Delayed Quote", "currencySymbol": "\u20b9", "fromCurrency": null, "lastMarket": null, "marketCap": 825101952}, "balanceSheetHistory": {"balanceSheetStatements": [{"maxAge": 1, "endDate": "2020-03-31", "cash": 49614000, "netReceivables": 633299000, "inventory": 877498000, "otherCurrentAssets": 60203000, "totalCurrentAssets": 1624246000, "longTermInvestments": 1009000, "propertyPlantEquipment": 456552000, "otherAssets": 34849000, "deferredLongTermAssetCharges": 23913000, "totalAssets": 2116656000, "accountsPayable": 604295000, "shortLongTermDebt": 59605000, "otherCurrentLiab": -3908000, "longTermDebt": 186697000, "otherLiab": 1160000, "totalCurrentLiabilities": 1379384000, "totalLiab": 1567241000, "commonStock": 126066000, "retainedEarnings": 300343000, "capitalSurplus": 123006000, "totalStockholderEquity": 549415000, "netTangibleAssets": 549415000}, {"maxAge": 1, "endDate": "2019-03-31", "cash": 39205000, "shortTermInvestments": 199000, "netReceivables": 596355000, "inventory": 513868000, "otherCurrentAssets": 107246000, "totalCurrentAssets": 1264340000, "longTermInvestments": 1029000, "propertyPlantEquipment": 494105000, "otherAssets": 21540000, "deferredLongTermAssetCharges": 11007000, "totalAssets": 1781014000, "accountsPayable": 332233000, "shortLongTermDebt": 51165000, "otherCurrentLiab": 31900000, "longTermDebt": 195068000, "otherLiab": 1357000, "totalCurrentLiabilities": 1099002000, "totalLiab": 1295427000, "commonStock": 126066000, "retainedEarnings": 236515000, "capitalSurplus": 123006000, "totalStockholderEquity": 485587000, "netTangibleAssets": 485587000}, {"maxAge": 1, "endDate": "2018-03-31", "cash": 61389565, "shortTermInvestments": 12851151, "netReceivables": 409678872, "inventory": 342791223, "otherCurrentAssets": 43673986, "totalCurrentAssets": 879297503, "longTermInvestments": 1029257, "propertyPlantEquipment": 535092669, "otherAssets": 15332014, "deferredLongTermAssetCharges": 6293153, "totalAssets": 1430751443, "accountsPayable": 127398891, "shortLongTermDebt": 11647943, "otherCurrentLiab": 34344792, "longTermDebt": 172157105, "otherLiab": 1050020, "totalCurrentLiabilities": 846522728, "totalLiab": 1019729853, "commonStock": 42022000, "retainedEarnings": 161949590, "capitalSurplus": 207050000, "totalStockholderEquity": 411021590, "netTangibleAssets": 411021590}, {"maxAge": 1, "endDate": "2017-03-31", "cash": 46367280, "shortTermInvestments": 12171208, "netReceivables": 321974522, "inventory": 19111858, "otherCurrentAssets": 55047376, "totalCurrentAssets": 455044444, "longTermInvestments": 1029257, "propertyPlantEquipment": 511737023, "otherAssets": 9029279, "totalAssets": 976840003, "accountsPayable": 108898814, "shortLongTermDebt": 1117570, "otherCurrentLiab": 14335597, "longTermDebt": 193095530, "otherLiab": -2771517, "totalCurrentLiabilities": 419030198, "totalLiab": 609354211, "commonStock": 42022000, "retainedEarnings": 118413792, "capitalSurplus": 207050000, "totalStockholderEquity": 367485792, "netTangibleAssets": 367485792}], "maxAge": 86400}, "financialData": {"maxAge": 86400, "currentPrice": 65.45, "recommendationKey": "none", "grossProfits": 517091000, "financialCurrency": "INR"}}}