{"ZENITHSTL.NS": {"assetProfile": {"address1": "Dalamal House", "address2": "1st Floor 206, J.B. Marg Nariman Point", "city": "Mumbai", "zip": "400021", "country": "India", "phone": "91 22 6616 8400", "fax": "91 22 2204 7835", "website": "http://www.zenithsteelpipes.com", "industry": "Steel", "sector": "Basic Materials", "longBusinessSummary": "Zenith Steel Pipes & Industries Limited manufactures and sells steel pipes worldwide. The company offers electric resistance welded black, galvanized, and helical submerged arc welded pipes. Its products are used for various applications, such as agriculture and irrigation water distribution, bore-well, chilled water systems, green house, electricity conduits, sprinklers, construction water distribution, structural scaffolding and props, industrial general engineering, oil sector distribution of gas, poles, drill rods, fire-fighting systems, space frames, fences, container making, crude, and transmission towers, as well as the auto industry. The company was formerly known as Zenith Birla (India) Limited and changed its name to Zenith Steel Pipes & Industries Limited in July 2020. Zenith Steel Pipes & Industries Limited was incorporated in 1960 and is based in Mumbai, India.", "fullTimeEmployees": 203, "companyOfficers": [{"maxAge": 1, "name": "Ms. Minal Umesh Pote", "age": 45, "title": "Whole-Time Director", "yearBorn": 1975, "fiscalYear": 2020, "totalPay": 316600, "exercisedValue": 0, "unexercisedValue": 0}, {"maxAge": 1, "name": "Mr. B.  Girvanesh", "age": 63, "title": "Chief Financial Officer", "yearBorn": 1957, "fiscalYear": 2015, "exercisedValue": 0, "unexercisedValue": 0}, {"maxAge": 1, "name": "Mr. Suneel  Sullere", "title": "Company Sec. & Compliance Officer", "fiscalYear": 2017, "exercisedValue": 0, "unexercisedValue": 0}, {"maxAge": 1, "name": "Mr. Santosh Kumar Jain", "title": "Gen. Mang. of Marketing", "exercisedValue": 0, "unexercisedValue": 0}, {"maxAge": 1, "name": "Mr. A. A. Mapkar", "age": 73, "title": "VP of Personnel and Admin.", "yearBorn": 1947, "exercisedValue": 0, "unexercisedValue": 0}, {"maxAge": 1, "name": "Mr. Lalit A. Rungta", "age": 66, "title": "Sr. VP of Comml", "yearBorn": 1954, "exercisedValue": 0, "unexercisedValue": 0}, {"maxAge": 1, "name": "Mr. B. P. Kejriwal", "age": 76, "title": "Chief Operating Officer of Tool Division", "yearBorn": 1944, "exercisedValue": 0, "unexercisedValue": 0}, {"maxAge": 1, "name": "Mr. Vedant  Birla", "age": 29, "title": "Group Strategic Head", "yearBorn": 1991, "exercisedValue": 0, "unexercisedValue": 0}, {"maxAge": 1, "name": "Mr. J. H. Baxi", "age": 80, "title": "Joint Pres of Exports and  Engineering Division", "yearBorn": 1940, "exercisedValue": 0, "unexercisedValue": 0}, {"maxAge": 1, "name": "Mr. M. S. Sethi", "age": 70, "title": "Joint Pres of Standard Pipes", "yearBorn": 1950, "exercisedValue": 0, "unexercisedValue": 0}], "compensationAsOfEpochDate": "2020-12-31 05:30:00", "maxAge": 86400}, "cashflowStatementHistory": {"cashflowStatements": [{"maxAge": 1, "endDate": "2020-03-31", "netIncome": -283446000, "depreciation": 88781000, "changeToNetincome": 234721000, "changeToAccountReceivables": 272371000, "changeToLiabilities": -152950000, "changeToInventory": -43859000, "changeToOperatingActivities": 134866000, "totalCashFromOperatingActivities": 249274000, "capitalExpenditures": -2088000, "otherCashflowsFromInvestingActivities": 145049000, "totalCashflowsFromInvestingActivities": 142878000, "netBorrowings": -363233000, "otherCashflowsFromFinancingActivities": -46621000, "totalCashFromFinancingActivities": -409854000, "changeInCash": -19941000}, {"maxAge": 1, "endDate": "2019-03-31", "netIncome": -1201683000, "depreciation": 59995000, "changeToNetincome": 141792000, "changeToAccountReceivables": 799497000, "changeToLiabilities": -90507000, "changeToInventory": 29948000, "changeToOperatingActivities": 471170000, "totalCashFromOperatingActivities": 212031000, "capitalExpenditures": -4585000, "otherCashflowsFromInvestingActivities": 2547000, "totalCashflowsFromInvestingActivities": -1086000, "netBorrowings": -135727000, "otherCashflowsFromFinancingActivities": -72895000, "totalCashFromFinancingActivities": -208622000, "changeInCash": 2143000}, {"maxAge": 1, "endDate": "2018-03-31", "netIncome": -410733000, "depreciation": 73187000, "changeToNetincome": 84070000, "changeToAccountReceivables": -123207000, "changeToLiabilities": 328022000, "changeToInventory": 89831000, "changeToOperatingActivities": 471170000, "totalCashFromOperatingActivities": 41327000, "capitalExpenditures": -2878000, "otherCashflowsFromInvestingActivities": 2547000, "totalCashflowsFromInvestingActivities": 48744000, "netBorrowings": 2178000, "otherCashflowsFromFinancingActivities": -76880000, "totalCashFromFinancingActivities": -74702000, "changeInCash": 15369000}, {"maxAge": 1, "endDate": "2017-03-31", "netIncome": -331985000, "depreciation": 62342000, "changeToNetincome": 83979000, "changeToAccountReceivables": -73740000, "changeToLiabilities": 271517000, "changeToInventory": 58515000, "changeToOperatingActivities": 471170000, "totalCashFromOperatingActivities": 70645000, "capitalExpenditures": -24665000, "otherCashflowsFromInvestingActivities": 2547000, "totalCashflowsFromInvestingActivities": -24665000, "netBorrowings": 16152000, "otherCashflowsFromFinancingActivities": -86684000, "totalCashFromFinancingActivities": -70532000, "changeInCash": -24552000}], "maxAge": 86400}, "institutionOwnership": {"ownershipList": [], "maxAge": 1}, "majorHoldersBreakdown": {"maxAge": 1, "insidersPercentHeld": 0.45118, "institutionsPercentHeld": 0.0, "institutionsFloatPercentHeld": 0.0, "institutionsCount": 0}, "balanceSheetHistoryQuarterly": {"balanceSheetStatements": [{"maxAge": 1, "endDate": "2020-12-31", "totalStockholderEquity": -2598328000, "netTangibleAssets": -2598858000}, {"maxAge": 1, "endDate": "2020-09-30", "cash": 39030000, "netReceivables": 557204000, "inventory": 93981000, "otherCurrentAssets": 397779000, "totalCurrentAssets": 1087994000, "longTermInvestments": 100000, "propertyPlantEquipment": 629090000, "intangibleAssets": 530000, "otherAssets": 57073000, "totalAssets": 1774787000, "accountsPayable": 512388000, "shortLongTermDebt": 2118505000, "otherCurrentLiab": 1368743000, "longTermDebt": 133604000, "otherLiab": 113312000, "totalCurrentLiabilities": 4126199000, "totalLiab": 4373115000, "commonStock": 1312800000, "treasuryStock": -3911128000, "otherStockholderEquity": -3911128000, "totalStockholderEquity": -2598328000, "netTangibleAssets": -2598858000}, {"maxAge": 1, "endDate": "2020-06-30", "totalStockholderEquity": -2512493000, "netTangibleAssets": -2513136000}, {"maxAge": 1, "endDate": "2020-03-31", "cash": 25318000, "netReceivables": 957825000, "inventory": 53521000, "otherCurrentAssets": 66165000, "totalCurrentAssets": 1103988000, "longTermInvestments": 100000, "propertyPlantEquipment": 658031000, "intangibleAssets": 643000, "otherAssets": 36236000, "totalAssets": 1798998000, "accountsPayable": 541627000, "shortLongTermDebt": 275854000, "otherCurrentLiab": 710121000, "longTermDebt": 142308000, "otherLiab": 110417000, "totalCurrentLiabilities": 4058766000, "totalLiab": 4311491000, "commonStock": 1312804000, "retainedEarnings": -5256127000, "capitalSurplus": 1430830000, "totalStockholderEquity": -2512493000, "netTangibleAssets": -2513136000}], "maxAge": 86400}, "indexTrend": {"maxAge": 1, "symbol": "SP5", "peRatio": 19.7411, "pegRatio": 1.34172, "estimates": [{"period": "0q", "growth": 0.549}, {"period": "+1q", "growth": 0.431}, {"period": "0y", "growth": 0.305}, {"period": "+1y", "growth": 0.109}, {"period": "+5y", "growth": 0.120865}, {"period": "-5y"}]}, "defaultKeyStatistics": {"maxAge": 1, "priceHint": 4, "enterpriseValue": 2340997120, "profitMargins": -0.60178, "floatShares": 77410308, "sharesOutstanding": 142280000, "heldPercentInsiders": 0.45118, "heldPercentInstitutions": 0.0, "beta": 0.333942, "category": null, "bookValue": -19.848, "fundFamily": null, "legalType": null, "lastFiscalYearEnd": "2020-03-31 05:30:00", "nextFiscalYearEnd": "2022-03-31 05:30:00", "mostRecentQuarter": "2020-12-31 05:30:00", "netIncomeToCommon": -317145984, "trailingEps": -3.167, "lastSplitFactor": null, "enterpriseToRevenue": 3.413, "enterpriseToEbitda": -8.852}, "summaryProfile": {"address1": "Dalamal House", "address2": "1st Floor 206, J.B. Marg Nariman Point", "city": "Mumbai", "zip": "400021", "country": "India", "phone": "91 22 6616 8400", "fax": "91 22 2204 7835", "website": "http://www.zenithsteelpipes.com", "industry": "Steel", "sector": "Basic Materials", "longBusinessSummary": "Zenith Steel Pipes & Industries Limited manufactures and sells steel pipes worldwide. The company offers electric resistance welded black, galvanized, and helical submerged arc welded pipes. Its products are used for various applications, such as agriculture and irrigation water distribution, bore-well, chilled water systems, green house, electricity conduits, sprinklers, construction water distribution, structural scaffolding and props, industrial general engineering, oil sector distribution of gas, poles, drill rods, fire-fighting systems, space frames, fences, container making, crude, and transmission towers, as well as the auto industry. The company was formerly known as Zenith Birla (India) Limited and changed its name to Zenith Steel Pipes & Industries Limited in July 2020. Zenith Steel Pipes & Industries Limited was incorporated in 1960 and is based in Mumbai, India.", "fullTimeEmployees": 203, "companyOfficers": [], "maxAge": 86400}, "netSharePurchaseActivity": {"maxAge": 1, "period": "6m", "buyInfoCount": 0, "buyInfoShares": 0, "sellInfoCount": 0, "netInfoCount": 0, "netInfoShares": 0, "netPercentInsiderShares": 0.0, "totalInsiderShares": 64126736}, "insiderTransactions": {"transactions": [{"maxAge": 1, "shares": 66112, "filerUrl": "", "transactionText": "", "filerName": "Jhaveri (Hitesh Ramji)", "filerRelation": "Promoter", "moneyText": "", "startDate": "2020-12-24", "ownership": "D"}, {"maxAge": 1, "shares": 23800, "filerUrl": "", "transactionText": "", "filerName": "Birla (Yashovardhan)", "filerRelation": "Chairman of the Board", "moneyText": "", "startDate": "2010-09-07", "ownership": "D"}], "maxAge": 1}, "quoteType": {"exchange": "NSI", "quoteType": "EQUITY", "symbol": "ZENITHSTL.NS", "underlyingSymbol": "ZENITHSTL.NS", "shortName": "ZENITH STEEL PIP IND LTD", "longName": "Zenith Steel Pipes & Industries Limited", "firstTradeDateEpochUtc": "2007-04-30 09:15:00", "timeZoneFullName": "Asia/Kolkata", "timeZoneShortName": "IST", "uuid": "b756da7f-5590-3a47-953a-83898c4177cb", "gmtOffSetMilliseconds": 19800000, "maxAge": 1}, "incomeStatementHistory": {"incomeStatementHistory": [{"maxAge": 1, "endDate": "2020-03-31", "totalRevenue": 1013779000, "costOfRevenue": 609843000, "grossProfit": 403936000, "researchDevelopment": {}, "sellingGeneralAdministrative": 97913000, "nonRecurring": {}, "otherOperatingExpenses": 515987000, "totalOperatingExpenses": 1312074000, "operatingIncome": -298295000, "totalOtherIncomeExpenseNet": 14849000, "ebit": -298295000, "interestExpense": -44322000, "incomeBeforeTax": -283446000, "incomeTaxExpense": 0, "minorityInterest": {}, "netIncomeFromContinuingOps": -283446000, "discontinuedOperations": {}, "extraordinaryItems": {}, "effectOfAccountingCharges": {}, "otherItems": {}, "netIncome": -283446000, "netIncomeApplicableToCommonShares": -283446000}, {"maxAge": 1, "endDate": "2019-03-31", "totalRevenue": 1836290000, "costOfRevenue": 1195536000, "grossProfit": 640754000, "researchDevelopment": {}, "sellingGeneralAdministrative": 90858000, "nonRecurring": {}, "otherOperatingExpenses": 1595870000, "totalOperatingExpenses": 2941751000, "operatingIncome": -1105461000, "totalOtherIncomeExpenseNet": -96222000, "ebit": -1105461000, "interestExpense": -72468000, "incomeBeforeTax": -1201683000, "incomeTaxExpense": 0, "minorityInterest": {}, "netIncomeFromContinuingOps": -1201683000, "discontinuedOperations": {}, "extraordinaryItems": {}, "effectOfAccountingCharges": {}, "otherItems": {}, "netIncome": -1201683000, "netIncomeApplicableToCommonShares": -1201683000}, {"maxAge": 1, "endDate": "2018-03-31", "totalRevenue": 1696514000, "costOfRevenue": 1469808000, "grossProfit": 226706000, "researchDevelopment": {}, "sellingGeneralAdministrative": 91084000, "nonRecurring": {}, "otherOperatingExpenses": 547215000, "totalOperatingExpenses": 2180813000, "operatingIncome": -484299000, "totalOtherIncomeExpenseNet": 73566000, "ebit": -484299000, "interestExpense": -6094000, "incomeBeforeTax": -410733000, "incomeTaxExpense": 0, "minorityInterest": {}, "netIncomeFromContinuingOps": -410733000, "discontinuedOperations": {}, "extraordinaryItems": {}, "effectOfAccountingCharges": {}, "otherItems": {}, "netIncome": -410733000, "netIncomeApplicableToCommonShares": -410733000}, {"maxAge": 1, "endDate": "2017-03-31", "totalRevenue": 1569216000, "costOfRevenue": 1250933000, "grossProfit": 318283000, "researchDevelopment": {}, "sellingGeneralAdministrative": 69440000, "nonRecurring": {}, "otherOperatingExpenses": 438521000, "totalOperatingExpenses": 1821253000, "operatingIncome": -252037000, "totalOtherIncomeExpenseNet": -79948000, "ebit": -252037000, "interestExpense": -12320000, "incomeBeforeTax": -331985000, "incomeTaxExpense": 0, "minorityInterest": {}, "netIncomeFromContinuingOps": -331985000, "discontinuedOperations": {}, "extraordinaryItems": {}, "effectOfAccountingCharges": {}, "otherItems": {}, "netIncome": -331985000, "netIncomeApplicableToCommonShares": -331985000}], "maxAge": 86400}, "fundOwnership": {"ownershipList": [], "maxAge": 1}, "summaryDetail": {"maxAge": 1, "priceHint": 4, "previousClose": 0.9, "open": 0.95, "dayLow": 0.95, "dayHigh": 0.95, "regularMarketPreviousClose": 0.9, "regularMarketOpen": 0.95, "regularMarketDayLow": 0.95, "regularMarketDayHigh": 0.95, "exDividendDate": "2010-07-07 05:30:00", "payoutRatio": 0.0, "beta": 0.333942, "volume": 24545, "regularMarketVolume": 24545, "averageVolume": 44180, "averageVolume10days": 33218, "averageDailyVolume10Day": 33218, "bid": 0.0, "ask": 0.0, "marketCap": 136667936, "fiftyTwoWeekLow": 0.3, "fiftyTwoWeekHigh": 1.35, "priceToSalesTrailing12Months": 0.19925955, "fiftyDayAverage": 0.969697, "twoHundredDayAverage": 0.9794964, "currency": "INR", "fromCurrency": null, "lastMarket": null, "algorithm": null, "tradeable": false}, "incomeStatementHistoryQuarterly": {"incomeStatementHistory": [{"maxAge": 1, "endDate": "2020-12-31", "totalRevenue": 154600000, "costOfRevenue": 86400000, "grossProfit": 68200000, "researchDevelopment": {}, "sellingGeneralAdministrative": 21600000, "nonRecurring": {}, "otherOperatingExpenses": 7900000, "totalOperatingExpenses": 122700000, "operatingIncome": 31900000, "totalOtherIncomeExpenseNet": -10400000, "ebit": 31900000, "interestExpense": -10400000, "incomeBeforeTax": 21500000, "incomeTaxExpense": 0, "minorityInterest": {}, "netIncomeFromContinuingOps": 21500000, "discontinuedOperations": -108200000, "extraordinaryItems": {}, "effectOfAccountingCharges": {}, "otherItems": {}, "netIncome": -86700000, "netIncomeApplicableToCommonShares": -86700000}, {"maxAge": 1, "endDate": "2020-09-30", "totalRevenue": 208600000, "costOfRevenue": 94100000, "grossProfit": 114500000, "researchDevelopment": {}, "sellingGeneralAdministrative": 19100000, "nonRecurring": {}, "otherOperatingExpenses": 128600000, "totalOperatingExpenses": 248500000, "operatingIncome": -39900000, "totalOtherIncomeExpenseNet": -6500000, "ebit": -39900000, "interestExpense": -6600000, "incomeBeforeTax": -46400000, "incomeTaxExpense": 0, "minorityInterest": {}, "netIncomeFromContinuingOps": -46400000, "discontinuedOperations": -11200000, "extraordinaryItems": {}, "effectOfAccountingCharges": {}, "otherItems": {}, "netIncome": -57600000, "netIncomeApplicableToCommonShares": -57600000}, {"maxAge": 1, "endDate": "2020-06-30", "totalRevenue": 176250000, "costOfRevenue": 112700000, "grossProfit": 63550000, "researchDevelopment": {}, "sellingGeneralAdministrative": 16500000, "nonRecurring": {}, "otherOperatingExpenses": 77800000, "totalOperatingExpenses": 213750000, "operatingIncome": -37500000, "totalOtherIncomeExpenseNet": -7650000, "ebit": -37500000, "interestExpense": -7650000, "incomeBeforeTax": -45150000, "incomeTaxExpense": 0, "minorityInterest": {}, "netIncomeFromContinuingOps": -45150000, "discontinuedOperations": -10600000, "extraordinaryItems": {}, "effectOfAccountingCharges": {}, "otherItems": {}, "netIncome": -55750000, "netIncomeApplicableToCommonShares": -55750000}, {"maxAge": 1, "endDate": "2020-03-31", "totalRevenue": 178779000, "costOfRevenue": 64843000, "grossProfit": 113936000, "researchDevelopment": {}, "sellingGeneralAdministrative": 22013000, "nonRecurring": {}, "otherOperatingExpenses": 324087000, "totalOperatingExpenses": 454074000, "operatingIncome": -275295000, "totalOtherIncomeExpenseNet": 60749000, "ebit": -275295000, "interestExpense": -322000, "incomeBeforeTax": -214546000, "incomeTaxExpense": 0, "minorityInterest": {}, "netIncomeFromContinuingOps": -214546000, "discontinuedOperations": -10600000, "extraordinaryItems": {}, "effectOfAccountingCharges": {}, "otherItems": {}, "netIncome": -214546000, "netIncomeApplicableToCommonShares": -214546000}], "maxAge": 86400}, "cashflowStatementHistoryQuarterly": {"cashflowStatements": [{"maxAge": 1, "endDate": "2020-12-31", "netIncome": -86700000, "changeToLiabilities": 0}, {"maxAge": 1, "endDate": "2020-09-30", "netIncome": -57600000, "depreciation": 14581500, "changeToNetincome": 20407500, "changeToAccountReceivables": -37014500, "changeToLiabilities": -14619000, "changeToInventory": -20229500, "changeToOperatingActivities": 103305500, "totalCashFromOperatingActivities": 11672500, "capitalExpenditures": -54000, "otherCashflowsFromInvestingActivities": 224500, "totalCashflowsFromInvestingActivities": 170500, "netBorrowings": 1455000, "otherCashflowsFromFinancingActivities": -7653000, "totalCashFromFinancingActivities": -6198000, "changeInCash": 5644000}, {"maxAge": 1, "endDate": "2020-06-30", "netIncome": -55750000, "depreciation": 14581500, "changeToNetincome": 20407500, "changeToAccountReceivables": -37014500, "changeToLiabilities": -14619000, "changeToInventory": -20229500, "changeToOperatingActivities": 103305500, "totalCashFromOperatingActivities": 11672500, "capitalExpenditures": -54000, "otherCashflowsFromInvestingActivities": 224500, "totalCashflowsFromInvestingActivities": 170500, "netBorrowings": 1455000, "otherCashflowsFromFinancingActivities": -7653000, "totalCashFromFinancingActivities": -6198000, "changeInCash": 5644000}, {"maxAge": 1, "endDate": "2020-03-31", "netIncome": -214546000, "depreciation": 14581500, "changeToNetincome": 20407500, "changeToAccountReceivables": -37014500, "changeToLiabilities": 0, "changeToInventory": -20229500, "changeToOperatingActivities": 103305500, "totalCashFromOperatingActivities": 11672500, "capitalExpenditures": -54000, "otherCashflowsFromInvestingActivities": 224500, "totalCashflowsFromInvestingActivities": 170500, "netBorrowings": 1455000, "otherCashflowsFromFinancingActivities": -7653000, "totalCashFromFinancingActivities": -6198000, "changeInCash": 5644000}], "maxAge": 86400}, "insiderHolders": {"holders": [{"maxAge": 1, "name": "Birla (Yashovardhan)", "relation": "Chairman of the Board", "url": "", "transactionDescription": "Acquisition", "latestTransDate": "2010-09-07", "positionDirect": 142802, "positionDirectDate": "2010-09-07"}, {"maxAge": 1, "name": "Jhaveri (Hitesh Ramji)", "relation": "Promoter", "url": "", "transactionDescription": "Acquisition", "latestTransDate": "2020-12-24", "positionDirect": 7442364, "positionDirectDate": "2020-12-24"}], "maxAge": 1}, "calendarEvents": {"maxAge": 1, "earnings": {"earningsDate": []}, "exDividendDate": "2010-07-07 05:30:00"}, "upgradeDowngradeHistory": {"history": [], "maxAge": 86400}, "price": {"maxAge": 1, "regularMarketChangePercent": 0.05555557, "regularMarketChange": 0.050000012, "regularMarketTime": "2021-04-30 15:18:40", "priceHint": 4, "regularMarketPrice": 0.95, "regularMarketDayHigh": 0.95, "regularMarketDayLow": 0.95, "regularMarketVolume": 24545, "averageDailyVolume10Day": 33218, "averageDailyVolume3Month": 44180, "regularMarketPreviousClose": 0.9, "regularMarketSource": "FREE_REALTIME", "regularMarketOpen": 0.95, "exchange": "NSI", "exchangeName": "NSE", "exchangeDataDelayedBy": 15, "marketState": "CLOSED", "quoteType": "EQUITY", "symbol": "ZENITHSTL.NS", "underlyingSymbol": null, "shortName": "ZENITH STEEL PIP IND LTD", "longName": "Zenith Steel Pipes & Industries Limited", "currency": "INR", "quoteSourceName": "Delayed Quote", "currencySymbol": "\u20b9", "fromCurrency": null, "lastMarket": null, "marketCap": 136667936}, "balanceSheetHistory": {"balanceSheetStatements": [{"maxAge": 1, "endDate": "2020-03-31", "cash": 25318000, "netReceivables": 957825000, "inventory": 53521000, "otherCurrentAssets": 66165000, "totalCurrentAssets": 1103988000, "longTermInvestments": 100000, "propertyPlantEquipment": 658031000, "intangibleAssets": 643000, "otherAssets": 36236000, "totalAssets": 1798998000, "accountsPayable": 541627000, "shortLongTermDebt": 275854000, "otherCurrentLiab": 710121000, "longTermDebt": 142308000, "otherLiab": 110417000, "totalCurrentLiabilities": 4058766000, "totalLiab": 4311491000, "commonStock": 1312804000, "retainedEarnings": -5256127000, "capitalSurplus": 1430830000, "totalStockholderEquity": -2512493000, "netTangibleAssets": -2513136000}, {"maxAge": 1, "endDate": "2019-03-31", "cash": 45256000, "netReceivables": 1320629000, "inventory": 9662000, "otherCurrentAssets": 57823000, "totalCurrentAssets": 1434544000, "longTermInvestments": 100000, "propertyPlantEquipment": 889284000, "intangibleAssets": 560000, "otherAssets": 36271000, "totalAssets": 2360759000, "accountsPayable": 694576000, "shortLongTermDebt": 396132000, "otherCurrentLiab": 560482000, "longTermDebt": 96183000, "otherLiab": 115573000, "totalCurrentLiabilities": 4566829000, "totalLiab": 4778585000, "commonStock": 1312804000, "retainedEarnings": -5161460000, "capitalSurplus": 1430830000, "totalStockholderEquity": -2417826000, "netTangibleAssets": -2418386000}, {"maxAge": 1, "endDate": "2018-03-31", "cash": 43116000, "netReceivables": 2067986000, "inventory": 39610000, "otherCurrentAssets": 341201000, "totalCurrentAssets": 2491913000, "longTermInvestments": 100000, "propertyPlantEquipment": 930444000, "intangibleAssets": 626000, "otherAssets": 39666000, "totalAssets": 3462749000, "accountsPayable": 785083000, "shortLongTermDebt": 385513000, "otherCurrentLiab": 554946000, "longTermDebt": 227817000, "otherLiab": 114404000, "totalCurrentLiabilities": 4405567000, "totalLiab": 4747788000, "commonStock": 1312804000, "retainedEarnings": -4028673000, "capitalSurplus": 1430830000, "totalStockholderEquity": -1285039000, "netTangibleAssets": -1285665000}, {"maxAge": 1, "endDate": "2017-03-31", "cash": 27746000, "netReceivables": 2098356000, "inventory": 129439000, "otherCurrentAssets": 178992000, "totalCurrentAssets": 2434533000, "longTermInvestments": 100000, "propertyPlantEquipment": 1046139000, "intangibleAssets": 733000, "otherAssets": 48299000, "totalAssets": 3529804000, "accountsPayable": 618449000, "shortLongTermDebt": 434724000, "otherCurrentLiab": 414340000, "longTermDebt": 204598000, "otherLiab": 110567000, "totalCurrentLiabilities": 4096135000, "totalLiab": 4411300000, "commonStock": 1312804000, "retainedEarnings": -3625130000, "capitalSurplus": 1430830000, "totalStockholderEquity": -881496000, "netTangibleAssets": -882229000}], "maxAge": 86400}, "financialData": {"maxAge": 86400, "currentPrice": 0.95, "recommendationKey": "none", "totalCash": 39030000, "totalCashPerShare": 0.275, "ebitda": -264465744, "totalDebt": 2252109056, "totalRevenue": 685878976, "revenuePerShare": 5.262, "grossProfits": 403936000, "revenueGrowth": -0.466, "grossMargins": 0.45086, "ebitdaMargins": -0.38559, "operatingMargins": -0.5132, "profitMargins": -0.60178, "financialCurrency": "INR"}}}