{"ZENITHHE.BO": {"cashflowStatementHistory": {"cashflowStatements": [{"maxAge": 1, "endDate": "2020-03-31", "netIncome": 5656653, "depreciation": 2541929, "changeToNetincome": 319950, "changeToAccountReceivables": -1061002, "changeToLiabilities": 8344536, "changeToInventory": 2981483, "changeToOperatingActivities": 744420, "totalCashFromOperatingActivities": 19531433, "capitalExpenditures": -4977144, "otherCashflowsFromInvestingActivities": -612, "totalCashflowsFromInvestingActivities": -4977756, "netBorrowings": -200000, "totalCashFromFinancingActivities": -200000, "changeInCash": 14353677}, {"maxAge": 1, "endDate": "2019-03-31", "netIncome": 1364999, "depreciation": 2468255, "changeToNetincome": -30084, "changeToAccountReceivables": 5188106, "changeToLiabilities": -3590737, "changeToInventory": -7722205, "changeToOperatingActivities": 1755844, "totalCashFromOperatingActivities": -564041, "capitalExpenditures": -530659, "otherCashflowsFromInvestingActivities": -416, "totalCashflowsFromInvestingActivities": -531075, "netBorrowings": 200000, "totalCashFromFinancingActivities": 200000, "changeInCash": -895116}, {"maxAge": 1, "endDate": "2018-03-31", "netIncome": 2736490, "depreciation": 2767051, "changeToNetincome": 1051510, "changeToAccountReceivables": -3220000, "changeToLiabilities": 6128000, "changeToInventory": -1344000, "changeToOperatingActivities": -2208000, "totalCashFromOperatingActivities": 5913000, "capitalExpenditures": -3448000, "investments": -1000, "otherCashflowsFromInvestingActivities": -416, "totalCashflowsFromInvestingActivities": -3432000, "netBorrowings": 200000, "totalCashFromFinancingActivities": 200000, "changeInCash": 2481000}, {"maxAge": 1, "endDate": "2017-03-31", "netIncome": -1521385, "depreciation": 3037731, "changeToNetincome": -662615, "changeToAccountReceivables": 1489000, "changeToLiabilities": -3114000, "changeToInventory": 1503000, "changeToOperatingActivities": 1545000, "totalCashFromOperatingActivities": 2282000, "capitalExpenditures": -1198000, "investments": -1000, "otherCashflowsFromInvestingActivities": -416, "totalCashflowsFromInvestingActivities": -1198000, "netBorrowings": 200000, "totalCashFromFinancingActivities": 200000, "changeInCash": 1084000}], "maxAge": 86400}, "institutionOwnership": {"maxAge": 1, "ownershipList": []}, "balanceSheetHistoryQuarterly": {"balanceSheetStatements": [{"maxAge": 1, "endDate": "2020-06-30", "totalStockholderEquity": 64013456, "netTangibleAssets": 63992381}, {"maxAge": 1, "endDate": "2020-03-31", "cash": 24335568, "netReceivables": 12334276, "inventory": 20018725, "otherCurrentAssets": 4796745, "totalCurrentAssets": 61485314, "longTermInvestments": 29531, "propertyPlantEquipment": 18588222, "intangibleAssets": 21075, "otherAssets": 5266860, "deferredLongTermAssetCharges": 3077595, "totalAssets": 85391002, "accountsPayable": 11770263, "otherCurrentLiab": 2329537, "totalCurrentLiabilities": 21377546, "totalLiab": 21377546, "commonStock": 53739000, "retainedEarnings": 10121130, "treasuryStock": 153326, "otherStockholderEquity": 153326, "totalStockholderEquity": 64013456, "netTangibleAssets": 63992381}, {"maxAge": 1, "endDate": "2019-12-31", "totalStockholderEquity": 59394000, "netTangibleAssets": 59380000}, {"maxAge": 1, "endDate": "2019-09-30", "cash": 14547000, "shortTermInvestments": 2610000, "netReceivables": 12510000, "inventory": 23689000, "otherCurrentAssets": 4671000, "totalCurrentAssets": 58027000, "longTermInvestments": 29000, "propertyPlantEquipment": 16101000, "intangibleAssets": 14000, "otherAssets": 3624000, "deferredLongTermAssetCharges": 3035000, "totalAssets": 77795000, "accountsPayable": 15409000, "otherCurrentLiab": 2992000, "totalCurrentLiabilities": 18401000, "totalLiab": 18401000, "commonStock": 53739000, "treasuryStock": 5655000, "otherStockholderEquity": 5655000, "totalStockholderEquity": 59394000, "netTangibleAssets": 59380000}], "maxAge": 86400}, "indexTrend": {"maxAge": 1, "symbol": "SP5", "peRatio": 19.7411, "pegRatio": 1.34172, "estimates": [{"period": "0q", "growth": 0.549}, {"period": "+1q", "growth": 0.431}, {"period": "0y", "growth": 0.305}, {"period": "+1y", "growth": 0.109}, {"period": "+5y", "growth": 0.120859005}, {"period": "-5y"}]}, "insiderTransactions": {"transactions": [{"maxAge": 1, "shares": 13211, "filerUrl": "", "transactionText": "", "filerName": "Raycha (Akshit Mahendra)", "filerRelation": "UNREPORTED", "moneyText": "", "startDate": "2009-08-07", "ownership": "D"}, {"maxAge": 1, "shares": 14300, "filerUrl": "", "transactionText": "", "filerName": "Raycha (Akshit Mahendra)", "filerRelation": "UNREPORTED", "moneyText": "", "startDate": "2009-08-06", "ownership": "D"}, {"maxAge": 1, "shares": 16829, "filerUrl": "", "transactionText": "", "filerName": "Raycha (Akshit Mahendra)", "filerRelation": "UNREPORTED", "moneyText": "", "startDate": "2009-08-05", "ownership": "D"}, {"maxAge": 1, "shares": 19000, "filerUrl": "", "transactionText": "", "filerName": "Raycha (Akshit Mahendra)", "filerRelation": "UNREPORTED", "moneyText": "", "startDate": "2009-08-03", "ownership": "D"}], "maxAge": 1}, "quoteType": {"exchange": "BSE", "quoteType": "EQUITY", "symbol": "ZENITHHE.BO", "underlyingSymbol": "ZENITHHE.BO", "shortName": "ZENITH HEALTH CARE LTD.", "longName": "Zenith Healthcare Limited", "firstTradeDateEpochUtc": "2002-01-18 09:15:00", "timeZoneFullName": "Asia/Kolkata", "timeZoneShortName": "IST", "uuid": "589639ad-9668-388a-9725-9d9ff0bbc62c", "messageBoardId": null, "gmtOffSetMilliseconds": 19800000, "maxAge": 1}, "incomeStatementHistory": {"incomeStatementHistory": [{"maxAge": 1, "endDate": "2020-03-31", "totalRevenue": 120667202, "costOfRevenue": 75566111, "grossProfit": 45101091, "researchDevelopment": {}, "sellingGeneralAdministrative": 13664207, "nonRecurring": {}, "otherOperatingExpenses": 24384150, "totalOperatingExpenses": 116159860, "operatingIncome": 4507342, "totalOtherIncomeExpenseNet": 1342296, "ebit": 4507342, "interestExpense": -5782, "incomeBeforeTax": 5849638, "incomeTaxExpense": 192985, "minorityInterest": {}, "netIncomeFromContinuingOps": 5656653, "discontinuedOperations": {}, "extraordinaryItems": {}, "effectOfAccountingCharges": {}, "otherItems": {}, "netIncome": 5656653, "netIncomeApplicableToCommonShares": 5656653}, {"maxAge": 1, "endDate": "2019-03-31", "totalRevenue": 99255106, "costOfRevenue": 67901395, "grossProfit": 31353711, "researchDevelopment": {}, "sellingGeneralAdministrative": 12442059, "nonRecurring": {}, "otherOperatingExpenses": 15677641, "totalOperatingExpenses": 98491131, "operatingIncome": 763975, "totalOtherIncomeExpenseNet": 890941, "ebit": 763975, "interestExpense": -2185, "incomeBeforeTax": 1654916, "incomeTaxExpense": 289917, "minorityInterest": {}, "netIncomeFromContinuingOps": 1364999, "discontinuedOperations": {}, "extraordinaryItems": {}, "effectOfAccountingCharges": {}, "otherItems": {}, "netIncome": 1364999, "netIncomeApplicableToCommonShares": 1364999}, {"maxAge": 1, "endDate": "2018-03-31", "totalRevenue": 95666146, "costOfRevenue": 55097604, "grossProfit": 40568542, "researchDevelopment": {}, "sellingGeneralAdministrative": 11212308, "nonRecurring": {}, "otherOperatingExpenses": 23055351, "totalOperatingExpenses": 92134358, "operatingIncome": 3531788, "totalOtherIncomeExpenseNet": 471182, "ebit": 3531788, "interestExpense": -4538, "incomeBeforeTax": 4002970, "incomeTaxExpense": 1266480, "minorityInterest": {}, "netIncomeFromContinuingOps": 2736490, "discontinuedOperations": {}, "extraordinaryItems": {}, "effectOfAccountingCharges": {}, "otherItems": {}, "netIncome": 2736490, "netIncomeApplicableToCommonShares": 2736490}, {"maxAge": 1, "endDate": "2017-03-31", "totalRevenue": 48060827, "costOfRevenue": 28840518, "grossProfit": 19220309, "researchDevelopment": {}, "sellingGeneralAdministrative": 10289342, "nonRecurring": {}, "otherOperatingExpenses": 8127347, "totalOperatingExpenses": 50300295, "operatingIncome": -2239468, "totalOtherIncomeExpenseNet": 518134, "ebit": -2239468, "interestExpense": -23012, "incomeBeforeTax": -1721334, "incomeTaxExpense": -199949, "minorityInterest": {}, "netIncomeFromContinuingOps": -1521385, "discontinuedOperations": {}, "extraordinaryItems": {}, "effectOfAccountingCharges": {}, "otherItems": {}, "netIncome": -1521385, "netIncomeApplicableToCommonShares": -1521385}], "maxAge": 86400}, "fundOwnership": {"maxAge": 1, "ownershipList": []}, "summaryDetail": {"maxAge": 1, "priceHint": 2, "previousClose": 7.39, "open": 7.25, "dayLow": 7.25, "dayHigh": 7.25, "regularMarketPreviousClose": 7.39, "regularMarketOpen": 7.25, "regularMarketDayLow": 7.25, "regularMarketDayHigh": 7.25, "trailingPE": 41.907516, "volume": 122514, "regularMarketVolume": 122514, "averageVolume": 243244, "averageVolume10days": 326627, "averageDailyVolume10Day": 326627, "bid": 0.0, "ask": 7.39, "bidSize": 0, "askSize": 0, "marketCap": 389607744, "fiftyTwoWeekLow": 0.77, "fiftyTwoWeekHigh": 15.38, "fiftyDayAverage": 12.217143, "twoHundredDayAverage": 6.8435764, "currency": "INR", "fromCurrency": null, "toCurrency": null, "lastMarket": null, "algorithm": null, "tradeable": false}, "incomeStatementHistoryQuarterly": {"incomeStatementHistory": [{"maxAge": 1, "endDate": "2020-06-30", "totalRevenue": 57783000, "costOfRevenue": 42817000, "grossProfit": 14966000, "researchDevelopment": {}, "sellingGeneralAdministrative": 3898000, "nonRecurring": {}, "otherOperatingExpenses": 8058000, "totalOperatingExpenses": 55318000, "operatingIncome": 2465000, "totalOtherIncomeExpenseNet": 1016000, "ebit": 2465000, "interestExpense": -16000, "incomeBeforeTax": 3481000, "incomeTaxExpense": 0, "minorityInterest": {}, "netIncomeFromContinuingOps": 3481000, "discontinuedOperations": {}, "extraordinaryItems": {}, "effectOfAccountingCharges": {}, "otherItems": {}, "netIncome": 3481000, "netIncomeApplicableToCommonShares": 3481000}, {"maxAge": 1, "endDate": "2020-03-31", "totalRevenue": 23247202, "costOfRevenue": 14509111, "grossProfit": 8738091, "researchDevelopment": {}, "sellingGeneralAdministrative": 4372207, "nonRecurring": {}, "otherOperatingExpenses": 272150, "totalOperatingExpenses": 19898860, "operatingIncome": 3348342, "totalOtherIncomeExpenseNet": -1455704, "ebit": 3348342, "interestExpense": -782, "incomeBeforeTax": 1892638, "incomeTaxExpense": 192985, "minorityInterest": {}, "netIncomeFromContinuingOps": 1699653, "discontinuedOperations": {}, "extraordinaryItems": {}, "effectOfAccountingCharges": {}, "otherItems": {}, "netIncome": 1699653, "netIncomeApplicableToCommonShares": 1699653}, {"maxAge": 1, "endDate": "2019-12-31", "totalRevenue": 32760000, "costOfRevenue": 18211000, "grossProfit": 14549000, "researchDevelopment": {}, "sellingGeneralAdministrative": 3275000, "nonRecurring": {}, "otherOperatingExpenses": 9321000, "totalOperatingExpenses": 31451000, "operatingIncome": 1309000, "totalOtherIncomeExpenseNet": 1247000, "ebit": 1309000, "interestExpense": -782, "incomeBeforeTax": 2556000, "incomeTaxExpense": 0, "minorityInterest": {}, "netIncomeFromContinuingOps": 2556000, "discontinuedOperations": {}, "extraordinaryItems": {}, "effectOfAccountingCharges": {}, "otherItems": {}, "netIncome": 2556000, "netIncomeApplicableToCommonShares": 2556000}, {"maxAge": 1, "endDate": "2019-09-30", "totalRevenue": 21733000, "costOfRevenue": 13132000, "grossProfit": 8601000, "researchDevelopment": {}, "sellingGeneralAdministrative": 3111000, "nonRecurring": {}, "otherOperatingExpenses": 4736000, "totalOperatingExpenses": 21557000, "operatingIncome": 176000, "totalOtherIncomeExpenseNet": 717000, "ebit": 176000, "interestExpense": -4000, "incomeBeforeTax": 893000, "incomeTaxExpense": 0, "minorityInterest": {}, "netIncomeFromContinuingOps": 893000, "discontinuedOperations": {}, "extraordinaryItems": {}, "effectOfAccountingCharges": {}, "otherItems": {}, "netIncome": 893000, "netIncomeApplicableToCommonShares": 893000}], "maxAge": 86400}, "cashflowStatementHistoryQuarterly": {"cashflowStatements": [{"maxAge": 1, "endDate": "2020-06-30", "netIncome": 3481000, "changeToLiabilities": 0}, {"maxAge": 1, "endDate": "2020-03-31", "netIncome": 1699653, "changeToLiabilities": 0}, {"maxAge": 1, "endDate": "2019-12-31", "netIncome": 2556000, "changeToLiabilities": 0}, {"maxAge": 1, "endDate": "2019-09-30", "netIncome": 893000, "changeToLiabilities": 0}], "maxAge": 86400}, "insiderHolders": {"holders": [{"maxAge": 1, "name": "Raycha (Akshit Mahendra)", "relation": "UNREPORTED", "url": "", "transactionDescription": "Acquisition", "latestTransDate": "2009-08-07", "positionDirect": 991956, "positionDirectDate": "2009-08-07"}], "maxAge": 1}, "calendarEvents": {"maxAge": 1, "earnings": {"earningsDate": []}}, "price": {"maxAge": 1, "regularMarketChangePercent": -0.018944502, "regularMarketChange": -0.13999987, "regularMarketTime": "2021-04-30 15:59:54", "priceHint": 2, "regularMarketPrice": 7.25, "regularMarketDayHigh": 7.25, "regularMarketDayLow": 7.25, "regularMarketVolume": 122514, "averageDailyVolume10Day": 326627, "averageDailyVolume3Month": 243244, "regularMarketPreviousClose": 7.39, "regularMarketSource": "FREE_REALTIME", "regularMarketOpen": 7.25, "exchange": "BSE", "exchangeName": "BSE", "exchangeDataDelayedBy": 0, "marketState": "CLOSED", "quoteType": "EQUITY", "symbol": "ZENITHHE.BO", "underlyingSymbol": null, "shortName": "ZENITH HEALTH CARE LTD.", "longName": "Zenith Healthcare Limited", "currency": "INR", "quoteSourceName": "Delayed Quote", "currencySymbol": "\u20b9", "fromCurrency": null, "toCurrency": null, "lastMarket": null, "marketCap": 389607744}, "balanceSheetHistory": {"balanceSheetStatements": [{"maxAge": 1, "endDate": "2020-03-31", "cash": 24335568, "netReceivables": 12334276, "inventory": 20018725, "otherCurrentAssets": 4796745, "totalCurrentAssets": 61485314, "longTermInvestments": 29531, "propertyPlantEquipment": 18588222, "intangibleAssets": 21075, "otherAssets": 5266860, "deferredLongTermAssetCharges": 3077595, "totalAssets": 85391002, "accountsPayable": 11770263, "otherCurrentLiab": 2329537, "totalCurrentLiabilities": 21377546, "totalLiab": 21377546, "commonStock": 53739000, "retainedEarnings": 10121130, "treasuryStock": 153326, "otherStockholderEquity": 153326, "totalStockholderEquity": 64013456, "netTangibleAssets": 63992381}, {"maxAge": 1, "endDate": "2019-03-31", "cash": 9981891, "netReceivables": 11246630, "inventory": 23000207, "otherCurrentAssets": 3206747, "totalCurrentAssets": 47435475, "longTermInvestments": 28919, "propertyPlantEquipment": 16153007, "intangibleAssets": 24539, "otherAssets": 5924861, "deferredLongTermAssetCharges": 3035580, "totalAssets": 69566801, "accountsPayable": 5670102, "otherCurrentLiab": 1408880, "totalCurrentLiabilities": 11571964, "totalLiab": 11571964, "commonStock": 53739000, "retainedEarnings": 4102511, "treasuryStock": 153326, "otherStockholderEquity": 153326, "totalStockholderEquity": 57994837, "netTangibleAssets": 57970298}, {"maxAge": 1, "endDate": "2018-03-31", "cash": 10877007, "shortTermInvestments": 35000, "netReceivables": 19812959, "inventory": 15278002, "otherCurrentAssets": 501983, "totalCurrentAssets": 46504951, "longTermInvestments": 28050, "propertyPlantEquipment": 18099604, "intangibleAssets": 17320, "otherAssets": 6229428, "deferredLongTermAssetCharges": 3005497, "totalAssets": 70879353, "accountsPayable": 7323158, "otherCurrentLiab": 967719, "totalCurrentLiabilities": 14249963, "totalLiab": 14249963, "commonStock": 53739000, "retainedEarnings": 2737064, "treasuryStock": 153326, "otherStockholderEquity": 153326, "totalStockholderEquity": 56629390, "netTangibleAssets": 56612070}, {"maxAge": 1, "endDate": "2017-03-31", "cash": 8395703, "shortTermInvestments": 35000, "netReceivables": 11182398, "inventory": 13933907, "otherCurrentAssets": 157013, "totalCurrentAssets": 33704021, "longTermInvestments": 27541, "propertyPlantEquipment": 17435518, "intangibleAssets": 19269, "otherAssets": 10135671, "deferredLongTermAssetCharges": 4056977, "totalAssets": 61322020, "accountsPayable": 4199546, "otherCurrentLiab": 256854, "totalCurrentLiabilities": 7429120, "totalLiab": 7429120, "commonStock": 53739000, "retainedEarnings": 574, "treasuryStock": 153326, "otherStockholderEquity": 153326, "totalStockholderEquity": 53892900, "netTangibleAssets": 53873631}], "maxAge": 86400}, "financialData": {"maxAge": 86400, "currentPrice": 7.25, "recommendationKey": "none", "grossProfits": 45101091, "financialCurrency": "INR"}}}