{"ZENITHEXPO.NS": {"assetProfile": {"address1": "19, Rajendra Nath Mukherjee Road", "address2": "First Floor", "city": "Kolkata", "zip": "700001", "country": "India", "phone": "91 33 2248 7071", "fax": "91 33 2243 9003", "website": "http://www.zenithexportslimited.com", "industry": "Textile Manufacturing", "sector": "Consumer Cyclical", "longBusinessSummary": "Zenith Exports Limited designs, manufactures, and sells fabrics to fashion and home furnishing industries in India and internationally. The company offers a range of silk, velvet, embroidery, and weave, fabrics. It also provides industrial leather hand gloves, silk fabrics, and made-ups. The company also exports its products. Zenith Exports Limited was founded in 1969 and is headquartered in Kolkata, India.", "fullTimeEmployees": 241, "companyOfficers": [{"maxAge": 1, "name": "Mr. Raj Kumar Loyalka", "age": 76, "title": "Chief Exec. Officer", "yearBorn": 1944, "fiscalYear": 2020, "totalPay": 3129747, "exercisedValue": 0, "unexercisedValue": 0}, {"maxAge": 1, "name": "Mr. Sushil Kumar Kasera", "title": "Chief Financial Officer", "fiscalYear": 2020, "totalPay": 383869, "exercisedValue": 0, "unexercisedValue": 0}, {"maxAge": 1, "name": "Mr. Vikram Kumar Mishra", "age": 34, "title": "Company Sec. & Compliance Officer", "yearBorn": 1986, "fiscalYear": 2020, "totalPay": 572300, "exercisedValue": 0, "unexercisedValue": 0}, {"maxAge": 1, "name": "Mr. Surendra Kumar Loyalka B.Com., LLB", "age": 70, "title": "Chief Exec. Officer of Silk Division", "yearBorn": 1950, "fiscalYear": 2020, "totalPay": 4346790, "exercisedValue": 0, "unexercisedValue": 0}, {"maxAge": 1, "name": "Mr. Varun  Loyalka", "age": 29, "title": "Joint MD & Exec. Director", "yearBorn": 1991, "fiscalYear": 2020, "totalPay": 1521600, "exercisedValue": 0, "unexercisedValue": 0}], "compensationAsOfEpochDate": "2020-12-31 05:30:00", "maxAge": 86400}, "cashflowStatementHistory": {"cashflowStatements": [{"maxAge": 1, "endDate": "2020-03-31", "netIncome": -15634627, "depreciation": 16901954, "changeToNetincome": -13360350, "changeToAccountReceivables": 5999443, "changeToLiabilities": -25651776, "changeToInventory": 166576661, "changeToOperatingActivities": 6644408, "totalCashFromOperatingActivities": 141475713, "capitalExpenditures": -12844402, "investments": 21548997, "otherCashflowsFromInvestingActivities": 17994344, "totalCashflowsFromInvestingActivities": 36927831, "netBorrowings": -47484328, "otherCashflowsFromFinancingActivities": -10046896, "totalCashFromFinancingActivities": -57531224, "changeInCash": 120872320}, {"maxAge": 1, "endDate": "2019-03-31", "netIncome": -78695675, "depreciation": 16280614, "changeToNetincome": -1053343, "changeToAccountReceivables": 31903318, "changeToLiabilities": 23292704, "changeToInventory": -103289346, "changeToOperatingActivities": 22882340, "totalCashFromOperatingActivities": -88679388, "capitalExpenditures": -6400705, "investments": 147377107, "otherCashflowsFromInvestingActivities": 13071023, "totalCashflowsFromInvestingActivities": 156141224, "netBorrowings": 17218829, "otherCashflowsFromFinancingActivities": -13189095, "totalCashFromFinancingActivities": 4029734, "changeInCash": 71491570}, {"maxAge": 1, "endDate": "2018-03-31", "netIncome": -18797054, "depreciation": 14133190, "changeToNetincome": 843466, "changeToAccountReceivables": 53509591, "changeToLiabilities": -18173755, "changeToInventory": 10671156, "changeToOperatingActivities": 37763133, "totalCashFromOperatingActivities": 79949727, "capitalExpenditures": -5201804, "investments": -132196720, "otherCashflowsFromInvestingActivities": 6204479, "totalCashflowsFromInvestingActivities": -120263214, "netBorrowings": 45009941, "otherCashflowsFromFinancingActivities": -8578247, "totalCashFromFinancingActivities": 36431694, "changeInCash": -3881793}, {"maxAge": 1, "endDate": "2017-03-31", "netIncome": -20763000, "depreciation": 14195000, "changeToNetincome": -15320000, "changeToAccountReceivables": 123264000, "changeToLiabilities": -24564000, "changeToInventory": 86396000, "changeToOperatingActivities": -46552000, "totalCashFromOperatingActivities": 116656000, "capitalExpenditures": -5629000, "investments": -40384000, "otherCashflowsFromInvestingActivities": 7276000, "totalCashflowsFromInvestingActivities": -25862000, "netBorrowings": -58327000, "otherCashflowsFromFinancingActivities": -3044000, "totalCashFromFinancingActivities": -61371000, "changeInCash": 29423000}], "maxAge": 86400}, "institutionOwnership": {"ownershipList": [], "maxAge": 1}, "majorHoldersBreakdown": {"maxAge": 1, "insidersPercentHeld": 0.93421, "institutionsPercentHeld": 0.0, "institutionsFloatPercentHeld": 0.0, "institutionsCount": 0}, "balanceSheetHistoryQuarterly": {"balanceSheetStatements": [{"maxAge": 1, "endDate": "2020-12-31", "totalStockholderEquity": 780900000, "netTangibleAssets": 780900000}, {"maxAge": 1, "endDate": "2020-09-30", "cash": 254000000, "netReceivables": 132900000, "inventory": 269600000, "otherCurrentAssets": 60800000, "totalCurrentAssets": 717300000, "longTermInvestments": 54000000, "propertyPlantEquipment": 138100000, "otherAssets": 70100000, "deferredLongTermAssetCharges": 52200000, "totalAssets": 979500000, "accountsPayable": 54200000, "otherCurrentLiab": 18800000, "otherLiab": 22400000, "totalCurrentLiabilities": 176200000, "totalLiab": 198600000, "commonStock": 54000000, "treasuryStock": 726900000, "otherStockholderEquity": 726900000, "totalStockholderEquity": 780900000, "netTangibleAssets": 780900000}, {"maxAge": 1, "endDate": "2020-06-30", "totalStockholderEquity": 786900000, "netTangibleAssets": 786900000}, {"maxAge": 1, "endDate": "2020-03-31", "cash": 40206580, "shortTermInvestments": 219011139, "netReceivables": 161918519, "inventory": 273003121, "otherCurrentAssets": 42141844, "totalCurrentAssets": 737292757, "propertyPlantEquipment": 146075720, "otherAssets": 108942329, "deferredLongTermAssetCharges": 50345524, "totalAssets": 992310806, "accountsPayable": 60978621, "otherCurrentLiab": 17944365, "otherLiab": 27137904, "totalCurrentLiabilities": 178266486, "totalLiab": 205404390, "commonStock": 53962500, "retainedEarnings": 681761238, "treasuryStock": 23445178, "capitalSurplus": 27737500, "otherStockholderEquity": 23445178, "totalStockholderEquity": 786906416, "netTangibleAssets": 786906416}], "maxAge": 86400}, "indexTrend": {"maxAge": 1, "symbol": "SP5", "peRatio": 19.7411, "pegRatio": 1.34172, "estimates": [{"period": "0q", "growth": 0.549}, {"period": "+1q", "growth": 0.431}, {"period": "0y", "growth": 0.305}, {"period": "+1y", "growth": 0.109}, {"period": "+5y", "growth": 0.120865}, {"period": "-5y"}]}, "defaultKeyStatistics": {"maxAge": 1, "priceHint": 2, "enterpriseValue": 209160720, "profitMargins": -0.01365, "floatShares": 1236593, "sharesOutstanding": 5396250, "heldPercentInsiders": 0.93421, "heldPercentInstitutions": 0.0, "beta": 0.354499, "category": null, "bookValue": 144.572, "priceToBook": 0.48176685, "fundFamily": null, "legalType": null, "lastFiscalYearEnd": "2020-03-31 05:30:00", "nextFiscalYearEnd": "2022-03-31 05:30:00", "mostRecentQuarter": "2020-12-31 05:30:00", "netIncomeToCommon": -7634627, "trailingEps": -1.412, "lastSplitFactor": null, "enterpriseToRevenue": 0.374, "enterpriseToEbitda": -14.896}, "summaryProfile": {"address1": "19, Rajendra Nath Mukherjee Road", "address2": "First Floor", "city": "Kolkata", "zip": "700001", "country": "India", "phone": "91 33 2248 7071", "fax": "91 33 2243 9003", "website": "http://www.zenithexportslimited.com", "industry": "Textile Manufacturing", "sector": "Consumer Cyclical", "longBusinessSummary": "Zenith Exports Limited designs, manufactures, and sells fabrics to fashion and home furnishing industries in India and internationally. The company offers a range of silk, velvet, embroidery, and weave, fabrics. It also provides industrial leather hand gloves, silk fabrics, and made-ups. The company also exports its products. Zenith Exports Limited was founded in 1969 and is headquartered in Kolkata, India.", "fullTimeEmployees": 241, "companyOfficers": [], "maxAge": 86400}, "netSharePurchaseActivity": {"maxAge": 1, "period": "6m", "buyInfoCount": 0, "buyInfoShares": 0, "sellInfoCount": 0, "netInfoCount": 0, "netInfoShares": 0, "netPercentInsiderShares": 0.0, "totalInsiderShares": 5037886}, "quoteType": {"exchange": "NSI", "quoteType": "EQUITY", "symbol": "ZENITHEXPO.NS", "underlyingSymbol": "ZENITHEXPO.NS", "shortName": "ZENITH EXPORTS LTD", "longName": "Zenith Exports Limited", "firstTradeDateEpochUtc": "2002-07-02 09:15:00", "timeZoneFullName": "Asia/Kolkata", "timeZoneShortName": "IST", "uuid": "034fd576-a9c6-3b07-b291-1b64d5e3bf8c", "gmtOffSetMilliseconds": 19800000, "maxAge": 1}, "incomeStatementHistory": {"incomeStatementHistory": [{"maxAge": 1, "endDate": "2020-03-31", "totalRevenue": 828657848, "costOfRevenue": 559516455, "grossProfit": 269141393, "researchDevelopment": {}, "sellingGeneralAdministrative": 88507292, "nonRecurring": {}, "otherOperatingExpenses": 225441948, "totalOperatingExpenses": 890367649, "operatingIncome": -61709801, "totalOtherIncomeExpenseNet": 44445374, "ebit": -61709801, "interestExpense": -10046896, "incomeBeforeTax": -17264427, "incomeTaxExpense": -1629800, "minorityInterest": {}, "netIncomeFromContinuingOps": -15634627, "discontinuedOperations": {}, "extraordinaryItems": {}, "effectOfAccountingCharges": {}, "otherItems": {}, "netIncome": -15634627, "netIncomeApplicableToCommonShares": -15634627}, {"maxAge": 1, "endDate": "2019-03-31", "totalRevenue": 985952678, "costOfRevenue": 619326241, "grossProfit": 366626437, "researchDevelopment": {}, "sellingGeneralAdministrative": 89714101, "nonRecurring": {}, "otherOperatingExpenses": 281389782, "totalOperatingExpenses": 1006710738, "operatingIncome": -20758060, "totalOtherIncomeExpenseNet": -76901318, "ebit": -20758060, "interestExpense": -13189095, "incomeBeforeTax": -97659378, "incomeTaxExpense": -18963703, "minorityInterest": {}, "netIncomeFromContinuingOps": -78695675, "discontinuedOperations": {}, "extraordinaryItems": {}, "effectOfAccountingCharges": {}, "otherItems": {}, "netIncome": -78695675, "netIncomeApplicableToCommonShares": -78695675}, {"maxAge": 1, "endDate": "2018-03-31", "totalRevenue": 1095199275, "costOfRevenue": 731900265, "grossProfit": 363299010, "researchDevelopment": {}, "sellingGeneralAdministrative": 100178105, "nonRecurring": {}, "otherOperatingExpenses": 298861864, "totalOperatingExpenses": 1145073424, "operatingIncome": -49874149, "totalOtherIncomeExpenseNet": 43011106, "ebit": -49874149, "interestExpense": -8578247, "incomeBeforeTax": -6863043, "incomeTaxExpense": 945836, "minorityInterest": {}, "netIncomeFromContinuingOps": -7808879, "discontinuedOperations": -10988175, "extraordinaryItems": {}, "effectOfAccountingCharges": {}, "otherItems": {}, "netIncome": -18797054, "netIncomeApplicableToCommonShares": -18797054}, {"maxAge": 1, "endDate": "2017-03-31", "totalRevenue": 1286090000, "costOfRevenue": 911963000, "grossProfit": 374127000, "researchDevelopment": {}, "sellingGeneralAdministrative": 95999000, "nonRecurring": {}, "otherOperatingExpenses": 318304000, "totalOperatingExpenses": 1340461000, "operatingIncome": -54371000, "totalOtherIncomeExpenseNet": 29685000, "ebit": -54371000, "interestExpense": -2816000, "incomeBeforeTax": -24686000, "incomeTaxExpense": -6776000, "minorityInterest": {}, "netIncomeFromContinuingOps": -17910000, "discontinuedOperations": -2853000, "extraordinaryItems": {}, "effectOfAccountingCharges": {}, "otherItems": {}, "netIncome": -20763000, "netIncomeApplicableToCommonShares": -20763000}], "maxAge": 86400}, "fundOwnership": {"ownershipList": [], "maxAge": 1}, "summaryDetail": {"maxAge": 1, "priceHint": 2, "previousClose": 66.75, "open": 69.0, "dayLow": 65.65, "dayHigh": 72.85, "regularMarketPreviousClose": 66.75, "regularMarketOpen": 69.0, "regularMarketDayLow": 65.65, "regularMarketDayHigh": 72.85, "exDividendDate": "2004-09-24 05:30:00", "payoutRatio": 0.0, "beta": 0.354499, "volume": 1537, "regularMarketVolume": 1537, "averageVolume": 2676, "averageVolume10days": 581, "averageDailyVolume10Day": 581, "bid": 0.0, "ask": 0.0, "bidSize": 0, "askSize": 0, "marketCap": 384294592, "fiftyTwoWeekLow": 32.1, "fiftyTwoWeekHigh": 99.75, "priceToSalesTrailing12Months": 0.6872739, "fiftyDayAverage": 69.51212, "twoHundredDayAverage": 59.879642, "currency": "INR", "fromCurrency": null, "lastMarket": null, "algorithm": null, "tradeable": false}, "incomeStatementHistoryQuarterly": {"incomeStatementHistory": [{"maxAge": 1, "endDate": "2020-12-31", "totalRevenue": 129000000, "costOfRevenue": 93300000, "grossProfit": 35700000, "researchDevelopment": {}, "sellingGeneralAdministrative": 14100000, "nonRecurring": {}, "otherOperatingExpenses": 33200000, "totalOperatingExpenses": 144800000, "operatingIncome": -15800000, "totalOtherIncomeExpenseNet": 2200000, "ebit": -15800000, "interestExpense": -5400000, "incomeBeforeTax": -13600000, "incomeTaxExpense": -3300000, "minorityInterest": {}, "netIncomeFromContinuingOps": -10300000, "discontinuedOperations": {}, "extraordinaryItems": {}, "effectOfAccountingCharges": {}, "otherItems": {}, "netIncome": -10300000, "netIncomeApplicableToCommonShares": -10300000}, {"maxAge": 1, "endDate": "2020-09-30", "totalRevenue": 135600000, "costOfRevenue": 97000000, "grossProfit": 38600000, "researchDevelopment": {}, "sellingGeneralAdministrative": 11200000, "nonRecurring": {}, "otherOperatingExpenses": 30700000, "totalOperatingExpenses": 143000000, "operatingIncome": -7400000, "totalOtherIncomeExpenseNet": -2300000, "ebit": -7400000, "interestExpense": -1500000, "incomeBeforeTax": -9700000, "incomeTaxExpense": -2300000, "minorityInterest": {}, "netIncomeFromContinuingOps": -7400000, "discontinuedOperations": {}, "extraordinaryItems": {}, "effectOfAccountingCharges": {}, "otherItems": {}, "netIncome": -7400000, "netIncomeApplicableToCommonShares": -7400000}, {"maxAge": 1, "endDate": "2020-06-30", "totalRevenue": 105800000, "costOfRevenue": 74700000, "grossProfit": 31100000, "researchDevelopment": {}, "sellingGeneralAdministrative": 14500000, "nonRecurring": {}, "otherOperatingExpenses": 16300000, "totalOperatingExpenses": 109600000, "operatingIncome": -3800000, "totalOtherIncomeExpenseNet": 5600000, "ebit": -3800000, "interestExpense": -1500000, "incomeBeforeTax": 1800000, "incomeTaxExpense": 400000, "minorityInterest": {}, "netIncomeFromContinuingOps": 1400000, "discontinuedOperations": {}, "extraordinaryItems": {}, "effectOfAccountingCharges": {}, "otherItems": {}, "netIncome": 1400000, "netIncomeApplicableToCommonShares": 1400000}, {"maxAge": 1, "endDate": "2020-03-31", "totalRevenue": 188757848, "costOfRevenue": 60616455, "grossProfit": 128141393, "researchDevelopment": {}, "sellingGeneralAdministrative": 23707292, "nonRecurring": {}, "otherOperatingExpenses": 108041948, "totalOperatingExpenses": 196667649, "operatingIncome": -7909801, "totalOtherIncomeExpenseNet": 13745374, "ebit": -7909801, "interestExpense": -2446896, "incomeBeforeTax": 5835573, "incomeTaxExpense": -2829800, "minorityInterest": {}, "netIncomeFromContinuingOps": 8665373, "discontinuedOperations": {}, "extraordinaryItems": {}, "effectOfAccountingCharges": {}, "otherItems": {}, "netIncome": 8665373, "netIncomeApplicableToCommonShares": 8665373}], "maxAge": 86400}, "cashflowStatementHistoryQuarterly": {"cashflowStatements": [{"maxAge": 1, "endDate": "2020-12-31", "netIncome": -10300000, "changeToLiabilities": 0}, {"maxAge": 1, "endDate": "2020-09-30", "netIncome": -7400000, "changeToLiabilities": 0}, {"maxAge": 1, "endDate": "2020-06-30", "netIncome": 1400000, "changeToLiabilities": 0}, {"maxAge": 1, "endDate": "2020-03-31", "netIncome": 8665373, "changeToLiabilities": 0}], "maxAge": 86400}, "insiderHolders": {"holders": [], "maxAge": 1}, "calendarEvents": {"maxAge": 1, "earnings": {"earningsDate": []}, "exDividendDate": "2004-09-24 05:30:00"}, "upgradeDowngradeHistory": {"history": [], "maxAge": 86400}, "price": {"maxAge": 1, "regularMarketChangePercent": 0.043445718, "regularMarketChange": 2.9000015, "regularMarketTime": "2021-04-30 15:27:51", "priceHint": 2, "regularMarketPrice": 69.65, "regularMarketDayHigh": 72.85, "regularMarketDayLow": 65.65, "regularMarketVolume": 1537, "averageDailyVolume10Day": 581, "averageDailyVolume3Month": 2676, "regularMarketPreviousClose": 66.75, "regularMarketSource": "FREE_REALTIME", "regularMarketOpen": 69.0, "exchange": "NSI", "exchangeName": "NSE", "exchangeDataDelayedBy": 15, "marketState": "CLOSED", "quoteType": "EQUITY", "symbol": "ZENITHEXPO.NS", "underlyingSymbol": null, "shortName": "ZENITH EXPORTS LTD", "longName": "Zenith Exports Limited", "currency": "INR", "quoteSourceName": "Delayed Quote", "currencySymbol": "\u20b9", "fromCurrency": null, "lastMarket": null, "marketCap": 384294592}, "balanceSheetHistory": {"balanceSheetStatements": [{"maxAge": 1, "endDate": "2020-03-31", "cash": 40206580, "shortTermInvestments": 219011139, "netReceivables": 161918519, "inventory": 273003121, "otherCurrentAssets": 42141844, "totalCurrentAssets": 737292757, "propertyPlantEquipment": 146075720, "otherAssets": 108942329, "deferredLongTermAssetCharges": 50345524, "totalAssets": 992310806, "accountsPayable": 60978621, "otherCurrentLiab": 17944365, "otherLiab": 27137904, "totalCurrentLiabilities": 178266486, "totalLiab": 205404390, "commonStock": 53962500, "retainedEarnings": 681761238, "treasuryStock": 23445178, "capitalSurplus": 27737500, "otherStockholderEquity": 23445178, "totalStockholderEquity": 786906416, "netTangibleAssets": 786906416}, {"maxAge": 1, "endDate": "2019-03-31", "cash": 31666814, "shortTermInvestments": 86578585, "netReceivables": 198688841, "inventory": 439579782, "otherCurrentAssets": 58700266, "totalCurrentAssets": 818336038, "longTermInvestments": 19999600, "propertyPlantEquipment": 155925808, "otherAssets": 81169094, "deferredLongTermAssetCharges": 47386371, "totalAssets": 1075430540, "accountsPayable": 61649302, "otherCurrentLiab": 14185882, "otherLiab": 25183200, "totalCurrentLiabilities": 247706297, "totalLiab": 272889497, "commonStock": 53962500, "retainedEarnings": 697395865, "treasuryStock": 23445178, "capitalSurplus": 27737500, "otherStockholderEquity": 23445178, "totalStockholderEquity": 802541043, "netTangibleAssets": 802541043}, {"maxAge": 1, "endDate": "2018-03-31", "cash": 20692792, "netReceivables": 213677908, "inventory": 336290436, "otherCurrentAssets": 94038022, "totalCurrentAssets": 666690789, "longTermInvestments": 175581802, "propertyPlantEquipment": 179642789, "otherAssets": 92080941, "deferredLongTermAssetCharges": 28342053, "totalAssets": 1113996321, "accountsPayable": 35745490, "otherCurrentLiab": 17991294, "otherLiab": 34523461, "totalCurrentLiabilities": 197854503, "totalLiab": 232377964, "commonStock": 53962500, "retainedEarnings": 769239677, "treasuryStock": 30678680, "capitalSurplus": 27737500, "otherStockholderEquity": 30678680, "totalStockholderEquity": 881618357, "netTangibleAssets": 881618357}, {"maxAge": 1, "endDate": "2017-03-31", "cash": 11359000, "netReceivables": 279644000, "inventory": 346962000, "otherCurrentAssets": 94421000, "totalCurrentAssets": 735624000, "longTermInvestments": 40794000, "propertyPlantEquipment": 206896000, "otherAssets": 121032000, "deferredLongTermAssetCharges": 26910000, "totalAssets": 1104346000, "accountsPayable": 61054000, "otherCurrentLiab": 27672000, "otherLiab": 30835000, "totalCurrentLiabilities": 174707000, "totalLiab": 205542000, "commonStock": 53962000, "retainedEarnings": 792622000, "treasuryStock": 24483000, "capitalSurplus": 27737000, "otherStockholderEquity": 24483000, "totalStockholderEquity": 898804000, "netTangibleAssets": 898804000}], "maxAge": 86400}, "financialData": {"maxAge": 86400, "currentPrice": 69.65, "recommendationKey": "none", "totalCash": 254000000, "totalCashPerShare": 47.101, "ebitda": -14041842, "totalDebt": 103200000, "totalRevenue": 559157824, "debtToEquity": 13.216, "revenuePerShare": 103.4, "grossProfits": 269141393, "revenueGrowth": -0.198, "grossMargins": 0.41766998, "ebitdaMargins": -0.025109999, "operatingMargins": -0.05617, "profitMargins": -0.01365, "financialCurrency": "INR"}}}