{"ZENIFIB.BO": {"recommendationTrend": {"trend": [{"period": "0m", "strongBuy": 0, "buy": 0, "hold": 0, "sell": 0, "strongSell": 0}, {"period": "-1m", "strongBuy": 0, "buy": 0, "hold": 0, "sell": 0, "strongSell": 0}, {"period": "-2m", "strongBuy": 0, "buy": 0, "hold": 0, "sell": 0, "strongSell": 0}, {"period": "-3m", "strongBuy": 0, "buy": 0, "hold": 0, "sell": 0, "strongSell": 0}], "maxAge": 86400}, "cashflowStatementHistory": {"cashflowStatements": [{"maxAge": 1, "endDate": "2020-03-31", "netIncome": 19783062, "depreciation": 8813299, "changeToNetincome": -17021027, "changeToAccountReceivables": -19609074, "changeToLiabilities": 167857, "changeToInventory": -1831982, "changeToOperatingActivities": -3793976, "totalCashFromOperatingActivities": -13404513, "capitalExpenditures": -82645334, "investments": 114072391, "otherCashflowsFromInvestingActivities": 18097409, "totalCashflowsFromInvestingActivities": 8169466, "dividendsPaid": -3944136, "netBorrowings": -894680, "otherCashflowsFromFinancingActivities": -2055241, "totalCashFromFinancingActivities": -33195607, "changeInCash": -38430654, "repurchaseOfStock": -26301550}, {"maxAge": 1, "endDate": "2019-03-31", "netIncome": 21869180, "depreciation": 5877943, "changeToNetincome": -27584779, "changeToAccountReceivables": 4702289, "changeToLiabilities": 1443551, "changeToInventory": 13856110, "changeToOperatingActivities": -2337772, "totalCashFromOperatingActivities": 17917161, "capitalExpenditures": -1987210, "investments": -4712601, "otherCashflowsFromInvestingActivities": 14998736, "totalCashflowsFromInvestingActivities": 8494981, "dividendsPaid": -6633519, "netBorrowings": -894680, "otherCashflowsFromFinancingActivities": -1895768, "totalCashFromFinancingActivities": -8529287, "changeInCash": 17882855, "repurchaseOfStock": -26301550}, {"maxAge": 1, "endDate": "2018-03-31", "netIncome": 31938931, "depreciation": 5404984, "changeToNetincome": -23669347, "changeToAccountReceivables": 42613467, "changeToLiabilities": -10507188, "changeToInventory": -10370832, "changeToOperatingActivities": 8387430, "totalCashFromOperatingActivities": 43897994, "capitalExpenditures": -21841478, "investments": -5000003, "otherCashflowsFromInvestingActivities": 14823688, "totalCashflowsFromInvestingActivities": -11006093, "dividendsPaid": -8844692, "netBorrowings": -1580693, "otherCashflowsFromFinancingActivities": -2844947, "totalCashFromFinancingActivities": -13270332, "changeInCash": 19621570, "repurchaseOfStock": -26301550}, {"maxAge": 1, "endDate": "2017-03-31", "netIncome": 61333673, "depreciation": 6094957, "changeToNetincome": -30338089, "changeToAccountReceivables": -16358005, "changeToLiabilities": 3120215, "changeToInventory": 3651364, "changeToOperatingActivities": 11006154, "totalCashFromOperatingActivities": 38610752, "capitalExpenditures": -3351532, "investments": -177500000, "otherCashflowsFromInvestingActivities": 18481313, "totalCashflowsFromInvestingActivities": -162239419, "dividendsPaid": -13267038, "netBorrowings": -2973457, "otherCashflowsFromFinancingActivities": -4750476, "totalCashFromFinancingActivities": -20990971, "changeInCash": -144619638, "repurchaseOfStock": -26301550}], "maxAge": 86400}, "institutionOwnership": {"ownershipList": [], "maxAge": 1}, "balanceSheetHistoryQuarterly": {"balanceSheetStatements": [{"maxAge": 1, "endDate": "2020-06-30", "totalStockholderEquity": 485668504, "netTangibleAssets": 485512720}, {"maxAge": 1, "endDate": "2020-03-31", "cash": 124283174, "netReceivables": 157907292, "inventory": 39383937, "otherCurrentAssets": 19668329, "totalCurrentAssets": 341510679, "longTermInvestments": 38261485, "propertyPlantEquipment": 137780660, "intangibleAssets": 155784, "otherAssets": 1232544, "totalAssets": 518941152, "accountsPayable": 2958721, "otherCurrentLiab": 4164689, "otherLiab": 16488369, "totalCurrentLiabilities": 11578946, "totalLiab": 33272648, "commonStock": 39441360, "retainedEarnings": 434449810, "treasuryStock": 11777334, "otherStockholderEquity": 11777334, "totalStockholderEquity": 485668504, "netTangibleAssets": 485512720}, {"maxAge": 1, "endDate": "2019-12-31", "totalStockholderEquity": 483442000, "netTangibleAssets": 483244000}, {"maxAge": 1, "endDate": "2019-09-30", "cash": 81109000, "netReceivables": 146131000, "inventory": 48634000, "totalCurrentAssets": 275874000, "longTermInvestments": 98231000, "propertyPlantEquipment": 137310000, "intangibleAssets": 198000, "otherAssets": 1220000, "totalAssets": 512833000, "accountsPayable": 2602000, "otherCurrentLiab": 10493000, "otherLiab": 16167000, "totalCurrentLiabilities": 13224000, "totalLiab": 29391000, "commonStock": 39441000, "treasuryStock": 444001000, "otherStockholderEquity": 444001000, "totalStockholderEquity": 483442000, "netTangibleAssets": 483244000}], "maxAge": 86400}, "earningsHistory": {"history": [{"maxAge": 1, "epsActual": {}, "epsEstimate": {}, "epsDifference": {}, "surprisePercent": {}, "quarter": {}, "period": "-4q"}, {"maxAge": 1, "epsActual": {}, "epsEstimate": {}, "epsDifference": {}, "surprisePercent": {}, "quarter": {}, "period": "-3q"}, {"maxAge": 1, "epsActual": {}, "epsEstimate": {}, "epsDifference": {}, "surprisePercent": {}, "quarter": {}, "period": "-2q"}, {"maxAge": 1, "epsActual": {}, "epsEstimate": {}, "epsDifference": {}, "surprisePercent": {}, "quarter": {}, "period": "-1q"}], "maxAge": 86400}, "indexTrend": {"maxAge": 1, "symbol": "SP5", "peRatio": 19.7411, "pegRatio": 1.34172, "estimates": [{"period": "0q", "growth": 0.549}, {"period": "+1q", "growth": 0.431}, {"period": "0y", "growth": 0.305}, {"period": "+1y", "growth": 0.109}, {"period": "+5y", "growth": 0.120859005}, {"period": "-5y"}]}, "industryTrend": {"maxAge": 1, "symbol": null, "estimates": []}, "insiderTransactions": {"transactions": [{"maxAge": 1, "shares": 325810, "filerUrl": "", "transactionText": "", "filerName": "Galaxy Dealers Pvt Ltd", "filerRelation": "Promoter", "moneyText": "", "startDate": "2019-06-10", "ownership": "D"}, {"maxAge": 1, "shares": 36100, "filerUrl": "", "transactionText": "", "filerName": "Rungta (Madhuridevi)", "filerRelation": "Promoter", "moneyText": "", "startDate": "2019-06-10", "ownership": "D"}, {"maxAge": 1, "shares": 18500, "filerUrl": "", "transactionText": "", "filerName": "Vinita Investment Ltd", "filerRelation": "Promoter", "moneyText": "", "startDate": "2019-06-10", "ownership": "D"}], "maxAge": 1}, "quoteType": {"exchange": "BSE", "quoteType": "EQUITY", "symbol": "ZENIFIB.BO", "underlyingSymbol": "ZENIFIB.BO", "shortName": "ZENITH FIBRES LTD.", "longName": "Zenith Fibres Limited", "firstTradeDateEpochUtc": "2000-10-23 09:15:00", "timeZoneFullName": "Asia/Kolkata", "timeZoneShortName": "IST", "uuid": "0f00c202-d4f9-3294-9e8a-788b2a541301", "gmtOffSetMilliseconds": 19800000, "maxAge": 1}, "incomeStatementHistory": {"incomeStatementHistory": [{"maxAge": 1, "endDate": "2020-03-31", "totalRevenue": 283701024, "costOfRevenue": 168564210, "grossProfit": 115136814, "researchDevelopment": {}, "sellingGeneralAdministrative": 36339667, "nonRecurring": {}, "otherOperatingExpenses": 62585146, "totalOperatingExpenses": 276389650, "operatingIncome": 7311374, "totalOtherIncomeExpenseNet": 18786917, "ebit": 7311374, "interestExpense": -533648, "incomeBeforeTax": 26098291, "incomeTaxExpense": 6315229, "minorityInterest": {}, "netIncomeFromContinuingOps": 19783062, "discontinuedOperations": {}, "extraordinaryItems": {}, "effectOfAccountingCharges": {}, "otherItems": {}, "netIncome": 19783062, "netIncomeApplicableToCommonShares": 19783062}, {"maxAge": 1, "endDate": "2019-03-31", "totalRevenue": 298442897, "costOfRevenue": 190979809, "grossProfit": 107463088, "researchDevelopment": {}, "sellingGeneralAdministrative": 47063366, "nonRecurring": {}, "otherOperatingExpenses": 53452569, "totalOperatingExpenses": 297464326, "operatingIncome": 978571, "totalOtherIncomeExpenseNet": 24910747, "ebit": 978571, "interestExpense": -47673, "incomeBeforeTax": 25889318, "incomeTaxExpense": 4020138, "minorityInterest": {}, "netIncomeFromContinuingOps": 21869180, "discontinuedOperations": {}, "extraordinaryItems": {}, "effectOfAccountingCharges": {}, "otherItems": {}, "netIncome": 21869180, "netIncomeApplicableToCommonShares": 21869180}, {"maxAge": 1, "endDate": "2018-03-31", "totalRevenue": 362106482, "costOfRevenue": 215746161, "grossProfit": 146360321, "researchDevelopment": {}, "sellingGeneralAdministrative": 45786233, "nonRecurring": {}, "otherOperatingExpenses": 71968343, "totalOperatingExpenses": 339006270, "operatingIncome": 23100212, "totalOtherIncomeExpenseNet": 24668709, "ebit": 23100212, "interestExpense": -115972, "incomeBeforeTax": 47768921, "incomeTaxExpense": 15829990, "minorityInterest": {}, "netIncomeFromContinuingOps": 31938931, "discontinuedOperations": {}, "extraordinaryItems": {}, "effectOfAccountingCharges": {}, "otherItems": {}, "netIncome": 31938931, "netIncomeApplicableToCommonShares": 31938931}, {"maxAge": 1, "endDate": "2017-03-31", "totalRevenue": 524688718, "costOfRevenue": 321321932, "grossProfit": 203366786, "researchDevelopment": {}, "sellingGeneralAdministrative": 40322339, "nonRecurring": {}, "otherOperatingExpenses": 87784278, "totalOperatingExpenses": 455623989, "operatingIncome": 69064729, "totalOtherIncomeExpenseNet": 23675115, "ebit": 69064729, "interestExpense": -437459, "incomeBeforeTax": 92739844, "incomeTaxExpense": 31406171, "minorityInterest": {}, "netIncomeFromContinuingOps": 61333673, "discontinuedOperations": {}, "extraordinaryItems": {}, "effectOfAccountingCharges": {}, "otherItems": {}, "netIncome": 61333673, "netIncomeApplicableToCommonShares": 61333673}], "maxAge": 86400}, "fundOwnership": {"ownershipList": [], "maxAge": 1}, "summaryDetail": {"maxAge": 1, "priceHint": 2, "previousClose": 37.75, "open": 37.0, "dayLow": 36.05, "dayHigh": 37.9, "regularMarketPreviousClose": 37.75, "regularMarketOpen": 37.0, "regularMarketDayLow": 36.05, "regularMarketDayHigh": 37.9, "trailingPE": 11.735486, "forwardPE": 2.392405, "volume": 1958, "regularMarketVolume": 1958, "averageVolume": 2125, "averageVolume10days": 1358, "averageDailyVolume10Day": 1358, "bid": 36.2, "ask": 37.9, "bidSize": 0, "askSize": 0, "marketCap": 167164832, "fiftyTwoWeekLow": 23.15, "fiftyTwoWeekHigh": 47.15, "fiftyDayAverage": 41.086365, "twoHundredDayAverage": 36.997425, "trailingAnnualDividendRate": 1.0, "trailingAnnualDividendYield": 0.026490066, "currency": "INR", "fromCurrency": null, "lastMarket": null, "algorithm": null, "tradeable": false}, "sectorTrend": {"maxAge": 1, "symbol": null, "estimates": []}, "incomeStatementHistoryQuarterly": {"incomeStatementHistory": [{"maxAge": 1, "endDate": "2020-06-30", "totalRevenue": 31700000, "costOfRevenue": 20598000, "grossProfit": 11102000, "researchDevelopment": {}, "sellingGeneralAdministrative": 7853000, "nonRecurring": {}, "otherOperatingExpenses": 6854000, "totalOperatingExpenses": 37711000, "operatingIncome": -6011000, "totalOtherIncomeExpenseNet": 3576000, "ebit": -6011000, "interestExpense": -452000, "incomeBeforeTax": -2435000, "incomeTaxExpense": -620000, "minorityInterest": {}, "netIncomeFromContinuingOps": -1815000, "discontinuedOperations": {}, "extraordinaryItems": {}, "effectOfAccountingCharges": {}, "otherItems": {}, "netIncome": -1815000, "netIncomeApplicableToCommonShares": -1815000}, {"maxAge": 1, "endDate": "2020-03-31", "totalRevenue": 65799024, "costOfRevenue": 35427210, "grossProfit": 30371814, "researchDevelopment": {}, "sellingGeneralAdministrative": 9881667, "nonRecurring": {}, "otherOperatingExpenses": 13506146, "totalOperatingExpenses": 62243650, "operatingIncome": 3555374, "totalOtherIncomeExpenseNet": 3263917, "ebit": 3555374, "interestExpense": -452000, "incomeBeforeTax": 6819291, "incomeTaxExpense": 3788229, "minorityInterest": {}, "netIncomeFromContinuingOps": 3031062, "discontinuedOperations": {}, "extraordinaryItems": {}, "effectOfAccountingCharges": {}, "otherItems": {}, "netIncome": 3031062, "netIncomeApplicableToCommonShares": 3031062}, {"maxAge": 1, "endDate": "2019-12-31", "totalRevenue": 61404000, "costOfRevenue": 37717000, "grossProfit": 23687000, "researchDevelopment": {}, "sellingGeneralAdministrative": 8439000, "nonRecurring": {}, "otherOperatingExpenses": 13248000, "totalOperatingExpenses": 61673000, "operatingIncome": -269000, "totalOtherIncomeExpenseNet": 4968000, "ebit": -269000, "interestExpense": -84000, "incomeBeforeTax": 4699000, "incomeTaxExpense": 67000, "minorityInterest": {}, "netIncomeFromContinuingOps": 4632000, "discontinuedOperations": {}, "extraordinaryItems": {}, "effectOfAccountingCharges": {}, "otherItems": {}, "netIncome": 4632000, "netIncomeApplicableToCommonShares": 4632000}, {"maxAge": 1, "endDate": "2019-09-30", "totalRevenue": 67656000, "costOfRevenue": 38846000, "grossProfit": 28810000, "researchDevelopment": {}, "sellingGeneralAdministrative": 8375000, "nonRecurring": {}, "otherOperatingExpenses": 17279000, "totalOperatingExpenses": 66226000, "operatingIncome": 1430000, "totalOtherIncomeExpenseNet": 5860000, "ebit": 1430000, "interestExpense": -217000, "incomeBeforeTax": 7290000, "incomeTaxExpense": 394000, "minorityInterest": {}, "netIncomeFromContinuingOps": 6896000, "discontinuedOperations": {}, "extraordinaryItems": {}, "effectOfAccountingCharges": {}, "otherItems": {}, "netIncome": 6896000, "netIncomeApplicableToCommonShares": 6896000}], "maxAge": 86400}, "cashflowStatementHistoryQuarterly": {"cashflowStatements": [{"maxAge": 1, "endDate": "2020-06-30", "netIncome": -1815000, "changeToLiabilities": 0}, {"maxAge": 1, "endDate": "2020-03-31", "netIncome": 3031062, "changeToLiabilities": 0}, {"maxAge": 1, "endDate": "2019-12-31", "netIncome": 4632000, "changeToLiabilities": 0}, {"maxAge": 1, "endDate": "2019-09-30", "netIncome": 6896000, "changeToLiabilities": 0}], "maxAge": 86400}, "insiderHolders": {"holders": [{"maxAge": 1, "name": "Galaxy Dealers Pvt Ltd", "relation": "Promoter", "url": "", "transactionDescription": "Other", "latestTransDate": "2019-06-10", "positionDirect": 0, "positionDirectDate": "2019-06-10"}, {"maxAge": 1, "name": "Rungta (Madhuridevi)", "relation": "Promoter", "url": "", "transactionDescription": "Other", "latestTransDate": "2019-06-10", "positionDirect": 2400, "positionDirectDate": "2019-06-10"}, {"maxAge": 1, "name": "Vinita Investment Ltd", "relation": "Promoter", "url": "", "transactionDescription": "Other", "latestTransDate": "2019-06-10", "positionDirect": 0, "positionDirectDate": "2019-06-10"}], "maxAge": 1}, "earnings": {"maxAge": 86400, "earningsChart": {"quarterly": [], "earningsDate": ["2020-08-29 05:30:S"]}, "financialsChart": {"yearly": [{"date": 2017, "revenue": 524688718, "earnings": 61333673}, {"date": 2018, "revenue": 362106482, "earnings": 31938931}, {"date": 2019, "revenue": 298442897, "earnings": 21869180}, {"date": 2020, "revenue": 283701024, "earnings": 19783062}], "quarterly": [{"date": "3Q2019", "revenue": 67656000, "earnings": 6896000}, {"date": "4Q2019", "revenue": 61404000, "earnings": 4632000}, {"date": "1Q2020", "revenue": 65799024, "earnings": 3031062}, {"date": "2Q2020", "revenue": 31700000, "earnings": -1815000}]}, "financialCurrency": "INR"}, "calendarEvents": {"maxAge": 1, "earnings": {"earningsDate": ["2020-08-29 05:30:S"]}}, "upgradeDowngradeHistory": {"history": [], "maxAge": 86400}, "price": {"maxAge": 1, "regularMarketChangePercent": 0.001324483, "regularMarketChange": 0.049999237, "regularMarketTime": "2021-04-30 15:27:02", "priceHint": 2, "regularMarketPrice": 37.8, "regularMarketDayHigh": 37.9, "regularMarketDayLow": 36.05, "regularMarketVolume": 1958, "averageDailyVolume10Day": 1358, "averageDailyVolume3Month": 2125, "regularMarketPreviousClose": 37.75, "regularMarketSource": "FREE_REALTIME", "regularMarketOpen": 37.0, "exchange": "BSE", "exchangeName": "BSE", "exchangeDataDelayedBy": 0, "marketState": "CLOSED", "quoteType": "EQUITY", "symbol": "ZENIFIB.BO", "underlyingSymbol": null, "shortName": "ZENITH FIBRES LTD.", "longName": "Zenith Fibres Limited", "currency": "INR", "quoteSourceName": "Delayed Quote", "currencySymbol": "\u20b9", "fromCurrency": null, "lastMarket": null, "marketCap": 167164832}, "balanceSheetHistory": {"balanceSheetStatements": [{"maxAge": 1, "endDate": "2020-03-31", "cash": 124283174, "netReceivables": 157907292, "inventory": 39383937, "otherCurrentAssets": 19668329, "totalCurrentAssets": 341510679, "longTermInvestments": 38261485, "propertyPlantEquipment": 137780660, "intangibleAssets": 155784, "otherAssets": 1232544, "totalAssets": 518941152, "accountsPayable": 2958721, "otherCurrentLiab": 4164689, "otherLiab": 16488369, "totalCurrentLiabilities": 11578946, "totalLiab": 33272648, "commonStock": 39441360, "retainedEarnings": 434449810, "treasuryStock": 11777334, "otherStockholderEquity": 11777334, "totalStockholderEquity": 485668504, "netTangibleAssets": 485512720}, {"maxAge": 1, "endDate": "2019-03-31", "cash": 162713828, "netReceivables": 95419393, "inventory": 37551955, "otherCurrentAssets": 15738232, "totalCurrentAssets": 312091245, "longTermInvestments": 150635230, "propertyPlantEquipment": 56988911, "intangibleAssets": 243110, "otherAssets": 2603434, "totalAssets": 522561930, "accountsPayable": 2790864, "otherCurrentLiab": 4926621, "otherLiab": 13048836, "totalCurrentLiabilities": 11922337, "totalLiab": 24971173, "commonStock": 44223460, "retainedEarnings": 436539576, "treasuryStock": 7644133, "capitalSurplus": 9183588, "otherStockholderEquity": 7644133, "totalStockholderEquity": 497590757, "netTangibleAssets": 497347647}, {"maxAge": 1, "endDate": "2018-03-31", "cash": 144830973, "netReceivables": 22344323, "inventory": 51408065, "otherCurrentAssets": 13870092, "totalCurrentAssets": 233339818, "longTermInvestments": 195509289, "propertyPlantEquipment": 61054852, "intangibleAssets": 333750, "otherAssets": 20822020, "totalAssets": 511059729, "accountsPayable": 1347313, "otherCurrentLiab": 8400523, "otherLiab": 13058453, "totalCurrentLiabilities": 15671275, "totalLiab": 28729728, "commonStock": 44223460, "retainedEarnings": 422667455, "treasuryStock": 6255498, "capitalSurplus": 9183588, "otherStockholderEquity": 6255498, "totalStockholderEquity": 482330001, "netTangibleAssets": 481996251}, {"maxAge": 1, "endDate": "2017-03-31", "cash": 125358980, "netReceivables": 68657074, "inventory": 41037233, "otherCurrentAssets": 16923612, "totalCurrentAssets": 252754632, "longTermInvestments": 178887778, "propertyPlantEquipment": 46362169, "intangibleAssets": 434299, "otherAssets": 20923838, "totalAssets": 499362716, "accountsPayable": 11854501, "shortLongTermDebt": 1580693, "otherCurrentLiab": 4857881, "otherLiab": 10144420, "totalCurrentLiabilities": 26820682, "totalLiab": 36965102, "commonStock": 44223460, "retainedEarnings": 401373787, "treasuryStock": 7616779, "capitalSurplus": 9183588, "otherStockholderEquity": 7616779, "totalStockholderEquity": 462397614, "netTangibleAssets": 461963315}], "maxAge": 86400}, "earningsTrend": {"trend": [{"maxAge": 1, "period": "0q", "endDate": null, "growth": {}, "earningsEstimate": {"avg": 0.0, "low": 0.0, "high": 0.0, "yearAgoEps": {}, "numberOfAnalysts": 0, "growth": {}}, "revenueEstimate": {"avg": 0, "low": 0, "high": 0, "numberOfAnalysts": 0, "yearAgoRevenue": {}, "growth": {}}, "epsTrend": {"current": 0.0, "7daysAgo": 0.0, "30daysAgo": 0.0, "60daysAgo": 0.0, "90daysAgo": 0.0}, "epsRevisions": {"upLast7days": 0, "upLast30days": 0, "downLast30days": 0, "downLast90days": {}}}, {"maxAge": 1, "period": "+1q", "endDate": null, "growth": {}, "earningsEstimate": {"avg": 0.0, "low": 0.0, "high": 0.0, "yearAgoEps": {}, "numberOfAnalysts": 0, "growth": {}}, "revenueEstimate": {"avg": 0, "low": 0, "high": 0, "numberOfAnalysts": 0, "yearAgoRevenue": {}, "growth": {}}, "epsTrend": {"current": 0.0, "7daysAgo": 0.0, "30daysAgo": 0.0, "60daysAgo": 0.0, "90daysAgo": 0.0}, "epsRevisions": {"upLast7days": 0, "upLast30days": 0, "downLast30days": 0, "downLast90days": {}}}, {"maxAge": 1, "period": "0y", "endDate": null, "growth": {}, "earningsEstimate": {"avg": 0.0, "low": 0.0, "high": 0.0, "yearAgoEps": {}, "numberOfAnalysts": 0, "growth": {}}, "revenueEstimate": {"avg": 0, "low": 0, "high": 0, "numberOfAnalysts": 0, "yearAgoRevenue": {}, "growth": {}}, "epsTrend": {"current": 0.0, "7daysAgo": 0.0, "30daysAgo": 0.0, "60daysAgo": 0.0, "90daysAgo": 0.0}, "epsRevisions": {"upLast7days": 0, "upLast30days": 0, "downLast30days": 0, "downLast90days": {}}}, {"maxAge": 1, "period": "+1y", "endDate": null, "growth": {}, "earningsEstimate": {"avg": 0.0, "low": 0.0, "high": 0.0, "yearAgoEps": {}, "numberOfAnalysts": 0, "growth": {}}, "revenueEstimate": {"avg": 0, "low": 0, "high": 0, "numberOfAnalysts": 0, "yearAgoRevenue": {}, "growth": {}}, "epsTrend": {"current": 0.0, "7daysAgo": 0.0, "30daysAgo": 0.0, "60daysAgo": 0.0, "90daysAgo": 0.0}, "epsRevisions": {"upLast7days": 0, "upLast30days": 0, "downLast30days": 0, "downLast90days": {}}}, {"maxAge": 1, "period": "+5y", "endDate": null, "growth": {}, "earningsEstimate": {"avg": {}, "low": {}, "high": {}, "yearAgoEps": {}, "numberOfAnalysts": {}, "growth": {}}, "revenueEstimate": {"avg": {}, "low": {}, "high": {}, "numberOfAnalysts": {}, "yearAgoRevenue": {}, "growth": {}}, "epsTrend": {"current": {}, "7daysAgo": {}, "30daysAgo": {}, "60daysAgo": {}, "90daysAgo": {}}, "epsRevisions": {"upLast7days": {}, "upLast30days": {}, "downLast30days": {}, "downLast90days": {}}}, {"maxAge": 1, "period": "-5y", "endDate": null, "growth": {}, "earningsEstimate": {"avg": {}, "low": {}, "high": {}, "yearAgoEps": {}, "numberOfAnalysts": {}, "growth": {}}, "revenueEstimate": {"avg": {}, "low": {}, "high": {}, "numberOfAnalysts": {}, "yearAgoRevenue": {}, "growth": {}}, "epsTrend": {"current": {}, "7daysAgo": {}, "30daysAgo": {}, "60daysAgo": {}, "90daysAgo": {}}, "epsRevisions": {"upLast7days": {}, "upLast30days": {}, "downLast30days": {}, "downLast90days": {}}}], "maxAge": 1}, "financialData": {"maxAge": 86400, "currentPrice": 37.8, "targetHighPrice": 77.0, "targetLowPrice": 77.0, "targetMeanPrice": 77.0, "targetMedianPrice": 77.0, "recommendationKey": "none", "numberOfAnalystOpinions": 1, "grossProfits": 115136814, "financialCurrency": "INR"}}}