{"ZENLABS.BO": {"cashflowStatementHistory": {"cashflowStatements": [{"maxAge": 1, "endDate": "2020-03-31", "netIncome": -7327000, "depreciation": 2923550, "changeToNetincome": 191430, "changeToLiabilities": 0, "changeToOperatingActivities": 8746380, "totalCashFromOperatingActivities": 4534360, "capitalExpenditures": -534430, "otherCashflowsFromInvestingActivities": 586010, "totalCashflowsFromInvestingActivities": 51580, "netBorrowings": 453840, "otherCashflowsFromFinancingActivities": -777280, "totalCashFromFinancingActivities": -323440, "changeInCash": 4262490}, {"maxAge": 1, "endDate": "2019-03-31", "netIncome": 12634391, "depreciation": 2252091, "changeToNetincome": 459010, "changeToLiabilities": 0, "changeToOperatingActivities": -7297010, "totalCashFromOperatingActivities": 8048482, "capitalExpenditures": -3909810, "otherCashflowsFromInvestingActivities": 866011, "totalCashflowsFromInvestingActivities": -2243799, "netBorrowings": -734579, "otherCashflowsFromFinancingActivities": -712048, "totalCashFromFinancingActivities": -1446627, "changeInCash": 4358056}, {"maxAge": 1, "endDate": "2018-03-31", "netIncome": 11637813, "depreciation": 2025932, "changeToNetincome": 227582, "changeToLiabilities": 0, "changeToOperatingActivities": -10336932, "totalCashFromOperatingActivities": 3554395, "capitalExpenditures": -331618, "otherCashflowsFromInvestingActivities": 866011, "totalCashflowsFromInvestingActivities": -331618, "netBorrowings": -2292049, "otherCashflowsFromFinancingActivities": -712048, "totalCashFromFinancingActivities": -2292049, "changeInCash": 930728}, {"maxAge": 1, "endDate": "2017-03-31", "netIncome": 9516451, "depreciation": 2040188, "changeToNetincome": 3291178, "changeToLiabilities": 0, "changeToOperatingActivities": -25417847, "totalCashFromOperatingActivities": -10570030, "capitalExpenditures": -236599, "otherCashflowsFromInvestingActivities": 866011, "totalCashflowsFromInvestingActivities": -236599, "netBorrowings": -2705314, "otherCashflowsFromFinancingActivities": -712048, "totalCashFromFinancingActivities": -2705314, "changeInCash": -13511943}], "maxAge": 86400}, "institutionOwnership": {"maxAge": 1, "ownershipList": []}, "balanceSheetHistoryQuarterly": {"balanceSheetStatements": [{"maxAge": 1, "endDate": "2020-06-30", "totalStockholderEquity": 74108000, "netTangibleAssets": 74108000}, {"maxAge": 1, "endDate": "2020-03-31", "cash": 20930000, "shortTermInvestments": 2229000, "netReceivables": 223375000, "inventory": 46049000, "otherCurrentAssets": 25690000, "totalCurrentAssets": 318273000, "longTermInvestments": 7020000, "propertyPlantEquipment": 11193000, "otherAssets": 3452000, "deferredLongTermAssetCharges": 3453000, "totalAssets": 339938000, "accountsPayable": 223982000, "otherCurrentLiab": 34915000, "longTermDebt": 3248000, "otherLiab": 3685000, "totalCurrentLiabilities": 258897000, "totalLiab": 265830000, "commonStock": 65100000, "retainedEarnings": 9008000, "totalStockholderEquity": 74108000, "netTangibleAssets": 74108000}, {"maxAge": 1, "endDate": "2019-12-31", "totalStockholderEquity": 80426375, "netTangibleAssets": 80426375}, {"maxAge": 1, "endDate": "2019-09-30", "cash": 14571994, "shortTermInvestments": 3424604, "netReceivables": 239039652, "inventory": 48050009, "otherCurrentAssets": 15416103, "totalCurrentAssets": 320502362, "longTermInvestments": 7019544, "propertyPlantEquipment": 12402604, "totalAssets": 339924510, "accountsPayable": 222546329, "shortLongTermDebt": 310056, "otherCurrentLiab": 28782631, "longTermDebt": 4624385, "otherLiab": 3234734, "totalCurrentLiabilities": 251639016, "totalLiab": 259498135, "commonStock": 65100150, "retainedEarnings": 15326225, "treasuryStock": 15326225, "otherStockholderEquity": 15326225, "totalStockholderEquity": 80426375, "netTangibleAssets": 80426375}], "maxAge": 86400}, "indexTrend": {"maxAge": 1, "symbol": "SP5", "peRatio": 19.7411, "pegRatio": 1.34172, "estimates": [{"period": "0q", "growth": 0.549}, {"period": "+1q", "growth": 0.431}, {"period": "0y", "growth": 0.305}, {"period": "+1y", "growth": 0.109}, {"period": "+5y", "growth": 0.120859005}, {"period": "-5y"}]}, "insiderTransactions": {"transactions": [{"maxAge": 1, "shares": 31331, "filerUrl": "", "transactionText": "", "filerName": "Kalra (Harpreet Singh)", "filerRelation": "Director (Non-Executive)", "moneyText": "", "startDate": "2019-09-17", "ownership": "D"}, {"maxAge": 1, "shares": 1000, "filerUrl": "", "transactionText": "", "filerName": "Singh (Jasbir Kaira)", "filerRelation": "UNREPORTED", "moneyText": "", "startDate": "2019-09-17", "ownership": "D"}, {"maxAge": 1, "shares": 31602, "filerUrl": "", "transactionText": "", "filerName": "Dhir (Sanjay)", "filerRelation": "Chief Financial Officer", "moneyText": "", "startDate": "2019-08-22", "ownership": "D"}, {"maxAge": 1, "shares": 1000, "filerUrl": "", "transactionText": "", "filerName": "Himjyoti", "filerRelation": "UNREPORTED", "moneyText": "", "startDate": "2019-08-22", "ownership": "D"}, {"maxAge": 1, "shares": 1000, "filerUrl": "", "transactionText": "", "filerName": "Kaur (Harjinder)", "filerRelation": "UNREPORTED", "moneyText": "", "startDate": "2019-08-22", "ownership": "D"}, {"maxAge": 1, "shares": 31331, "filerUrl": "", "transactionText": "", "filerName": "Singal (Sanjeev Kumar)", "filerRelation": "Chairman of the Board", "moneyText": "", "startDate": "2019-08-22", "ownership": "D"}], "maxAge": 1}, "quoteType": {"exchange": "BSE", "quoteType": "EQUITY", "symbol": "ZENLABS.BO", "underlyingSymbol": "ZENLABS.BO", "shortName": "Zenlabs Ethica Limited", "longName": "Zenlabs Ethica Limited", "firstTradeDateEpochUtc": "2000-04-10 09:15:00", "timeZoneFullName": "Asia/Kolkata", "timeZoneShortName": "IST", "uuid": "47f51df2-f74e-31a6-af36-6263f1644490", "messageBoardId": null, "gmtOffSetMilliseconds": 19800000, "maxAge": 1}, "incomeStatementHistory": {"incomeStatementHistory": [{"maxAge": 1, "endDate": "2020-03-31", "totalRevenue": 599494000, "costOfRevenue": 494592000, "grossProfit": 104902000, "researchDevelopment": {}, "sellingGeneralAdministrative": 39704000, "nonRecurring": {}, "otherOperatingExpenses": 73699000, "totalOperatingExpenses": 610919000, "operatingIncome": -11425000, "totalOtherIncomeExpenseNet": -256000, "ebit": -11425000, "interestExpense": -777000, "incomeBeforeTax": -11681000, "incomeTaxExpense": -4354000, "minorityInterest": {}, "netIncomeFromContinuingOps": -7327000, "discontinuedOperations": {}, "extraordinaryItems": {}, "effectOfAccountingCharges": {}, "otherItems": {}, "netIncome": -7327000, "netIncomeApplicableToCommonShares": -7327000}, {"maxAge": 1, "endDate": "2019-03-31", "totalRevenue": 672952303, "costOfRevenue": 521151103, "grossProfit": 151801200, "researchDevelopment": {}, "sellingGeneralAdministrative": 55070127, "nonRecurring": {}, "otherOperatingExpenses": 75811407, "totalOperatingExpenses": 654284728, "operatingIncome": 18667575, "totalOtherIncomeExpenseNet": 233051, "ebit": 18667575, "interestExpense": -691911, "incomeBeforeTax": 18900626, "incomeTaxExpense": 6266235, "minorityInterest": {}, "netIncomeFromContinuingOps": 12634391, "discontinuedOperations": {}, "extraordinaryItems": {}, "effectOfAccountingCharges": {}, "otherItems": {}, "netIncome": 12634391, "netIncomeApplicableToCommonShares": 12634391}, {"maxAge": 1, "endDate": "2018-03-31", "totalRevenue": 718384397, "costOfRevenue": 571144191, "grossProfit": 147240206, "researchDevelopment": {}, "sellingGeneralAdministrative": 28004042, "nonRecurring": {}, "otherOperatingExpenses": 100695908, "totalOperatingExpenses": 701870073, "operatingIncome": 16514324, "totalOtherIncomeExpenseNet": 23489, "ebit": 16514324, "interestExpense": -877836, "incomeBeforeTax": 16537813, "incomeTaxExpense": 4900000, "minorityInterest": {}, "netIncomeFromContinuingOps": 11637813, "discontinuedOperations": {}, "extraordinaryItems": {}, "effectOfAccountingCharges": {}, "otherItems": {}, "netIncome": 11637813, "netIncomeApplicableToCommonShares": 11637813}, {"maxAge": 1, "endDate": "2017-03-31", "totalRevenue": 811591060, "costOfRevenue": 654594844, "grossProfit": 156996216, "researchDevelopment": {}, "sellingGeneralAdministrative": 65637692, "nonRecurring": {}, "otherOperatingExpenses": 76778331, "totalOperatingExpenses": 799051055, "operatingIncome": 12540005, "totalOtherIncomeExpenseNet": -260376, "ebit": 12540005, "interestExpense": -1003487, "incomeBeforeTax": 12279629, "incomeTaxExpense": 2763178, "minorityInterest": {}, "netIncomeFromContinuingOps": 9516451, "discontinuedOperations": {}, "extraordinaryItems": {}, "effectOfAccountingCharges": {}, "otherItems": {}, "netIncome": 9516451, "netIncomeApplicableToCommonShares": 9516451}], "maxAge": 86400}, "fundOwnership": {"maxAge": 1, "ownershipList": []}, "summaryDetail": {"maxAge": 1, "priceHint": 2, "previousClose": 24.1, "open": 24.75, "dayLow": 23.0, "dayHigh": 24.75, "regularMarketPreviousClose": 24.1, "regularMarketOpen": 24.75, "regularMarketDayLow": 23.0, "regularMarketDayHigh": 24.75, "volume": 4428, "regularMarketVolume": 4428, "averageVolume": 5874, "averageVolume10days": 3224, "averageDailyVolume10Day": 3224, "bid": 23.0, "ask": 23.65, "bidSize": 0, "askSize": 0, "marketCap": 155263984, "fiftyTwoWeekLow": 19.15, "fiftyTwoWeekHigh": 38.6, "fiftyDayAverage": 31.555714, "twoHundredDayAverage": 28.006205, "currency": "INR", "fromCurrency": null, "toCurrency": null, "lastMarket": null, "algorithm": null, "tradeable": false}, "incomeStatementHistoryQuarterly": {"incomeStatementHistory": [{"maxAge": 1, "endDate": "2020-06-30", "totalRevenue": 129606000, "costOfRevenue": 111109000, "grossProfit": 18497000, "researchDevelopment": {}, "sellingGeneralAdministrative": 7341000, "nonRecurring": {}, "otherOperatingExpenses": 10014000, "totalOperatingExpenses": 129034000, "operatingIncome": 572000, "totalOtherIncomeExpenseNet": 433000, "ebit": 572000, "interestExpense": -73000, "incomeBeforeTax": 1005000, "incomeTaxExpense": 0, "minorityInterest": {}, "netIncomeFromContinuingOps": 1005000, "discontinuedOperations": {}, "extraordinaryItems": {}, "effectOfAccountingCharges": {}, "otherItems": {}, "netIncome": 1005000, "netIncomeApplicableToCommonShares": 1005000}, {"maxAge": 1, "endDate": "2020-03-31", "totalRevenue": 152617000, "costOfRevenue": 133756000, "grossProfit": 18861000, "researchDevelopment": {}, "sellingGeneralAdministrative": 9463000, "nonRecurring": {}, "otherOperatingExpenses": 13380000, "totalOperatingExpenses": 157350000, "operatingIncome": -4733000, "totalOtherIncomeExpenseNet": -149000, "ebit": -4733000, "interestExpense": -149000, "incomeBeforeTax": -4882000, "incomeTaxExpense": -4354000, "minorityInterest": {}, "netIncomeFromContinuingOps": -528000, "discontinuedOperations": {}, "extraordinaryItems": {}, "effectOfAccountingCharges": {}, "otherItems": {}, "netIncome": -528000, "netIncomeApplicableToCommonShares": -528000}, {"maxAge": 1, "endDate": "2019-12-31", "totalRevenue": 145345000, "costOfRevenue": 117086000, "grossProfit": 28259000, "researchDevelopment": {}, "sellingGeneralAdministrative": 10009000, "nonRecurring": {}, "otherOperatingExpenses": 21551000, "totalOperatingExpenses": 149394000, "operatingIncome": -4049000, "totalOtherIncomeExpenseNet": 35000, "ebit": -4049000, "interestExpense": -221000, "incomeBeforeTax": -4014000, "incomeTaxExpense": 0, "minorityInterest": {}, "netIncomeFromContinuingOps": -4014000, "discontinuedOperations": {}, "extraordinaryItems": {}, "effectOfAccountingCharges": {}, "otherItems": {}, "netIncome": -4014000, "netIncomeApplicableToCommonShares": -4014000}, {"maxAge": 1, "endDate": "2019-09-30", "totalRevenue": 148686000, "costOfRevenue": 121226000, "grossProfit": 27460000, "researchDevelopment": {}, "sellingGeneralAdministrative": 8329000, "nonRecurring": {}, "otherOperatingExpenses": 21794000, "totalOperatingExpenses": 152073000, "operatingIncome": -3387000, "totalOtherIncomeExpenseNet": 11000, "ebit": -3387000, "interestExpense": -210000, "incomeBeforeTax": -3376000, "incomeTaxExpense": 233000, "minorityInterest": {}, "netIncomeFromContinuingOps": -3609000, "discontinuedOperations": {}, "extraordinaryItems": {}, "effectOfAccountingCharges": {}, "otherItems": {}, "netIncome": -3609000, "netIncomeApplicableToCommonShares": -3609000}], "maxAge": 86400}, "cashflowStatementHistoryQuarterly": {"cashflowStatements": [{"maxAge": 1, "endDate": "2020-06-30", "netIncome": 1005000, "changeToLiabilities": 0}, {"maxAge": 1, "endDate": "2020-03-31", "netIncome": -528000, "changeToLiabilities": 0}, {"maxAge": 1, "endDate": "2019-12-31", "netIncome": -4014000, "changeToLiabilities": 0}, {"maxAge": 1, "endDate": "2019-09-30", "netIncome": -3609000, "changeToLiabilities": 0}], "maxAge": 86400}, "insiderHolders": {"holders": [{"maxAge": 1, "name": "Dhir (Sanjay)", "relation": "Chief Financial Officer", "url": "", "transactionDescription": "Gift", "latestTransDate": "2019-08-22", "positionDirect": 678228, "positionDirectDate": "2019-08-22"}, {"maxAge": 1, "name": "Himjyoti", "relation": "UNREPORTED", "url": "", "transactionDescription": "Gift", "latestTransDate": "2019-08-22", "positionDirect": 1000, "positionDirectDate": "2019-08-22"}, {"maxAge": 1, "name": "Kalra (Harpreet Singh)", "relation": "Director (Non-Executive)", "url": "", "transactionDescription": "Gift", "latestTransDate": "2019-09-17", "positionDirect": 677957, "positionDirectDate": "2019-09-17"}, {"maxAge": 1, "name": "Kaur (Harjinder)", "relation": "UNREPORTED", "url": "", "transactionDescription": "Gift", "latestTransDate": "2019-08-22", "positionDirect": 1000, "positionDirectDate": "2019-08-22"}, {"maxAge": 1, "name": "Singal (Sanjeev Kumar)", "relation": "Chairman of the Board", "url": "", "transactionDescription": "Gift", "latestTransDate": "2019-08-22", "positionDirect": 677957, "positionDirectDate": "2019-08-22"}, {"maxAge": 1, "name": "Singh (Jasbir Kaira)", "relation": "UNREPORTED", "url": "", "transactionDescription": "Gift", "latestTransDate": "2019-09-17", "positionDirect": 1000, "positionDirectDate": "2019-09-17"}], "maxAge": 1}, "calendarEvents": {"maxAge": 1, "earnings": {"earningsDate": ["2020-09-08 05:30:S"]}}, "price": {"maxAge": 1, "regularMarketChangePercent": -0.010373443, "regularMarketChange": -0.25, "regularMarketTime": "2021-04-30 14:52:38", "priceHint": 2, "regularMarketPrice": 23.85, "regularMarketDayHigh": 24.75, "regularMarketDayLow": 23.0, "regularMarketVolume": 4428, "averageDailyVolume10Day": 3224, "averageDailyVolume3Month": 5874, "regularMarketPreviousClose": 24.1, "regularMarketSource": "FREE_REALTIME", "regularMarketOpen": 24.75, "exchange": "BSE", "exchangeName": "BSE", "exchangeDataDelayedBy": 0, "marketState": "CLOSED", "quoteType": "EQUITY", "symbol": "ZENLABS.BO", "underlyingSymbol": null, "shortName": "Zenlabs Ethica Limited", "longName": "Zenlabs Ethica Limited", "currency": "INR", "quoteSourceName": "Delayed Quote", "currencySymbol": "\u20b9", "fromCurrency": null, "toCurrency": null, "lastMarket": null, "marketCap": 155263984}, "balanceSheetHistory": {"balanceSheetStatements": [{"maxAge": 1, "endDate": "2020-03-31", "cash": 20930000, "shortTermInvestments": 2229000, "netReceivables": 223375000, "inventory": 46049000, "otherCurrentAssets": 25690000, "totalCurrentAssets": 318273000, "longTermInvestments": 7020000, "propertyPlantEquipment": 11193000, "otherAssets": 3452000, "deferredLongTermAssetCharges": 3453000, "totalAssets": 339938000, "accountsPayable": 223982000, "otherCurrentLiab": 34914000, "longTermDebt": 3248000, "otherLiab": 3686000, "totalCurrentLiabilities": 258896000, "totalLiab": 265830000, "commonStock": 65100000, "retainedEarnings": 9008000, "totalStockholderEquity": 74108000, "netTangibleAssets": 74108000}, {"maxAge": 1, "endDate": "2019-03-31", "cash": 16667483, "netReceivables": 252735423, "inventory": 44530777, "otherCurrentAssets": 13783279, "totalCurrentAssets": 328341979, "longTermInvestments": 7019544, "propertyPlantEquipment": 13581949, "otherAssets": 1, "totalAssets": 348943473, "accountsPayable": 229783045, "shortLongTermDebt": 3189636, "otherCurrentLiab": 10372587, "longTermDebt": 2794479, "otherLiab": 2628660, "totalCurrentLiabilities": 260747133, "totalLiab": 266170272, "commonStock": 65100150, "retainedEarnings": 17673051, "totalStockholderEquity": 82773201, "netTangibleAssets": 82773201}, {"maxAge": 1, "endDate": "2018-03-31", "cash": 12309427, "netReceivables": 246016489, "inventory": 17426251, "otherCurrentAssets": 810104, "totalCurrentAssets": 277100665, "longTermInvestments": 7019544, "propertyPlantEquipment": 13337204, "otherAssets": 775526, "deferredLongTermAssetCharges": 775525, "totalAssets": 298232939, "accountsPayable": 197044592, "shortLongTermDebt": 2306372, "otherCurrentLiab": 10377000, "longTermDebt": 3529058, "otherLiab": 1768046, "totalCurrentLiabilities": 222797024, "totalLiab": 228094128, "commonStock": 62000140, "retainedEarnings": 8138671, "totalStockholderEquity": 70138811, "netTangibleAssets": 70138811}, {"maxAge": 1, "endDate": "2017-03-31", "cash": 11378699, "netReceivables": 233962037, "inventory": 61686388, "otherCurrentAssets": 536809, "totalCurrentAssets": 308751272, "longTermInvestments": 9519544, "propertyPlantEquipment": 15031518, "otherAssets": 426265, "deferredLongTermAssetCharges": 426264, "totalAssets": 333728599, "accountsPayable": 244472759, "shortLongTermDebt": 2634230, "otherCurrentLiab": 10377000, "longTermDebt": 5821107, "otherLiab": 1607374, "totalCurrentLiabilities": 268375963, "totalLiab": 275804444, "commonStock": 62000140, "retainedEarnings": -4075985, "totalStockholderEquity": 57924155, "netTangibleAssets": 57924155}], "maxAge": 86400}, "financialData": {"maxAge": 86400, "currentPrice": 23.85, "recommendationKey": "none", "grossProfits": 104902000, "financialCurrency": "INR"}}}