{"ZENOTECH.BO": {"cashflowStatementHistory": {"cashflowStatements": [{"maxAge": 1, "endDate": "2020-03-31", "netIncome": 107775000, "depreciation": 48496000, "changeToNetincome": -68116000, "changeToAccountReceivables": 5011000, "changeToLiabilities": 6009000, "changeToInventory": 4901000, "changeToOperatingActivities": 9718000, "totalCashFromOperatingActivities": 113794000, "capitalExpenditures": -217470000, "otherCashflowsFromInvestingActivities": 9539000, "totalCashflowsFromInvestingActivities": -207931000, "netBorrowings": -15838000, "otherCashflowsFromFinancingActivities": -11167000, "totalCashFromFinancingActivities": -27005000, "changeInCash": -121143000}, {"maxAge": 1, "endDate": "2019-03-31", "netIncome": -31270000, "depreciation": 42020000, "changeToNetincome": -47338000, "changeToAccountReceivables": -23542000, "changeToLiabilities": 16184000, "changeToInventory": 2366000, "changeToOperatingActivities": -98854000, "totalCashFromOperatingActivities": -140434000, "capitalExpenditures": -180336000, "otherCashflowsFromInvestingActivities": 18482000, "totalCashflowsFromInvestingActivities": -161854000, "netBorrowings": 202400000, "otherCashflowsFromFinancingActivities": -52197000, "totalCashFromFinancingActivities": 150203000, "changeInCash": -152085000}, {"maxAge": 1, "endDate": "2018-03-31", "netIncome": -118510000, "depreciation": 39031000, "changeToNetincome": 4509000, "changeToAccountReceivables": -28000, "changeToLiabilities": 2790000, "changeToInventory": 1032000, "changeToOperatingActivities": -91337000, "totalCashFromOperatingActivities": -162513000, "capitalExpenditures": -38245000, "otherCashflowsFromInvestingActivities": 11708000, "totalCashflowsFromInvestingActivities": -26537000, "netBorrowings": -542760000, "otherCashflowsFromFinancingActivities": -186090000, "totalCashFromFinancingActivities": 468288000, "changeInCash": 279238000, "issuanceOfStock": 1197138000}, {"maxAge": 1, "endDate": "2017-03-31", "netIncome": -198687000, "depreciation": 38741000, "changeToNetincome": 57762000, "changeToAccountReceivables": 3462000, "changeToLiabilities": 8838000, "changeToInventory": 6610000, "changeToOperatingActivities": 99642000, "totalCashFromOperatingActivities": 16368000, "capitalExpenditures": -7077000, "otherCashflowsFromInvestingActivities": 226000, "totalCashflowsFromInvestingActivities": -6851000, "netBorrowings": -158000, "otherCashflowsFromFinancingActivities": -7064000, "totalCashFromFinancingActivities": -7222000, "changeInCash": 2295000, "issuanceOfStock": 1197138000}], "maxAge": 86400}, "institutionOwnership": {"maxAge": 1, "ownershipList": []}, "balanceSheetHistoryQuarterly": {"balanceSheetStatements": [{"maxAge": 1, "endDate": "2020-03-31", "cash": 10820000, "netReceivables": 20356000, "inventory": 1052000, "otherCurrentAssets": 24142000, "totalCurrentAssets": 57067000, "longTermInvestments": 4000, "propertyPlantEquipment": 778114000, "otherAssets": 20355000, "totalAssets": 855540000, "accountsPayable": 46023000, "otherLiab": 4890000, "totalCurrentLiabilities": 354360000, "totalLiab": 359250000, "commonStock": 610306000, "retainedEarnings": -2209447000, "capitalSurplus": 2095431000, "totalStockholderEquity": 496290000, "netTangibleAssets": 496290000}, {"maxAge": 1, "endDate": "2019-12-31", "totalStockholderEquity": 428582000, "netTangibleAssets": 428582000}, {"maxAge": 1, "endDate": "2019-09-30", "cash": 185485000, "netReceivables": 39835000, "inventory": 4860000, "otherCurrentAssets": 17946000, "totalCurrentAssets": 248126000, "longTermInvestments": 7060000, "propertyPlantEquipment": 680636000, "otherAssets": 50773000, "totalAssets": 986595000, "accountsPayable": 41275000, "otherLiab": 3925000, "totalCurrentLiabilities": 554088000, "totalLiab": 558013000, "commonStock": 610306000, "treasuryStock": -181724000, "otherStockholderEquity": -181724000, "totalStockholderEquity": 428582000, "netTangibleAssets": 428582000}, {"maxAge": 1, "endDate": "2019-06-30", "totalStockholderEquity": 388983000, "netTangibleAssets": 388983000}], "maxAge": 86400}, "indexTrend": {"maxAge": 1, "symbol": "SP5", "peRatio": 19.7411, "pegRatio": 1.34172, "estimates": [{"period": "0q", "growth": 0.549}, {"period": "+1q", "growth": 0.431}, {"period": "0y", "growth": 0.305}, {"period": "+1y", "growth": 0.109}, {"period": "+5y", "growth": 0.120859005}, {"period": "-5y"}]}, "insiderTransactions": {"transactions": [{"maxAge": 1, "shares": 1719709, "filerUrl": "", "transactionText": "", "filerName": "Chigurupati (Jayaram)", "filerRelation": "Managing Director", "moneyText": "", "startDate": "2010-09-09", "ownership": "D"}, {"maxAge": 1, "shares": 1719709, "filerUrl": "", "transactionText": "", "filerName": "Zenotech LLC", "filerRelation": "Institution- Corporation", "moneyText": "", "startDate": "2010-08-09", "ownership": "D"}, {"maxAge": 1, "shares": 139410, "filerUrl": "", "transactionText": "", "filerName": "Chigurupati (Jayaram)", "filerRelation": "Managing Director", "moneyText": "", "startDate": "2010-08-05", "ownership": "D"}, {"maxAge": 1, "shares": 50000, "filerUrl": "", "transactionText": "", "filerName": "Chigurupati (Jayaram)", "filerRelation": "Managing Director", "moneyText": "", "startDate": "2010-06-25", "ownership": "D"}, {"maxAge": 1, "shares": 39537, "filerUrl": "", "transactionText": "", "filerName": "Chigurupati (Jayaram)", "filerRelation": "Managing Director", "moneyText": "", "startDate": "2010-06-24", "ownership": "D"}, {"maxAge": 1, "shares": 23400, "filerUrl": "", "transactionText": "", "filerName": "Chigurupati (Jayaram)", "filerRelation": "Managing Director", "moneyText": "", "startDate": "2010-03-11", "ownership": "D"}, {"maxAge": 1, "shares": 5000, "filerUrl": "", "transactionText": "", "filerName": "Sharma (Vivek)", "filerRelation": "Chairman of the Board", "moneyText": "", "startDate": "2010-02-18", "ownership": "D"}, {"maxAge": 1, "shares": 13921, "filerUrl": "", "transactionText": "", "filerName": "Chigurupati (Jayaram)", "filerRelation": "Managing Director", "moneyText": "", "startDate": "2010-01-15", "ownership": "D"}, {"maxAge": 1, "shares": 20666, "filerUrl": "", "transactionText": "", "filerName": "Chigurupati (Jayaram)", "filerRelation": "Managing Director", "moneyText": "", "startDate": "2010-01-14", "ownership": "D"}, {"maxAge": 1, "shares": 20666, "filerUrl": "", "transactionText": "", "filerName": "Chigurupati (Jayaram)", "filerRelation": "Managing Director", "moneyText": "", "startDate": "2010-01-14", "ownership": "D"}], "maxAge": 1}, "quoteType": {"exchange": "BSE", "quoteType": "EQUITY", "symbol": "ZENOTECH.BO", "underlyingSymbol": "ZENOTECH.BO", "shortName": "ZENOTECH LABORATORIES LTD.", "longName": "Zenotech Laboratories Limited", "firstTradeDateEpochUtc": "2004-03-01 09:15:00", "timeZoneFullName": "Asia/Kolkata", "timeZoneShortName": "IST", "uuid": "3fb7f7a1-ebed-3514-93d0-3d94166a9b6d", "messageBoardId": null, "gmtOffSetMilliseconds": 19800000, "maxAge": 1}, "incomeStatementHistory": {"incomeStatementHistory": [{"maxAge": 1, "endDate": "2020-03-31", "totalRevenue": 259383000, "costOfRevenue": 5045000, "grossProfit": 254338000, "researchDevelopment": {}, "sellingGeneralAdministrative": 57924000, "nonRecurring": {}, "otherOperatingExpenses": 106617000, "totalOperatingExpenses": 218082000, "operatingIncome": 41301000, "totalOtherIncomeExpenseNet": 66474000, "ebit": 41301000, "interestExpense": -8925000, "incomeBeforeTax": 107775000, "incomeTaxExpense": 0, "minorityInterest": {}, "netIncomeFromContinuingOps": 107775000, "discontinuedOperations": {}, "extraordinaryItems": {}, "effectOfAccountingCharges": {}, "otherItems": {}, "netIncome": 107775000, "netIncomeApplicableToCommonShares": 107775000}, {"maxAge": 1, "endDate": "2019-03-31", "totalRevenue": 130291000, "costOfRevenue": 7174000, "grossProfit": 123117000, "researchDevelopment": {}, "sellingGeneralAdministrative": 50013000, "nonRecurring": {}, "otherOperatingExpenses": 105697000, "totalOperatingExpenses": 204904000, "operatingIncome": -74613000, "totalOtherIncomeExpenseNet": 43343000, "ebit": -74613000, "interestExpense": -1177000, "incomeBeforeTax": -31270000, "incomeTaxExpense": 0, "minorityInterest": {}, "netIncomeFromContinuingOps": -31270000, "discontinuedOperations": {}, "extraordinaryItems": {}, "effectOfAccountingCharges": {}, "otherItems": {}, "netIncome": -31270000, "netIncomeApplicableToCommonShares": -31270000}, {"maxAge": 1, "endDate": "2018-03-31", "totalRevenue": 111442000, "costOfRevenue": 7987000, "grossProfit": 103455000, "researchDevelopment": {}, "sellingGeneralAdministrative": 51160000, "nonRecurring": {}, "otherOperatingExpenses": 130458000, "totalOperatingExpenses": 228636000, "operatingIncome": -117194000, "totalOtherIncomeExpenseNet": -1316000, "ebit": -117194000, "interestExpense": -24460000, "incomeBeforeTax": -118510000, "incomeTaxExpense": 0, "minorityInterest": {}, "netIncomeFromContinuingOps": -118510000, "discontinuedOperations": {}, "extraordinaryItems": {}, "effectOfAccountingCharges": {}, "otherItems": {}, "netIncome": -118510000, "netIncomeApplicableToCommonShares": -118510000}, {"maxAge": 1, "endDate": "2017-03-31", "totalRevenue": 22542000, "costOfRevenue": 16688000, "grossProfit": 5854000, "researchDevelopment": {}, "sellingGeneralAdministrative": 30528000, "nonRecurring": {}, "otherOperatingExpenses": 79114000, "totalOperatingExpenses": 165071000, "operatingIncome": -142529000, "totalOtherIncomeExpenseNet": -56158000, "ebit": -142529000, "interestExpense": -74990000, "incomeBeforeTax": -198687000, "incomeTaxExpense": 0, "minorityInterest": {}, "netIncomeFromContinuingOps": -198687000, "discontinuedOperations": {}, "extraordinaryItems": {}, "effectOfAccountingCharges": {}, "otherItems": {}, "netIncome": -198687000, "netIncomeApplicableToCommonShares": -198687000}], "maxAge": 86400}, "fundOwnership": {"maxAge": 1, "ownershipList": []}, "summaryDetail": {"maxAge": 1, "priceHint": 2, "previousClose": 42.4, "open": 41.0, "dayLow": 40.75, "dayHigh": 43.45, "regularMarketPreviousClose": 42.4, "regularMarketOpen": 41.0, "regularMarketDayLow": 40.75, "regularMarketDayHigh": 43.45, "trailingPE": 24.575312, "volume": 14434, "regularMarketVolume": 14434, "averageVolume": 32973, "averageVolume10days": 71878, "averageDailyVolume10Day": 71878, "bid": 0.0, "ask": 43.4, "bidSize": 0, "askSize": 0, "marketCap": 2648728064, "fiftyTwoWeekLow": 12.0, "fiftyTwoWeekHigh": 45.65, "fiftyDayAverage": 33.794285, "twoHundredDayAverage": 31.377007, "currency": "INR", "fromCurrency": null, "toCurrency": null, "lastMarket": null, "algorithm": null, "tradeable": false}, "incomeStatementHistoryQuarterly": {"incomeStatementHistory": [{"maxAge": 1, "endDate": "2020-03-31", "totalRevenue": 53100000, "costOfRevenue": 26000, "grossProfit": 53074000, "researchDevelopment": {}, "sellingGeneralAdministrative": 13290000, "nonRecurring": {}, "otherOperatingExpenses": 27000000, "totalOperatingExpenses": 54055000, "operatingIncome": -955000, "totalOtherIncomeExpenseNet": 615000, "ebit": -955000, "interestExpense": -904000, "incomeBeforeTax": -340000, "incomeTaxExpense": 0, "minorityInterest": {}, "netIncomeFromContinuingOps": -340000, "discontinuedOperations": {}, "extraordinaryItems": {}, "effectOfAccountingCharges": {}, "otherItems": {}, "netIncome": -340000, "netIncomeApplicableToCommonShares": -340000}, {"maxAge": 1, "endDate": "2019-12-31", "totalRevenue": 65156000, "costOfRevenue": 3893000, "grossProfit": 61263000, "researchDevelopment": {}, "sellingGeneralAdministrative": 15787000, "nonRecurring": {}, "otherOperatingExpenses": 29104000, "totalOperatingExpenses": 61396000, "operatingIncome": 3760000, "totalOtherIncomeExpenseNet": 64795000, "ebit": 3760000, "interestExpense": -2293000, "incomeBeforeTax": 68555000, "incomeTaxExpense": 0, "minorityInterest": {}, "netIncomeFromContinuingOps": 68555000, "discontinuedOperations": {}, "extraordinaryItems": {}, "effectOfAccountingCharges": {}, "otherItems": {}, "netIncome": 68555000, "netIncomeApplicableToCommonShares": 68555000}, {"maxAge": 1, "endDate": "2019-09-30", "totalRevenue": 71380000, "costOfRevenue": 3000, "grossProfit": 71377000, "researchDevelopment": {}, "sellingGeneralAdministrative": 14863000, "nonRecurring": {}, "otherOperatingExpenses": 25020000, "totalOperatingExpenses": 51165000, "operatingIncome": 20215000, "totalOtherIncomeExpenseNet": 780000, "ebit": 20215000, "interestExpense": -3162000, "incomeBeforeTax": 20995000, "incomeTaxExpense": 0, "minorityInterest": {}, "netIncomeFromContinuingOps": 20995000, "discontinuedOperations": {}, "extraordinaryItems": {}, "effectOfAccountingCharges": {}, "otherItems": {}, "netIncome": 20995000, "netIncomeApplicableToCommonShares": 20995000}, {"maxAge": 1, "endDate": "2019-06-30", "totalRevenue": 69747000, "costOfRevenue": 1123000, "grossProfit": 68624000, "researchDevelopment": {}, "sellingGeneralAdministrative": 13983000, "nonRecurring": {}, "otherOperatingExpenses": 25493000, "totalOperatingExpenses": 51465000, "operatingIncome": 18282000, "totalOtherIncomeExpenseNet": 284000, "ebit": 18282000, "interestExpense": -2566000, "incomeBeforeTax": 18566000, "incomeTaxExpense": 0, "minorityInterest": {}, "netIncomeFromContinuingOps": 18566000, "discontinuedOperations": {}, "extraordinaryItems": {}, "effectOfAccountingCharges": {}, "otherItems": {}, "netIncome": 18566000, "netIncomeApplicableToCommonShares": 18566000}], "maxAge": 86400}, "cashflowStatementHistoryQuarterly": {"cashflowStatements": [{"maxAge": 1, "endDate": "2020-03-31", "netIncome": -340000, "changeToLiabilities": 0}, {"maxAge": 1, "endDate": "2019-12-31", "netIncome": 68555000, "changeToLiabilities": 0}, {"maxAge": 1, "endDate": "2019-09-30", "netIncome": 20995000, "changeToLiabilities": 0}, {"maxAge": 1, "endDate": "2019-06-30", "netIncome": 18566000, "changeToLiabilities": 0}], "maxAge": 86400}, "insiderHolders": {"holders": [{"maxAge": 1, "name": "Chigurupati (Jayaram)", "relation": "Managing Director", "url": "", "transactionDescription": "Sale", "latestTransDate": "2010-09-09", "positionDirect": 4850337, "positionDirectDate": "2010-09-09"}, {"maxAge": 1, "name": "Sharma (Vivek)", "relation": "Chairman of the Board", "url": "", "transactionDescription": "Sale", "latestTransDate": "2010-02-18", "positionDirect": 3377975, "positionDirectDate": "2010-02-18"}, {"maxAge": 1, "name": "Zenotech LLC", "relation": "Institution- Corporation", "url": "", "transactionDescription": "Sale", "latestTransDate": "2010-08-09", "positionDirect": 692791, "positionDirectDate": "2010-08-09"}], "maxAge": 1}, "calendarEvents": {"maxAge": 1, "earnings": {"earningsDate": []}}, "price": {"maxAge": 1, "regularMarketChangePercent": 0.023584904, "regularMarketChange": 1.0, "regularMarketTime": "2021-04-30 15:54:58", "priceHint": 2, "regularMarketPrice": 43.4, "regularMarketDayHigh": 43.45, "regularMarketDayLow": 40.75, "regularMarketVolume": 14434, "averageDailyVolume10Day": 71878, "averageDailyVolume3Month": 32973, "regularMarketPreviousClose": 42.4, "regularMarketSource": "FREE_REALTIME", "regularMarketOpen": 41.0, "exchange": "BSE", "exchangeName": "BSE", "exchangeDataDelayedBy": 0, "marketState": "CLOSED", "quoteType": "EQUITY", "symbol": "ZENOTECH.BO", "underlyingSymbol": null, "shortName": "ZENOTECH LABORATORIES LTD.", "longName": "Zenotech Laboratories Limited", "currency": "INR", "quoteSourceName": "Delayed Quote", "currencySymbol": "\u20b9", "fromCurrency": null, "toCurrency": null, "lastMarket": null, "marketCap": 2648728064}, "balanceSheetHistory": {"balanceSheetStatements": [{"maxAge": 1, "endDate": "2020-03-31", "cash": 10820000, "netReceivables": 20356000, "inventory": 1052000, "otherCurrentAssets": 24142000, "totalCurrentAssets": 57067000, "longTermInvestments": 4000, "propertyPlantEquipment": 778114000, "otherAssets": 20355000, "totalAssets": 855540000, "accountsPayable": 46023000, "otherLiab": 4890000, "totalCurrentLiabilities": 354360000, "totalLiab": 359250000, "commonStock": 610306000, "retainedEarnings": -2209447000, "capitalSurplus": 2095431000, "totalStockholderEquity": 496290000, "netTangibleAssets": 496290000}, {"maxAge": 1, "endDate": "2019-03-31", "cash": 131963000, "netReceivables": 27981000, "inventory": 6265000, "otherCurrentAssets": 25148000, "totalCurrentAssets": 191943000, "longTermInvestments": 4000, "propertyPlantEquipment": 600600000, "otherAssets": 53286000, "totalAssets": 845833000, "accountsPayable": 41153000, "otherCurrentLiab": 33427000, "otherLiab": 3372000, "totalCurrentLiabilities": 453478000, "totalLiab": 456850000, "commonStock": 610306000, "retainedEarnings": -2316754000, "treasuryStock": -221323000, "capitalSurplus": 2095431000, "otherStockholderEquity": -221323000, "totalStockholderEquity": 388983000, "netTangibleAssets": 388983000}, {"maxAge": 1, "endDate": "2018-03-31", "cash": 284048000, "netReceivables": 5041000, "inventory": 9014000, "otherCurrentAssets": 15652000, "totalCurrentAssets": 314204000, "longTermInvestments": 40000, "propertyPlantEquipment": 467548000, "otherAssets": 35621000, "totalAssets": 817413000, "accountsPayable": 54132000, "otherCurrentLiab": 1929000, "otherLiab": 2770000, "totalCurrentLiabilities": 394467000, "totalLiab": 397237000, "commonStock": 610306000, "retainedEarnings": -2285561000, "capitalSurplus": 2095431000, "totalStockholderEquity": 420176000, "netTangibleAssets": 420176000}, {"maxAge": 1, "endDate": "2017-03-31", "cash": 4810000, "netReceivables": 1109000, "inventory": 9797000, "otherCurrentAssets": 2051000, "totalCurrentAssets": 18184000, "propertyPlantEquipment": 468334000, "otherAssets": 20955000, "totalAssets": 507473000, "accountsPayable": 51342000, "shortLongTermDebt": 30760000, "otherCurrentLiab": 1672000, "otherLiab": 2388000, "totalCurrentLiabilities": 1164150000, "totalLiab": 1166538000, "commonStock": 344275000, "retainedEarnings": -2167664000, "capitalSurplus": 1164324000, "totalStockholderEquity": -659065000, "netTangibleAssets": -659065000}], "maxAge": 86400}, "financialData": {"maxAge": 86400, "currentPrice": 43.4, "recommendationKey": "none", "grossProfits": 254338000, "financialCurrency": "INR"}}}