{"ZODJRDMKJ.NS": {"assetProfile": {"address1": "Opera House", "address2": "910 Parekh Market 39 J.S.S. Road Opposite Kennedy Bridge", "city": "Mumbai", "zip": "400004", "country": "India", "phone": "91 22 2386 6471", "fax": "91 22 2380 0038", "website": "http://www.zodiacjrdmkjltd.com", "industry": "Luxury Goods", "sector": "Consumer Cyclical", "longBusinessSummary": "Zodiac-JRD-MKJ Limited imports, exports, manufactures, trades in, and sells cut and polished diamonds, and studded gold and diamond jewelry in India. It also offers precious stones and semi-precious stones. The company was incorporated in 1987 and is based in Mumbai, India.", "companyOfficers": [{"maxAge": 1, "name": "Mr. Jayesh Jayantilal Jhaveri", "age": 64, "title": "MD & Exec. Director", "yearBorn": 1956, "fiscalYear": 2020, "totalPay": 669576, "exercisedValue": 0, "unexercisedValue": 0}, {"maxAge": 1, "name": "Mr. Devang Rajnikant Jhaveri", "age": 50, "title": "Whole Time Director", "yearBorn": 1970, "fiscalYear": 2020, "totalPay": 535721, "exercisedValue": 0, "unexercisedValue": 0}, {"maxAge": 1, "name": "Mr. Mitesh  Temgire", "title": "CFO & Director", "exercisedValue": 0, "unexercisedValue": 0}, {"maxAge": 1, "name": "Mr. Tejas  Shah", "title": "Company Sec. & Compliance Officer", "exercisedValue": 0, "unexercisedValue": 0}], "compensationAsOfEpochDate": "2020-12-31 05:30:00", "maxAge": 86400}, "cashflowStatementHistory": {"cashflowStatements": [{"maxAge": 1, "endDate": "2020-03-31", "netIncome": 4940011, "depreciation": 343068, "changeToNetincome": -3829206, "changeToLiabilities": 0, "changeToOperatingActivities": -16796192, "totalCashFromOperatingActivities": -15342319, "investments": 1073595, "otherCashflowsFromInvestingActivities": 13608, "totalCashflowsFromInvestingActivities": 1087203, "changeInCash": -14255116}, {"maxAge": 1, "endDate": "2019-03-31", "netIncome": 15050945, "depreciation": 494491, "changeToNetincome": -12076468, "changeToLiabilities": 0, "changeToOperatingActivities": -17863307, "totalCashFromOperatingActivities": -14394339, "capitalExpenditures": -8500, "investments": 48600403, "otherCashflowsFromInvestingActivities": 402849, "totalCashflowsFromInvestingActivities": 49044752, "dividendsPaid": -2588873, "otherCashflowsFromFinancingActivities": -532093, "totalCashFromFinancingActivities": -3120966, "changeInCash": 31529447}, {"maxAge": 1, "endDate": "2018-03-31", "netIncome": 7252275, "depreciation": 660374, "changeToNetincome": -14396375, "changeToLiabilities": 0, "changeToOperatingActivities": -17503710, "totalCashFromOperatingActivities": -23987436, "capitalExpenditures": -8500, "investments": 22648872, "otherCashflowsFromInvestingActivities": 1525581, "totalCashflowsFromInvestingActivities": 24174453, "dividendsPaid": -2588591, "otherCashflowsFromFinancingActivities": -526985, "totalCashFromFinancingActivities": -3115576, "changeInCash": -2928559}, {"maxAge": 1, "endDate": "2017-03-31", "netIncome": 12759441, "depreciation": 606785, "changeToNetincome": -10361239, "changeToLiabilities": 0, "changeToOperatingActivities": -8010563, "totalCashFromOperatingActivities": -5005576, "capitalExpenditures": -298600, "investments": 1778407, "otherCashflowsFromInvestingActivities": 8961662, "totalCashflowsFromInvestingActivities": 10441469, "dividendsPaid": -2588808, "otherCashflowsFromFinancingActivities": -526985, "totalCashFromFinancingActivities": -3115793, "changeInCash": 2320100}], "maxAge": 86400}, "institutionOwnership": {"ownershipList": [], "maxAge": 1}, "majorHoldersBreakdown": {"maxAge": 1, "insidersPercentHeld": 0.81092, "institutionsPercentHeld": 0.0, "institutionsFloatPercentHeld": 0.0, "institutionsCount": 0}, "balanceSheetHistoryQuarterly": {"balanceSheetStatements": [{"maxAge": 1, "endDate": "2020-12-31", "totalStockholderEquity": 670887000, "netTangibleAssets": 670887000}, {"maxAge": 1, "endDate": "2020-09-30", "cash": 30759000, "shortTermInvestments": 28149000, "netReceivables": 101448000, "inventory": 501999000, "otherCurrentAssets": 1520000, "totalCurrentAssets": 663875000, "longTermInvestments": 12514000, "propertyPlantEquipment": 2740000, "otherAssets": 2472000, "deferredLongTermAssetCharges": 254000, "totalAssets": 681601000, "accountsPayable": 8201000, "otherCurrentLiab": 674000, "otherLiab": 1605000, "totalCurrentLiabilities": 9109000, "totalLiab": 10714000, "commonStock": 51772000, "treasuryStock": 619115000, "otherStockholderEquity": 619115000, "totalStockholderEquity": 670887000, "netTangibleAssets": 670887000}, {"maxAge": 1, "endDate": "2020-06-30", "totalStockholderEquity": 668381000, "netTangibleAssets": 668381000}, {"maxAge": 1, "endDate": "2020-03-31", "cash": 20741836, "netReceivables": 99709391, "inventory": 498525893, "otherCurrentAssets": 889077, "totalCurrentAssets": 657514200, "longTermInvestments": 18305936, "propertyPlantEquipment": 2850067, "otherAssets": 3229797, "totalAssets": 681900000, "accountsPayable": 9538041, "otherCurrentLiab": 1235564, "otherLiab": 1862997, "totalCurrentLiabilities": 11656644, "totalLiab": 13519641, "commonStock": 51771820, "retainedEarnings": 578952488, "treasuryStock": 156051, "capitalSurplus": 37500000, "otherStockholderEquity": 156051, "totalStockholderEquity": 668380359, "netTangibleAssets": 668380359}], "maxAge": 86400}, "indexTrend": {"maxAge": 1, "symbol": "SP5", "peRatio": 19.7411, "pegRatio": 1.34172, "estimates": [{"period": "0q", "growth": 0.549}, {"period": "+1q", "growth": 0.431}, {"period": "0y", "growth": 0.305}, {"period": "+1y", "growth": 0.109}, {"period": "+5y", "growth": 0.120865}, {"period": "-5y"}]}, "defaultKeyStatistics": {"maxAge": 1, "priceHint": 2, "enterpriseValue": 79213144, "profitMargins": 0.04847, "floatShares": 742414, "sharesOutstanding": 5177180, "heldPercentInsiders": 0.81092, "heldPercentInstitutions": 0.0, "beta": 0.684787, "category": null, "bookValue": 131.338, "priceToBook": 0.20900273, "fundFamily": null, "legalType": null, "lastFiscalYearEnd": "2020-03-31 05:30:00", "nextFiscalYearEnd": "2022-03-31 05:30:00", "mostRecentQuarter": "2020-12-31 05:30:00", "earningsQuarterlyGrowth": -0.124, "netIncomeToCommon": 4219011, "trailingEps": 0.81, "lastSplitFactor": null, "enterpriseToRevenue": 0.91, "enterpriseToEbitda": 26.751}, "summaryProfile": {"address1": "Opera House", "address2": "910 Parekh Market 39 J.S.S. Road Opposite Kennedy Bridge", "city": "Mumbai", "zip": "400004", "country": "India", "phone": "91 22 2386 6471", "fax": "91 22 2380 0038", "website": "http://www.zodiacjrdmkjltd.com", "industry": "Luxury Goods", "sector": "Consumer Cyclical", "longBusinessSummary": "Zodiac-JRD-MKJ Limited imports, exports, manufactures, trades in, and sells cut and polished diamonds, and studded gold and diamond jewelry in India. It also offers precious stones and semi-precious stones. The company was incorporated in 1987 and is based in Mumbai, India.", "companyOfficers": [], "maxAge": 86400}, "netSharePurchaseActivity": {"maxAge": 1, "period": "6m", "buyInfoCount": 0, "buyInfoShares": 0, "sellInfoCount": 0, "netInfoCount": 0, "netInfoShares": 0, "netPercentInsiderShares": 0.0, "totalInsiderShares": 4163762}, "insiderTransactions": {"transactions": [{"maxAge": 1, "shares": 12000, "filerUrl": "", "transactionText": "", "filerName": "Jhaveri (Kanchanben Rameshchandra)", "filerRelation": "Promoter", "moneyText": "", "startDate": "2018-08-30", "ownership": "D"}], "maxAge": 1}, "quoteType": {"exchange": "NSI", "quoteType": "EQUITY", "symbol": "ZODJRDMKJ.NS", "underlyingSymbol": "ZODJRDMKJ.NS", "shortName": "ZODIAC JRD-MKJ", "longName": "Zodiac-JRD-MKJ Limited", "firstTradeDateEpochUtc": "2002-07-01 09:15:00", "timeZoneFullName": "Asia/Kolkata", "timeZoneShortName": "IST", "uuid": "d971ea17-7a96-3f56-aefb-c415c586d25e", "gmtOffSetMilliseconds": 19800000, "maxAge": 1}, "incomeStatementHistory": {"incomeStatementHistory": [{"maxAge": 1, "endDate": "2020-03-31", "totalRevenue": 125422193, "costOfRevenue": 116085480, "grossProfit": 9336713, "researchDevelopment": {}, "sellingGeneralAdministrative": 3182790, "nonRecurring": {}, "otherOperatingExpenses": 3636180, "totalOperatingExpenses": 123247518, "operatingIncome": 2174675, "totalOtherIncomeExpenseNet": 4920163, "ebit": 2174675, "interestExpense": {}, "incomeBeforeTax": 7094838, "incomeTaxExpense": 2154827, "minorityInterest": {}, "netIncomeFromContinuingOps": 4940011, "discontinuedOperations": {}, "extraordinaryItems": {}, "effectOfAccountingCharges": {}, "otherItems": {}, "netIncome": 4940011, "netIncomeApplicableToCommonShares": 4940011}, {"maxAge": 1, "endDate": "2019-03-31", "totalRevenue": 148487698, "costOfRevenue": 136838252, "grossProfit": 11649446, "researchDevelopment": {}, "sellingGeneralAdministrative": 3301575, "nonRecurring": {}, "otherOperatingExpenses": 3884458, "totalOperatingExpenses": 144518776, "operatingIncome": 3968922, "totalOtherIncomeExpenseNet": 15621376, "ebit": 3968922, "interestExpense": {}, "incomeBeforeTax": 19590298, "incomeTaxExpense": 4539353, "minorityInterest": {}, "netIncomeFromContinuingOps": 15050945, "discontinuedOperations": {}, "extraordinaryItems": {}, "effectOfAccountingCharges": {}, "otherItems": {}, "netIncome": 15050945, "netIncomeApplicableToCommonShares": 15050945}, {"maxAge": 1, "endDate": "2018-03-31", "totalRevenue": 199976014, "costOfRevenue": 189721661, "grossProfit": 10254353, "researchDevelopment": {}, "sellingGeneralAdministrative": 3255120, "nonRecurring": {}, "otherOperatingExpenses": 10380377, "totalOperatingExpenses": 204017532, "operatingIncome": -4041518, "totalOtherIncomeExpenseNet": 11126333, "ebit": -4041518, "interestExpense": {}, "incomeBeforeTax": 7084815, "incomeTaxExpense": -167460, "minorityInterest": {}, "netIncomeFromContinuingOps": 7252275, "discontinuedOperations": {}, "extraordinaryItems": {}, "effectOfAccountingCharges": {}, "otherItems": {}, "netIncome": 7252275, "netIncomeApplicableToCommonShares": 7252275}, {"maxAge": 1, "endDate": "2017-03-31", "totalRevenue": 180624591, "costOfRevenue": 149437635, "grossProfit": 31186956, "researchDevelopment": {}, "sellingGeneralAdministrative": 2836361, "nonRecurring": {}, "otherOperatingExpenses": 20723077, "totalOperatingExpenses": 173603858, "operatingIncome": 7020733, "totalOtherIncomeExpenseNet": 9643692, "ebit": 7020733, "interestExpense": {}, "incomeBeforeTax": 16664425, "incomeTaxExpense": 3904984, "minorityInterest": {}, "netIncomeFromContinuingOps": 12759441, "discontinuedOperations": {}, "extraordinaryItems": {}, "effectOfAccountingCharges": {}, "otherItems": {}, "netIncome": 12759441, "netIncomeApplicableToCommonShares": 12759441}], "maxAge": 86400}, "fundOwnership": {"ownershipList": [], "maxAge": 1}, "summaryDetail": {"maxAge": 1, "priceHint": 2, "previousClose": 26.9, "open": 26.4, "dayLow": 26.05, "dayHigh": 27.7, "regularMarketPreviousClose": 26.9, "regularMarketOpen": 26.4, "regularMarketDayLow": 26.05, "regularMarketDayHigh": 27.7, "exDividendDate": "2018-09-10 05:30:00", "payoutRatio": 0.0, "beta": 0.684787, "trailingPE": 33.88889, "volume": 1375, "regularMarketVolume": 1375, "averageVolume": 3042, "averageVolume10days": 1477, "averageDailyVolume10Day": 1477, "bid": 0.0, "ask": 0.0, "bidSize": 0, "askSize": 0, "marketCap": 140792976, "fiftyTwoWeekLow": 16.8, "fiftyTwoWeekHigh": 39.5, "priceToSalesTrailing12Months": 1.6176186, "fiftyDayAverage": 27.151516, "twoHundredDayAverage": 26.356071, "trailingAnnualDividendRate": 0.5, "trailingAnnualDividendYield": 0.01858736, "currency": "INR", "fromCurrency": null, "lastMarket": null, "algorithm": null, "tradeable": false}, "incomeStatementHistoryQuarterly": {"incomeStatementHistory": [{"maxAge": 1, "endDate": "2020-12-31", "totalRevenue": 29945000, "costOfRevenue": 25590000, "grossProfit": 4355000, "researchDevelopment": {}, "sellingGeneralAdministrative": 692000, "nonRecurring": {}, "otherOperatingExpenses": 830000, "totalOperatingExpenses": 27170000, "operatingIncome": 2775000, "totalOtherIncomeExpenseNet": 423000, "ebit": 2775000, "interestExpense": {}, "incomeBeforeTax": 3198000, "incomeTaxExpense": 1863000, "minorityInterest": {}, "netIncomeFromContinuingOps": 1335000, "discontinuedOperations": {}, "extraordinaryItems": {}, "effectOfAccountingCharges": {}, "otherItems": {}, "netIncome": 1335000, "netIncomeApplicableToCommonShares": 1335000}, {"maxAge": 1, "endDate": "2020-09-30", "totalRevenue": 16526000, "costOfRevenue": 13429000, "grossProfit": 3097000, "researchDevelopment": {}, "sellingGeneralAdministrative": 763000, "nonRecurring": {}, "otherOperatingExpenses": 946000, "totalOperatingExpenses": 15196000, "operatingIncome": 1330000, "totalOtherIncomeExpenseNet": 749000, "ebit": 1330000, "interestExpense": {}, "incomeBeforeTax": 2079000, "incomeTaxExpense": 189000, "minorityInterest": {}, "netIncomeFromContinuingOps": 1890000, "discontinuedOperations": {}, "extraordinaryItems": {}, "effectOfAccountingCharges": {}, "otherItems": {}, "netIncome": 1890000, "netIncomeApplicableToCommonShares": 1890000}, {"maxAge": 1, "endDate": "2020-06-30", "totalRevenue": 0, "costOfRevenue": 0, "grossProfit": 0, "researchDevelopment": {}, "sellingGeneralAdministrative": 703000, "nonRecurring": {}, "otherOperatingExpenses": 416000, "totalOperatingExpenses": 1177000, "operatingIncome": -1177000, "totalOtherIncomeExpenseNet": 1210000, "ebit": -1177000, "interestExpense": {}, "incomeBeforeTax": 33000, "incomeTaxExpense": -579000, "minorityInterest": {}, "netIncomeFromContinuingOps": 612000, "discontinuedOperations": {}, "extraordinaryItems": {}, "effectOfAccountingCharges": {}, "otherItems": {}, "netIncome": 612000, "netIncomeApplicableToCommonShares": 612000}, {"maxAge": 1, "endDate": "2020-03-31", "totalRevenue": 40567193, "costOfRevenue": 38910480, "grossProfit": 1656713, "researchDevelopment": {}, "sellingGeneralAdministrative": 975790, "nonRecurring": {}, "otherOperatingExpenses": 792180, "totalOperatingExpenses": 40762518, "operatingIncome": -195325, "totalOtherIncomeExpenseNet": 570163, "ebit": -195325, "interestExpense": {}, "incomeBeforeTax": 374838, "incomeTaxExpense": -7173, "minorityInterest": {}, "netIncomeFromContinuingOps": 382011, "discontinuedOperations": {}, "extraordinaryItems": {}, "effectOfAccountingCharges": {}, "otherItems": {}, "netIncome": 382011, "netIncomeApplicableToCommonShares": 382011}], "maxAge": 86400}, "cashflowStatementHistoryQuarterly": {"cashflowStatements": [{"maxAge": 1, "endDate": "2020-12-31", "netIncome": 1335000, "changeToLiabilities": 0}, {"maxAge": 1, "endDate": "2020-09-30", "netIncome": 1890000, "changeToLiabilities": 0}, {"maxAge": 1, "endDate": "2020-06-30", "netIncome": 612000, "changeToLiabilities": 0}, {"maxAge": 1, "endDate": "2020-03-31", "netIncome": 382011, "changeToLiabilities": 0}], "maxAge": 86400}, "insiderHolders": {"holders": [{"maxAge": 1, "name": "Jhaveri (Kanchanben Rameshchandra)", "relation": "Promoter", "url": "", "transactionDescription": "Sale", "latestTransDate": "2018-08-30", "positionDirect": 387214, "positionDirectDate": "2018-08-30"}], "maxAge": 1}, "calendarEvents": {"maxAge": 1, "earnings": {"earningsDate": []}, "exDividendDate": "2018-09-10 05:30:00"}, "upgradeDowngradeHistory": {"history": [], "maxAge": 86400}, "price": {"maxAge": 1, "regularMarketChangePercent": 0.02044614, "regularMarketChange": 0.55000114, "regularMarketTime": "2021-04-30 15:27:42", "priceHint": 2, "regularMarketPrice": 27.45, "regularMarketDayHigh": 27.7, "regularMarketDayLow": 26.05, "regularMarketVolume": 1375, "averageDailyVolume10Day": 1477, "averageDailyVolume3Month": 3042, "regularMarketPreviousClose": 26.9, "regularMarketSource": "FREE_REALTIME", "regularMarketOpen": 26.4, "exchange": "NSI", "exchangeName": "NSE", "exchangeDataDelayedBy": 15, "marketState": "CLOSED", "quoteType": "EQUITY", "symbol": "ZODJRDMKJ.NS", "underlyingSymbol": null, "shortName": "ZODIAC JRD-MKJ", "longName": "Zodiac-JRD-MKJ Limited", "currency": "INR", "quoteSourceName": "Delayed Quote", "currencySymbol": "\u20b9", "fromCurrency": null, "lastMarket": null, "marketCap": 140792976}, "balanceSheetHistory": {"balanceSheetStatements": [{"maxAge": 1, "endDate": "2020-03-31", "cash": 20741836, "netReceivables": 99709391, "inventory": 498525893, "otherCurrentAssets": 889077, "totalCurrentAssets": 657514200, "longTermInvestments": 18305936, "propertyPlantEquipment": 2850067, "otherAssets": 3229797, "totalAssets": 681900000, "accountsPayable": 9538041, "otherCurrentLiab": 1235564, "otherLiab": 1862997, "totalCurrentLiabilities": 11656644, "totalLiab": 13519641, "commonStock": 51771820, "retainedEarnings": 578952488, "treasuryStock": 156051, "capitalSurplus": 37500000, "otherStockholderEquity": 156051, "totalStockholderEquity": 668380359, "netTangibleAssets": 668380359}, {"maxAge": 1, "endDate": "2019-03-31", "cash": 34996953, "netReceivables": 118148232, "inventory": 462888033, "otherCurrentAssets": 861493, "totalCurrentAssets": 617465931, "longTermInvestments": 51752950, "propertyPlantEquipment": 3193135, "otherAssets": 3916845, "deferredLongTermAssetCharges": 793112, "totalAssets": 676328861, "accountsPayable": 7900044, "otherCurrentLiab": 2978966, "otherLiab": 1344024, "totalCurrentLiabilities": 11554469, "totalLiab": 12898493, "commonStock": 51771820, "retainedEarnings": 574012477, "treasuryStock": 146071, "capitalSurplus": 37500000, "otherStockholderEquity": 146071, "totalStockholderEquity": 663430368, "netTangibleAssets": 663430368}, {"maxAge": 1, "endDate": "2018-03-31", "cash": 3467505, "netReceivables": 143561412, "inventory": 423952228, "otherCurrentAssets": 1255184, "totalCurrentAssets": 609900361, "longTermInvestments": 48101354, "propertyPlantEquipment": 3731492, "otherAssets": 4594315, "deferredLongTermAssetCharges": 1087834, "totalAssets": 666327522, "accountsPayable": 12886876, "otherCurrentLiab": 100000, "otherLiab": 1233524, "totalCurrentLiabilities": 13642228, "totalLiab": 14875752, "commonStock": 51771820, "retainedEarnings": 562082499, "treasuryStock": 97451, "capitalSurplus": 37500000, "otherStockholderEquity": 97451, "totalStockholderEquity": 651451770, "netTangibleAssets": 651451770}, {"maxAge": 1, "endDate": "2017-03-31", "cash": 6396064, "shortTermInvestments": 98462950, "netReceivables": 168301319, "inventory": 388690603, "otherCurrentAssets": 897598, "totalCurrentAssets": 662843737, "propertyPlantEquipment": 4391866, "otherAssets": 263356, "totalAssets": 667498959, "accountsPayable": 18103219, "otherCurrentLiab": 100000, "otherLiab": 1247577, "totalCurrentLiabilities": 19033762, "totalLiab": 20281339, "commonStock": 51771820, "retainedEarnings": 557945800, "capitalSurplus": 37500000, "totalStockholderEquity": 647217620, "netTangibleAssets": 647217620}], "maxAge": 86400}, "financialData": {"maxAge": 86400, "currentPrice": 27.45, "recommendationKey": "none", "totalCash": 58908000, "totalCashPerShare": 11.473, "ebitda": 2961176, "totalDebt": 0, "totalRevenue": 87037192, "revenuePerShare": 16.798, "grossProfits": 9336713, "earningsGrowth": -0.103, "revenueGrowth": 0.677, "grossMargins": 0.10463, "ebitdaMargins": 0.03402, "operatingMargins": 0.03139, "profitMargins": 0.04847, "financialCurrency": "INR"}}}