{"ZOTA.NS": {"assetProfile": {"address1": "Zota House", "address2": "2/896, Hira Modi Street Sagrampura", "city": "Surat", "zip": "395002", "country": "India", "phone": "91 26 1233 1601", "website": "http://www.zotahealthcare.com", "industry": "Biotechnology", "sector": "Healthcare", "longBusinessSummary": "Zota Health Care Limited manufactures and markets pharmaceutical products in India. The company offers generic drugs, OTC pharmaceutical products, ayurvedic products, and nutraceutical products. As of December 30, 2020, it operated 491 retail stores under the DAVAINDIA name in 21 states of India. The company was founded in 1995 and is headquartered in Surat, India.", "fullTimeEmployees": 348, "companyOfficers": [{"maxAge": 1, "name": "Mr. Moxesh Ketanbhai Zota", "age": 29, "title": "Exec. MD & Director", "yearBorn": 1991, "fiscalYear": 2020, "totalPay": 2577000, "exercisedValue": 0, "unexercisedValue": 0}, {"maxAge": 1, "name": "Mr. Viral A. Mandviwala", "age": 44, "title": "Chief Financial Officer", "yearBorn": 1976, "fiscalYear": 2020, "totalPay": 586000, "exercisedValue": 0, "unexercisedValue": 0}, {"maxAge": 1, "name": "Mr. Ashvin  Variya", "age": 29, "title": "Compliance Officer & Company Sec.", "yearBorn": 1991, "fiscalYear": 2020, "totalPay": 714000, "exercisedValue": 0, "unexercisedValue": 0}, {"maxAge": 1, "name": "Mr. Kamlesh Rajnikant Zota", "age": 47, "title": "Whole-Time Director", "yearBorn": 1973, "fiscalYear": 2020, "totalPay": 2577000, "exercisedValue": 0, "unexercisedValue": 0}, {"maxAge": 1, "name": "Mr. Himanshu Muktilal Zota", "age": 46, "title": "Whole-Time Director", "yearBorn": 1974, "fiscalYear": 2020, "totalPay": 2601000, "exercisedValue": 0, "unexercisedValue": 0}, {"maxAge": 1, "name": "Mr. Manukant Chandulal Zota", "age": 69, "title": "Whole-Time Director", "yearBorn": 1951, "fiscalYear": 2020, "totalPay": 2586000, "exercisedValue": 0, "unexercisedValue": 0}, {"maxAge": 1, "name": "Mr. Viren Manukant Zota", "age": 36, "title": "Head of Domestic Market", "yearBorn": 1984, "fiscalYear": 2019, "exercisedValue": 0, "unexercisedValue": 0}, {"maxAge": 1, "name": "Mr. Niralkumar Muktilal Zota", "age": 43, "title": "Head of Domestic Market", "yearBorn": 1977, "fiscalYear": 2019, "exercisedValue": 0, "unexercisedValue": 0}], "compensationAsOfEpochDate": "2020-12-31 05:30:00", "maxAge": 86400}, "cashflowStatementHistory": {"cashflowStatements": [{"maxAge": 1, "endDate": "2020-03-31", "netIncome": 27415000, "depreciation": 20587000, "changeToNetincome": -10131000, "changeToAccountReceivables": -70401000, "changeToLiabilities": -11770000, "changeToInventory": 71716000, "changeToOperatingActivities": 27641000, "totalCashFromOperatingActivities": 55445000, "capitalExpenditures": -8265000, "investments": 15878000, "otherCashflowsFromInvestingActivities": 10488000, "totalCashflowsFromInvestingActivities": -35297000, "dividendsPaid": -24560000, "otherCashflowsFromFinancingActivities": -5182000, "totalCashFromFinancingActivities": -28742000, "changeInCash": -8594000, "issuanceOfStock": 1000000}, {"maxAge": 1, "endDate": "2019-03-31", "netIncome": 55484000, "depreciation": 13813000, "changeToNetincome": -14016000, "changeToAccountReceivables": 8304000, "changeToLiabilities": -2991000, "changeToInventory": -82297000, "changeToOperatingActivities": -10897000, "totalCashFromOperatingActivities": -32471000, "capitalExpenditures": -16066000, "investments": 105276000, "otherCashflowsFromInvestingActivities": 14068000, "totalCashflowsFromInvestingActivities": 88251000, "dividendsPaid": -52630000, "otherCashflowsFromFinancingActivities": -10910000, "totalCashFromFinancingActivities": -63458000, "changeInCash": -7678000, "issuanceOfStock": 82000}, {"maxAge": 1, "endDate": "2018-03-31", "netIncome": 72676701, "depreciation": 9340990, "changeToNetincome": -13124094, "changeToAccountReceivables": -58447443, "changeToLiabilities": -18918740, "changeToInventory": -3725755, "changeToOperatingActivities": -32118291, "totalCashFromOperatingActivities": -44291675, "capitalExpenditures": -4266745, "investments": -261478470, "otherCashflowsFromInvestingActivities": 12772492, "totalCashflowsFromInvestingActivities": -261875448, "dividendsPaid": -35255994, "netBorrowings": -24571358, "otherCashflowsFromFinancingActivities": -8254824, "totalCashFromFinancingActivities": 329417824, "changeInCash": 23250702, "issuanceOfStock": 397500000}, {"maxAge": 1, "endDate": "2017-03-31", "netIncome": 55410990, "depreciation": 10540567, "changeToNetincome": 6059059, "changeToAccountReceivables": -13056470, "changeToLiabilities": 37548509, "changeToInventory": -75776379, "changeToOperatingActivities": 12804066, "totalCashFromOperatingActivities": 33530338, "capitalExpenditures": -9263011, "investments": 887641, "otherCashflowsFromInvestingActivities": 55698, "totalCashflowsFromInvestingActivities": -18123223, "dividendsPaid": -14363352, "netBorrowings": 2307607, "otherCashflowsFromFinancingActivities": -9542964, "totalCashFromFinancingActivities": -21598709, "changeInCash": -6191594, "issuanceOfStock": 397500000}], "maxAge": 86400}, "institutionOwnership": {"ownershipList": [], "maxAge": 1}, "majorHoldersBreakdown": {"maxAge": 1}, "balanceSheetHistoryQuarterly": {"balanceSheetStatements": [{"maxAge": 1, "endDate": "2020-12-31", "totalStockholderEquity": 704404000, "netTangibleAssets": 635290000}, {"maxAge": 1, "endDate": "2020-09-30", "cash": 34668000, "netReceivables": 306764000, "inventory": 353704000, "otherCurrentAssets": 23012000, "totalCurrentAssets": 718148000, "longTermInvestments": 115760000, "propertyPlantEquipment": 76678000, "intangibleAssets": 69114000, "otherAssets": 2568000, "totalAssets": 982268000, "accountsPayable": 221564000, "otherCurrentLiab": 46084000, "otherLiab": 10216000, "totalCurrentLiabilities": 267648000, "totalLiab": 277864000, "commonStock": 245603000, "treasuryStock": 458801000, "otherStockholderEquity": 458801000, "totalStockholderEquity": 704404000, "netTangibleAssets": 635290000}, {"maxAge": 1, "endDate": "2020-06-30", "totalStockholderEquity": 688290000, "netTangibleAssets": 614535000}, {"maxAge": 1, "endDate": "2020-03-31", "cash": 8348000, "netReceivables": 323274000, "inventory": 253408000, "otherCurrentAssets": 832000, "totalCurrentAssets": 588646000, "longTermInvestments": 139246000, "propertyPlantEquipment": 80324000, "intangibleAssets": 73755000, "otherAssets": 2817000, "totalAssets": 884788000, "accountsPayable": 149913000, "otherCurrentLiab": 24495000, "otherLiab": 10534000, "totalCurrentLiabilities": 185964000, "totalLiab": 196498000, "commonStock": 245603000, "retainedEarnings": 147157000, "capitalSurplus": 295530000, "totalStockholderEquity": 688290000, "netTangibleAssets": 614535000}], "maxAge": 86400}, "indexTrend": {"maxAge": 1, "symbol": "SP5", "peRatio": 19.7411, "pegRatio": 1.34172, "estimates": [{"period": "0q", "growth": 0.549}, {"period": "+1q", "growth": 0.431}, {"period": "0y", "growth": 0.305}, {"period": "+1y", "growth": 0.109}, {"period": "+5y", "growth": 0.120865}, {"period": "-5y"}]}, "defaultKeyStatistics": {"maxAge": 1, "priceHint": 2, "enterpriseValue": 3751102720, "profitMargins": 0.01238, "floatShares": 6352228, "sharesOutstanding": 24560300, "beta": 0.70962, "category": null, "bookValue": 28.395, "priceToBook": 5.3689027, "fundFamily": null, "legalType": null, "lastFiscalYearEnd": "2020-03-31 05:30:00", "nextFiscalYearEnd": "2022-03-31 05:30:00", "mostRecentQuarter": "2020-12-31 05:30:00", "netIncomeToCommon": 12287000, "trailingEps": 0.496, "lastSplitFactor": "14:10", "lastSplitDate": "2019-07-25 05:30:00", "enterpriseToRevenue": 3.778, "enterpriseToEbitda": 219.974}, "summaryProfile": {"address1": "Zota House", "address2": "2/896, Hira Modi Street Sagrampura", "city": "Surat", "zip": "395002", "country": "India", "phone": "91 26 1233 1601", "website": "http://www.zotahealthcare.com", "industry": "Biotechnology", "sector": "Healthcare", "longBusinessSummary": "Zota Health Care Limited manufactures and markets pharmaceutical products in India. The company offers generic drugs, OTC pharmaceutical products, ayurvedic products, and nutraceutical products. As of December 30, 2020, it operated 491 retail stores under the DAVAINDIA name in 21 states of India. The company was founded in 1995 and is headquartered in Surat, India.", "fullTimeEmployees": 348, "companyOfficers": [], "maxAge": 86400}, "netSharePurchaseActivity": {"maxAge": 1, "period": "6m", "buyInfoCount": 0, "buyInfoShares": 0, "sellInfoCount": 0, "netInfoCount": 0, "netInfoShares": 0, "totalInsiderShares": 0}, "quoteType": {"exchange": "NSI", "quoteType": "EQUITY", "symbol": "ZOTA.NS", "underlyingSymbol": "ZOTA.NS", "shortName": "Zota Health Care Limited", "longName": "Zota Health Care Limited", "firstTradeDateEpochUtc": "2017-05-10 09:15:00", "timeZoneFullName": "Asia/Kolkata", "timeZoneShortName": "IST", "uuid": "599ca862-5285-312e-848c-89c284ed68fc", "gmtOffSetMilliseconds": 19800000, "maxAge": 1}, "incomeStatementHistory": {"incomeStatementHistory": [{"maxAge": 1, "endDate": "2020-03-31", "totalRevenue": 951127000, "costOfRevenue": 664211000, "grossProfit": 286916000, "researchDevelopment": {}, "sellingGeneralAdministrative": 144669000, "nonRecurring": {}, "otherOperatingExpenses": 95950000, "totalOperatingExpenses": 925805000, "operatingIncome": 25322000, "totalOtherIncomeExpenseNet": 13293000, "ebit": 25322000, "interestExpense": -136000, "incomeBeforeTax": 38615000, "incomeTaxExpense": 11200000, "minorityInterest": {}, "netIncomeFromContinuingOps": 27415000, "discontinuedOperations": {}, "extraordinaryItems": {}, "effectOfAccountingCharges": {}, "otherItems": {}, "netIncome": 27415000, "netIncomeApplicableToCommonShares": 27415000}, {"maxAge": 1, "endDate": "2019-03-31", "totalRevenue": 856295000, "costOfRevenue": 571216000, "grossProfit": 285079000, "researchDevelopment": {}, "sellingGeneralAdministrative": 121056000, "nonRecurring": {}, "otherOperatingExpenses": 83154000, "totalOperatingExpenses": 791551000, "operatingIncome": 64744000, "totalOtherIncomeExpenseNet": 13814000, "ebit": 64744000, "interestExpense": -210000, "incomeBeforeTax": 78558000, "incomeTaxExpense": 23074000, "minorityInterest": {}, "netIncomeFromContinuingOps": 55484000, "discontinuedOperations": {}, "extraordinaryItems": {}, "effectOfAccountingCharges": {}, "otherItems": {}, "netIncome": 55484000, "netIncomeApplicableToCommonShares": 55484000}, {"maxAge": 1, "endDate": "2018-03-31", "totalRevenue": 778515315, "costOfRevenue": 510964450, "grossProfit": 267550865, "researchDevelopment": {}, "sellingGeneralAdministrative": 81114145, "nonRecurring": {}, "otherOperatingExpenses": 77411246, "totalOperatingExpenses": 678855796, "operatingIncome": 99659519, "totalOtherIncomeExpenseNet": 13758910, "ebit": 99659519, "interestExpense": -1086776, "incomeBeforeTax": 113418429, "incomeTaxExpense": 40741728, "minorityInterest": {}, "netIncomeFromContinuingOps": 72676701, "discontinuedOperations": {}, "extraordinaryItems": {}, "effectOfAccountingCharges": {}, "otherItems": {}, "netIncome": 72676701, "netIncomeApplicableToCommonShares": 72676701}, {"maxAge": 1, "endDate": "2017-03-31", "totalRevenue": 715877369, "costOfRevenue": 452148583, "grossProfit": 263728786, "researchDevelopment": {}, "sellingGeneralAdministrative": 85302062, "nonRecurring": {}, "otherOperatingExpenses": 77920800, "totalOperatingExpenses": 625912012, "operatingIncome": 89965357, "totalOtherIncomeExpenseNet": -6348350, "ebit": 89965357, "interestExpense": -6624827, "incomeBeforeTax": 83617007, "incomeTaxExpense": 28206017, "minorityInterest": {}, "netIncomeFromContinuingOps": 55410990, "discontinuedOperations": {}, "extraordinaryItems": {}, "effectOfAccountingCharges": {}, "otherItems": {}, "netIncome": 55410990, "netIncomeApplicableToCommonShares": 55410990}], "maxAge": 86400}, "fundOwnership": {"ownershipList": [], "maxAge": 1}, "summaryDetail": {"maxAge": 1, "priceHint": 2, "previousClose": 154.0, "open": 154.0, "dayLow": 152.0, "dayHigh": 155.55, "regularMarketPreviousClose": 154.0, "regularMarketOpen": 154.0, "regularMarketDayLow": 152.0, "regularMarketDayHigh": 155.55, "dividendRate": 1.0, "dividendYield": 0.0064999997, "exDividendDate": "2020-09-17 05:30:00", "payoutRatio": 2.0152001, "beta": 0.70962, "trailingPE": 307.35886, "volume": 6648, "regularMarketVolume": 6648, "averageVolume": 16045, "averageVolume10days": 31527, "averageDailyVolume10Day": 31527, "bid": 0.0, "ask": 0.0, "marketCap": 3744217600, "fiftyTwoWeekLow": 131.1, "fiftyTwoWeekHigh": 188.0, "priceToSalesTrailing12Months": 3.7714398, "fiftyDayAverage": 149.2894, "twoHundredDayAverage": 149.02107, "trailingAnnualDividendRate": 1.0, "trailingAnnualDividendYield": 0.0064935065, "currency": "INR", "fromCurrency": null, "lastMarket": null, "algorithm": null, "tradeable": false}, "incomeStatementHistoryQuarterly": {"incomeStatementHistory": [{"maxAge": 1, "endDate": "2020-12-31", "totalRevenue": 304827000, "costOfRevenue": 214035000, "grossProfit": 90792000, "researchDevelopment": {}, "sellingGeneralAdministrative": 23166000, "nonRecurring": {}, "otherOperatingExpenses": 79496000, "totalOperatingExpenses": 324705000, "operatingIncome": -19878000, "totalOtherIncomeExpenseNet": 5373000, "ebit": -19878000, "interestExpense": -342000, "incomeBeforeTax": -14505000, "incomeTaxExpense": -4426000, "minorityInterest": {}, "netIncomeFromContinuingOps": -10079000, "discontinuedOperations": {}, "extraordinaryItems": {}, "effectOfAccountingCharges": {}, "otherItems": {}, "netIncome": -10079000, "netIncomeApplicableToCommonShares": -10079000}, {"maxAge": 1, "endDate": "2020-09-30", "totalRevenue": 281664000, "costOfRevenue": 187149000, "grossProfit": 94515000, "researchDevelopment": {}, "sellingGeneralAdministrative": 23681000, "nonRecurring": {}, "otherOperatingExpenses": 62310000, "totalOperatingExpenses": 280803000, "operatingIncome": 861000, "totalOtherIncomeExpenseNet": 12249000, "ebit": 861000, "interestExpense": -148000, "incomeBeforeTax": 13110000, "incomeTaxExpense": 2939000, "minorityInterest": {}, "netIncomeFromContinuingOps": 10171000, "discontinuedOperations": {}, "extraordinaryItems": {}, "effectOfAccountingCharges": {}, "otherItems": {}, "netIncome": 10171000, "netIncomeApplicableToCommonShares": 10171000}, {"maxAge": 1, "endDate": "2020-06-30", "totalRevenue": 175496000, "costOfRevenue": 116432000, "grossProfit": 59064000, "researchDevelopment": {}, "sellingGeneralAdministrative": 20650000, "nonRecurring": {}, "otherOperatingExpenses": 26901000, "totalOperatingExpenses": 171374000, "operatingIncome": 4122000, "totalOtherIncomeExpenseNet": 2234000, "ebit": 4122000, "interestExpense": -74000, "incomeBeforeTax": 6356000, "incomeTaxExpense": 1251000, "minorityInterest": {}, "netIncomeFromContinuingOps": 5105000, "discontinuedOperations": {}, "extraordinaryItems": {}, "effectOfAccountingCharges": {}, "otherItems": {}, "netIncome": 5105000, "netIncomeApplicableToCommonShares": 5105000}, {"maxAge": 1, "endDate": "2020-03-31", "totalRevenue": 230796000, "costOfRevenue": 156141000, "grossProfit": 74655000, "researchDevelopment": {}, "sellingGeneralAdministrative": 68119000, "nonRecurring": {}, "otherOperatingExpenses": -9705000, "totalOperatingExpenses": 224514000, "operatingIncome": 6282000, "totalOtherIncomeExpenseNet": 3952000, "ebit": 6282000, "interestExpense": -74000, "incomeBeforeTax": 10234000, "incomeTaxExpense": 3143000, "minorityInterest": {}, "netIncomeFromContinuingOps": 7091000, "discontinuedOperations": {}, "extraordinaryItems": {}, "effectOfAccountingCharges": {}, "otherItems": {}, "netIncome": 7091000, "netIncomeApplicableToCommonShares": 7091000}], "maxAge": 86400}, "cashflowStatementHistoryQuarterly": {"cashflowStatements": [{"maxAge": 1, "endDate": "2020-12-31", "netIncome": -10079000, "changeToLiabilities": 0}, {"maxAge": 1, "endDate": "2020-09-30", "netIncome": 10171000, "changeToLiabilities": 0}, {"maxAge": 1, "endDate": "2020-06-30", "netIncome": 5105000, "changeToLiabilities": 0}, {"maxAge": 1, "endDate": "2020-03-31", "netIncome": 7091000, "changeToLiabilities": 0}], "maxAge": 86400}, "insiderHolders": {"holders": [], "maxAge": 1}, "calendarEvents": {"maxAge": 1, "earnings": {"earningsDate": ["2020-09-03 05:30:S"]}, "exDividendDate": "2020-09-17 05:30:00"}, "upgradeDowngradeHistory": {"history": [], "maxAge": 86400}, "price": {"maxAge": 1, "regularMarketChangePercent": -0.010064955, "regularMarketChange": -1.550003, "regularMarketTime": "2021-04-30 15:29:08", "priceHint": 2, "regularMarketPrice": 152.45, "regularMarketDayHigh": 155.55, "regularMarketDayLow": 152.0, "regularMarketVolume": 6648, "averageDailyVolume10Day": 31527, "averageDailyVolume3Month": 16045, "regularMarketPreviousClose": 154.0, "regularMarketSource": "FREE_REALTIME", "regularMarketOpen": 154.0, "exchange": "NSI", "exchangeName": "NSE", "exchangeDataDelayedBy": 15, "marketState": "CLOSED", "quoteType": "EQUITY", "symbol": "ZOTA.NS", "underlyingSymbol": null, "shortName": "Zota Health Care Limited", "longName": "Zota Health Care Limited", "currency": "INR", "quoteSourceName": "Delayed Quote", "currencySymbol": "\u20b9", "fromCurrency": null, "lastMarket": null, "marketCap": 3744217600}, "balanceSheetHistory": {"balanceSheetStatements": [{"maxAge": 1, "endDate": "2020-03-31", "cash": 8348000, "netReceivables": 323274000, "inventory": 253408000, "otherCurrentAssets": 832000, "totalCurrentAssets": 588646000, "longTermInvestments": 139246000, "propertyPlantEquipment": 80324000, "intangibleAssets": 73755000, "otherAssets": 2817000, "totalAssets": 884788000, "accountsPayable": 149913000, "otherCurrentLiab": 24495000, "otherLiab": 10534000, "totalCurrentLiabilities": 185964000, "totalLiab": 196498000, "commonStock": 245603000, "retainedEarnings": 147157000, "capitalSurplus": 295530000, "totalStockholderEquity": 688290000, "netTangibleAssets": 614535000}, {"maxAge": 1, "endDate": "2019-03-31", "cash": 16942000, "netReceivables": 280518000, "inventory": 325124000, "otherCurrentAssets": 1070000, "totalCurrentAssets": 623742000, "longTermInvestments": 156116000, "propertyPlantEquipment": 81520000, "intangibleAssets": 31758000, "otherAssets": 2930000, "totalAssets": 896066000, "accountsPayable": 161684000, "otherCurrentLiab": 27148000, "otherLiab": 8712000, "totalCurrentLiabilities": 198102000, "totalLiab": 206814000, "commonStock": 175434000, "retainedEarnings": 148119000, "treasuryStock": -1000, "capitalSurplus": 365700000, "otherStockholderEquity": -1000, "totalStockholderEquity": 689252000, "netTangibleAssets": 657494000}, {"maxAge": 1, "endDate": "2018-03-31", "cash": 24620926, "netReceivables": 281767709, "inventory": 242826976, "otherCurrentAssets": 7880118, "totalCurrentAssets": 557406550, "longTermInvestments": 261478570, "propertyPlantEquipment": 73008127, "intangibleAssets": 22974512, "otherAssets": 3075269, "totalAssets": 917943028, "accountsPayable": 164674326, "otherCurrentLiab": 42253987, "otherLiab": 6467283, "totalCurrentLiabilities": 213699200, "totalLiab": 220166483, "commonStock": 175433520, "retainedEarnings": 156643027, "capitalSurplus": 365700000, "totalStockholderEquity": 697776547, "netTangibleAssets": 674802035}, {"maxAge": 1, "endDate": "2017-03-31", "cash": 1370223, "netReceivables": 203402876, "inventory": 239101222, "otherCurrentAssets": 831479, "totalCurrentAssets": 444793782, "longTermInvestments": 100, "propertyPlantEquipment": 74319443, "intangibleAssets": 17859682, "otherAssets": 1075269, "totalAssets": 538048276, "accountsPayable": 183593067, "otherCurrentLiab": 30755447, "longTermDebt": 24571358, "otherLiab": 5720628, "totalCurrentLiabilities": 237926925, "totalLiab": 268218911, "commonStock": 143633520, "retainedEarnings": 126195849, "totalStockholderEquity": 269829369, "netTangibleAssets": 251969687}], "maxAge": 86400}, "financialData": {"maxAge": 86400, "currentPrice": 152.45, "recommendationKey": "none", "totalCash": 34668000, "totalCashPerShare": 1.41, "ebitda": 17052500, "totalDebt": 0, "totalRevenue": 992782016, "revenuePerShare": 40.108, "grossProfits": 286916000, "revenueGrowth": 0.216, "grossMargins": 0.32134, "ebitdaMargins": 0.017180001, "operatingMargins": -0.00868, "profitMargins": 0.01238, "financialCurrency": "INR"}}}