{"ZSARACOM.BO": {"cashflowStatementHistory": {"cashflowStatements": [{"maxAge": 1, "endDate": "2020-03-31", "netIncome": -96145000, "depreciation": 126000, "changeToNetincome": -55532000, "changeToAccountReceivables": -1156000, "changeToLiabilities": -53000, "changeToOperatingActivities": 38504000, "totalCashFromOperatingActivities": -175632000, "investments": 146330000, "otherCashflowsFromInvestingActivities": 10386000, "totalCashflowsFromInvestingActivities": 156741000, "netBorrowings": 95250000, "otherCashflowsFromFinancingActivities": -2881000, "totalCashFromFinancingActivities": 92369000, "changeInCash": 73478000}, {"maxAge": 1, "endDate": "2019-03-31", "netIncome": 67510430, "depreciation": 211801, "changeToNetincome": -137224221, "changeToAccountReceivables": -1156000, "changeToLiabilities": -395599, "changeToInventory": -7926943, "changeToOperatingActivities": -79440101, "totalCashFromOperatingActivities": -157264633, "investments": 101510250, "otherCashflowsFromInvestingActivities": 55798144, "totalCashflowsFromInvestingActivities": 157308394, "netBorrowings": 95250000, "otherCashflowsFromFinancingActivities": -1515284, "totalCashFromFinancingActivities": -1505284, "changeInCash": -1461523, "issuanceOfStock": 10000}, {"maxAge": 1, "endDate": "2018-03-31", "netIncome": 159634511, "depreciation": 226067, "changeToNetincome": -331000166, "changeToAccountReceivables": 26742245, "changeToLiabilities": -76884093, "changeToInventory": -53526356, "changeToOperatingActivities": 215095958, "totalCashFromOperatingActivities": -59711834, "capitalExpenditures": -191937, "investments": -75843906, "otherCashflowsFromInvestingActivities": 155101548, "totalCashflowsFromInvestingActivities": 79065705, "netBorrowings": 95250000, "otherCashflowsFromFinancingActivities": -3367710, "totalCashFromFinancingActivities": -32380080, "changeInCash": -13026209, "repurchaseOfStock": -29012370, "issuanceOfStock": 10000}, {"maxAge": 1, "endDate": "2017-03-31", "netIncome": 52215943, "depreciation": 318466, "changeToNetincome": -80125882, "changeToAccountReceivables": 35241831, "changeToLiabilities": 77305016, "changeToInventory": 146215822, "changeToOperatingActivities": -457134218, "totalCashFromOperatingActivities": -225963022, "capitalExpenditures": -191937, "investments": 226322306, "otherCashflowsFromInvestingActivities": 42522958, "totalCashflowsFromInvestingActivities": 268845264, "netBorrowings": 95250000, "otherCashflowsFromFinancingActivities": -28137661, "totalCashFromFinancingActivities": -28137661, "changeInCash": 15032944, "repurchaseOfStock": -29012370, "issuanceOfStock": 10000}], "maxAge": 86400}, "institutionOwnership": {"maxAge": 1, "ownershipList": []}, "balanceSheetHistoryQuarterly": {"balanceSheetStatements": [{"maxAge": 1, "endDate": "2020-06-30", "totalStockholderEquity": 1568386000, "netTangibleAssets": 1568386000}, {"maxAge": 1, "endDate": "2020-03-31", "cash": 75263000, "netReceivables": 2212000, "totalCurrentAssets": 216293000, "longTermInvestments": 1372520000, "propertyPlantEquipment": 407000, "otherAssets": 91387000, "deferredLongTermAssetCharges": 52193000, "totalAssets": 1680607000, "accountsPayable": 196000, "otherCurrentLiab": 532000, "otherLiab": 1531000, "minorityInterest": 9309000, "totalCurrentLiabilities": 101381000, "totalLiab": 102912000, "commonStock": 10009000, "treasuryStock": 1558377000, "otherStockholderEquity": 1558377000, "totalStockholderEquity": 1568386000, "netTangibleAssets": 1568386000}, {"maxAge": 1, "endDate": "2019-12-31", "totalStockholderEquity": 1798180400, "netTangibleAssets": 1798180400}, {"maxAge": 1, "endDate": "2019-09-30", "cash": 933200, "shortTermInvestments": 1780596900, "netReceivables": 4788300, "totalCurrentAssets": 1822884600, "propertyPlantEquipment": 470200, "otherAssets": 37935400, "totalAssets": 1861290200, "accountsPayable": 182500, "otherCurrentLiab": 1666800, "otherLiab": 19234600, "minorityInterest": 12325900, "totalCurrentLiabilities": 31549300, "totalLiab": 50783900, "commonStock": 10009300, "treasuryStock": 1788171100, "otherStockholderEquity": 1788171100, "totalStockholderEquity": 1798180400, "netTangibleAssets": 1798180400}], "maxAge": 86400}, "indexTrend": {"maxAge": 1, "symbol": "SP5", "peRatio": 19.7411, "pegRatio": 1.34172, "estimates": [{"period": "0q", "growth": 0.549}, {"period": "+1q", "growth": 0.431}, {"period": "0y", "growth": 0.305}, {"period": "+1y", "growth": 0.109}, {"period": "+5y", "growth": 0.120859005}, {"period": "-5y"}]}, "insiderTransactions": {"transactions": [{"maxAge": 1, "shares": 3768, "filerUrl": "", "transactionText": "", "filerName": "Kothari (Ashwin Kumar)", "filerRelation": "Promoter", "moneyText": "", "startDate": "2018-02-08", "ownership": "D"}, {"maxAge": 1, "shares": 1193, "filerUrl": "", "transactionText": "", "filerName": "Kothari (Meena)", "filerRelation": "Promoter", "moneyText": "", "startDate": "2018-02-08", "ownership": "D"}, {"maxAge": 1, "shares": 3146, "filerUrl": "", "transactionText": "", "filerName": "Kothari (P C) HUF", "filerRelation": "Promoter", "moneyText": "", "startDate": "2018-02-08", "ownership": "D"}, {"maxAge": 1, "shares": 2601, "filerUrl": "", "transactionText": "", "filerName": "Kothari (Rohit A)", "filerRelation": "Promoter", "moneyText": "", "startDate": "2018-02-08", "ownership": "D"}, {"maxAge": 1, "shares": 171887, "filerUrl": "", "transactionText": "", "filerName": "Four Dimensions Securities India Ltd", "filerRelation": "Promoter", "moneyText": "", "startDate": "2017-05-29", "ownership": "D"}, {"maxAge": 1, "shares": 349, "filerUrl": "", "transactionText": "", "filerName": "Kothari (Ashwin Kumar)", "filerRelation": "Promoter", "moneyText": "", "startDate": "2017-05-29", "ownership": "D"}, {"maxAge": 1, "shares": 40, "filerUrl": "", "transactionText": "", "filerName": "Kothari (Meena)", "filerRelation": "Promoter", "moneyText": "", "startDate": "2017-05-29", "ownership": "D"}, {"maxAge": 1, "shares": 1075, "filerUrl": "", "transactionText": "", "filerName": "Kothari (P C) HUF", "filerRelation": "Promoter", "moneyText": "", "startDate": "2017-05-29", "ownership": "D"}, {"maxAge": 1, "shares": 112, "filerUrl": "", "transactionText": "", "filerName": "Kothari (Rohit A)", "filerRelation": "Promoter", "moneyText": "", "startDate": "2017-05-29", "ownership": "D"}, {"maxAge": 1, "shares": 72614, "filerUrl": "", "transactionText": "", "filerName": "Winro Commercial India Ltd", "filerRelation": "Promoter", "moneyText": "", "startDate": "2017-05-29", "ownership": "D"}], "maxAge": 1}, "quoteType": {"exchange": "BSE", "quoteType": "EQUITY", "symbol": "ZSARACOM.BO", "underlyingSymbol": "ZSARACOM.BO", "shortName": "SARASWATI COMMERCIAL (INDIA) L", "longName": "Saraswati Commercial (India) Limited", "firstTradeDateEpochUtc": "2005-08-31 09:15:00", "timeZoneFullName": "Asia/Kolkata", "timeZoneShortName": "IST", "uuid": "6b465361-3373-3f09-a285-1695673ac29f", "messageBoardId": null, "gmtOffSetMilliseconds": 19800000, "maxAge": 1}, "incomeStatementHistory": {"incomeStatementHistory": [{"maxAge": 1, "endDate": "2020-03-31", "totalRevenue": 12469000, "costOfRevenue": 0, "grossProfit": 12469000, "researchDevelopment": {}, "sellingGeneralAdministrative": 11514000, "nonRecurring": {}, "otherOperatingExpenses": 3827000, "totalOperatingExpenses": 15467000, "operatingIncome": -2998000, "totalOtherIncomeExpenseNet": -127572000, "ebit": -2998000, "interestExpense": -2893000, "incomeBeforeTax": -130570000, "incomeTaxExpense": -34388000, "minorityInterest": 9309000, "netIncomeFromContinuingOps": -96182000, "discontinuedOperations": {}, "extraordinaryItems": {}, "effectOfAccountingCharges": {}, "otherItems": {}, "netIncome": -96145000, "netIncomeApplicableToCommonShares": -96145000}, {"maxAge": 1, "endDate": "2019-03-31", "totalRevenue": 92788526, "costOfRevenue": 0, "grossProfit": 92788526, "researchDevelopment": {}, "sellingGeneralAdministrative": 13825880, "nonRecurring": {}, "otherOperatingExpenses": 2673714, "totalOperatingExpenses": 16711395, "operatingIncome": 76077131, "totalOtherIncomeExpenseNet": -794618, "ebit": 76077131, "interestExpense": -1515284, "incomeBeforeTax": 75282513, "incomeTaxExpense": 7224314, "minorityInterest": 1629889, "netIncomeFromContinuingOps": 68058199, "discontinuedOperations": {}, "extraordinaryItems": {}, "effectOfAccountingCharges": {}, "otherItems": {}, "netIncome": 67510430, "netIncomeApplicableToCommonShares": 67510430}, {"maxAge": 1, "endDate": "2018-03-31", "totalRevenue": 163420913, "costOfRevenue": 0, "grossProfit": 163420913, "researchDevelopment": {}, "sellingGeneralAdministrative": 12454387, "nonRecurring": {}, "otherOperatingExpenses": 8958645, "totalOperatingExpenses": 21639099, "operatingIncome": 141781814, "totalOtherIncomeExpenseNet": -5235716, "ebit": 141781814, "interestExpense": -3367710, "incomeBeforeTax": 136546098, "incomeTaxExpense": -23070246, "minorityInterest": 1072120, "netIncomeFromContinuingOps": 159616344, "discontinuedOperations": {}, "extraordinaryItems": {}, "effectOfAccountingCharges": {}, "otherItems": {}, "netIncome": 159634511, "netIncomeApplicableToCommonShares": 159634511}, {"maxAge": 1, "endDate": "2017-03-31", "totalRevenue": 107337872, "costOfRevenue": 0, "grossProfit": 107337872, "researchDevelopment": {}, "sellingGeneralAdministrative": 14895345, "nonRecurring": {}, "otherOperatingExpenses": 12541059, "totalOperatingExpenses": 27754870, "operatingIncome": 79583002, "totalOtherIncomeExpenseNet": -28228594, "ebit": 79583002, "interestExpense": -28400690, "incomeBeforeTax": 51354408, "incomeTaxExpense": -846196, "minorityInterest": 1090287, "netIncomeFromContinuingOps": 52200604, "discontinuedOperations": {}, "extraordinaryItems": {}, "effectOfAccountingCharges": {}, "otherItems": {}, "netIncome": 52215943, "netIncomeApplicableToCommonShares": 52215943}], "maxAge": 86400}, "fundOwnership": {"maxAge": 1, "ownershipList": []}, "summaryDetail": {"maxAge": 1, "priceHint": 2, "previousClose": 2030.0, "open": 2030.0, "dayLow": 1989.4, "dayHigh": 2030.0, "regularMarketPreviousClose": 2030.0, "regularMarketOpen": 2030.0, "regularMarketDayLow": 1989.4, "regularMarketDayHigh": 2030.0, "volume": 19, "regularMarketVolume": 19, "averageVolume": 46, "averageVolume10days": 38, "averageDailyVolume10Day": 38, "bid": 0.0, "ask": 1989.4, "bidSize": 0, "askSize": 0, "marketCap": 1991250176, "fiftyTwoWeekLow": 96.2, "fiftyTwoWeekHigh": 2030.0, "fiftyDayAverage": 953.34717, "twoHundredDayAverage": 887.5821, "currency": "INR", "fromCurrency": null, "toCurrency": null, "lastMarket": null, "algorithm": null, "tradeable": false}, "incomeStatementHistoryQuarterly": {"incomeStatementHistory": [{"maxAge": 1, "endDate": "2020-06-30", "totalRevenue": 83784000, "costOfRevenue": 0, "grossProfit": 83784000, "researchDevelopment": {}, "sellingGeneralAdministrative": 2079000, "nonRecurring": {}, "otherOperatingExpenses": 998000, "totalOperatingExpenses": 3098000, "operatingIncome": 80686000, "totalOtherIncomeExpenseNet": -2832000, "ebit": 80686000, "interestExpense": -3059000, "incomeBeforeTax": 77854000, "incomeTaxExpense": 39352000, "minorityInterest": {}, "netIncomeFromContinuingOps": 38502000, "discontinuedOperations": {}, "extraordinaryItems": {}, "effectOfAccountingCharges": {}, "otherItems": {}, "netIncome": 38595000, "netIncomeApplicableToCommonShares": 38595000}, {"maxAge": 1, "endDate": "2020-03-31", "totalRevenue": 4962000, "costOfRevenue": 0, "grossProfit": 4962000, "researchDevelopment": {}, "sellingGeneralAdministrative": 2465000, "nonRecurring": {}, "otherOperatingExpenses": 1240000, "totalOperatingExpenses": 3736000, "operatingIncome": 1226000, "totalOtherIncomeExpenseNet": -113300000, "ebit": 1226000, "interestExpense": -976000, "incomeBeforeTax": -112074000, "incomeTaxExpense": -51339000, "minorityInterest": 9309000, "netIncomeFromContinuingOps": -60735000, "discontinuedOperations": {}, "extraordinaryItems": {}, "effectOfAccountingCharges": {}, "otherItems": {}, "netIncome": -60813000, "netIncomeApplicableToCommonShares": -60813000}, {"maxAge": 1, "endDate": "2019-12-31", "totalRevenue": 2645000, "costOfRevenue": 0, "grossProfit": 2645000, "researchDevelopment": {}, "sellingGeneralAdministrative": 2139900, "nonRecurring": {}, "otherOperatingExpenses": 633600, "totalOperatingExpenses": 2805000, "operatingIncome": -160000, "totalOtherIncomeExpenseNet": -374300, "ebit": -160000, "interestExpense": -763000, "incomeBeforeTax": -534300, "incomeTaxExpense": 429700, "minorityInterest": 9309000, "netIncomeFromContinuingOps": -964000, "discontinuedOperations": {}, "extraordinaryItems": {}, "effectOfAccountingCharges": {}, "otherItems": {}, "netIncome": -953600, "netIncomeApplicableToCommonShares": -953600}, {"maxAge": 1, "endDate": "2019-09-30", "totalRevenue": 5601200, "costOfRevenue": 0, "grossProfit": 5601200, "researchDevelopment": {}, "sellingGeneralAdministrative": 3336300, "nonRecurring": {}, "otherOperatingExpenses": 608100, "totalOperatingExpenses": 3975900, "operatingIncome": 1625300, "totalOtherIncomeExpenseNet": -2278700, "ebit": 1625300, "interestExpense": -593100, "incomeBeforeTax": -653400, "incomeTaxExpense": 16834200, "minorityInterest": 12325900, "netIncomeFromContinuingOps": -17487600, "discontinuedOperations": {}, "extraordinaryItems": {}, "effectOfAccountingCharges": {}, "otherItems": {}, "netIncome": -17387600, "netIncomeApplicableToCommonShares": -17387600}], "maxAge": 86400}, "cashflowStatementHistoryQuarterly": {"cashflowStatements": [{"maxAge": 1, "endDate": "2020-06-30", "netIncome": 38595000, "changeToLiabilities": 0}, {"maxAge": 1, "endDate": "2020-03-31", "netIncome": -60813000, "changeToLiabilities": 0}, {"maxAge": 1, "endDate": "2019-12-31", "netIncome": -953600, "changeToLiabilities": 0}, {"maxAge": 1, "endDate": "2019-09-30", "netIncome": -17387600, "changeToLiabilities": 0}], "maxAge": 86400}, "insiderHolders": {"holders": [{"maxAge": 1, "name": "Four Dimensions Securities India Ltd", "relation": "Promoter", "url": "", "transactionDescription": "Other", "latestTransDate": "2017-05-29", "positionDirect": 205787, "positionDirectDate": "2017-05-29"}, {"maxAge": 1, "name": "Kothari (Ashwin Kumar)", "relation": "Promoter", "url": "", "transactionDescription": "Other", "latestTransDate": "2018-02-08", "positionDirect": 61081, "positionDirectDate": "2018-02-08"}, {"maxAge": 1, "name": "Kothari (Meena)", "relation": "Promoter", "url": "", "transactionDescription": "Other", "latestTransDate": "2018-02-08", "positionDirect": 19347, "positionDirectDate": "2018-02-08"}, {"maxAge": 1, "name": "Kothari (P C) HUF", "relation": "Promoter", "url": "", "transactionDescription": "Other", "latestTransDate": "2018-02-08", "positionDirect": 50979, "positionDirectDate": "2018-02-08"}, {"maxAge": 1, "name": "Kothari (Rohit A)", "relation": "Promoter", "url": "", "transactionDescription": "Other", "latestTransDate": "2018-02-08", "positionDirect": 42141, "positionDirectDate": "2018-02-08"}, {"maxAge": 1, "name": "Winro Commercial India Ltd", "relation": "Promoter", "url": "", "transactionDescription": "Other", "latestTransDate": "2017-05-29", "positionDirect": 177584, "positionDirectDate": "2017-05-29"}], "maxAge": 1}, "calendarEvents": {"maxAge": 1, "earnings": {"earningsDate": []}}, "price": {"maxAge": 1, "regularMarketChangePercent": -0.019999988, "regularMarketChange": -40.599976, "regularMarketTime": "2021-04-30 15:17:39", "priceHint": 2, "regularMarketPrice": 1989.4, "regularMarketDayHigh": 2030.0, "regularMarketDayLow": 1989.4, "regularMarketVolume": 19, "averageDailyVolume10Day": 38, "averageDailyVolume3Month": 46, "regularMarketPreviousClose": 2030.0, "regularMarketSource": "FREE_REALTIME", "regularMarketOpen": 2030.0, "exchange": "BSE", "exchangeName": "BSE", "exchangeDataDelayedBy": 0, "marketState": "CLOSED", "quoteType": "EQUITY", "symbol": "ZSARACOM.BO", "underlyingSymbol": null, "shortName": "SARASWATI COMMERCIAL (INDIA) L", "longName": "Saraswati Commercial (India) Limited", "currency": "INR", "quoteSourceName": "Delayed Quote", "currencySymbol": "\u20b9", "fromCurrency": null, "toCurrency": null, "lastMarket": null, "marketCap": 1991250176}, "balanceSheetHistory": {"balanceSheetStatements": [{"maxAge": 1, "endDate": "2020-03-31", "cash": 75263000, "netReceivables": 2212000, "totalCurrentAssets": 216293000, "longTermInvestments": 1372520000, "propertyPlantEquipment": 407000, "otherAssets": 91387000, "deferredLongTermAssetCharges": 52193000, "totalAssets": 1680607000, "accountsPayable": 196000, "otherCurrentLiab": 532000, "otherLiab": 1531000, "minorityInterest": 9309000, "totalCurrentLiabilities": 101381000, "totalLiab": 102912000, "commonStock": 10009000, "treasuryStock": 1558377000, "otherStockholderEquity": 1558377000, "totalStockholderEquity": 1568386000, "netTangibleAssets": 1568386000}, {"maxAge": 1, "endDate": "2019-03-31", "cash": 1784085, "shortTermInvestments": 4430700, "netReceivables": 510000, "otherCurrentAssets": 65590851, "totalCurrentAssets": 145510939, "longTermInvestments": 1170041147, "propertyPlantEquipment": 545977, "otherAssets": 54271237, "deferredLongTermAssetCharges": 29074617, "totalAssets": 1370369300, "accountsPayable": 237587, "otherCurrentLiab": 2864000, "otherLiab": 1382492, "minorityInterest": 1629889, "totalCurrentLiabilities": 8537653, "totalLiab": 9920145, "commonStock": 10009280, "retainedEarnings": 1318100952, "treasuryStock": 30709034, "otherStockholderEquity": 30709034, "totalStockholderEquity": 1358819266, "netTangibleAssets": 1358819266}, {"maxAge": 1, "endDate": "2018-03-31", "cash": 3245608, "shortTermInvestments": 324116100, "netReceivables": 8571683, "otherCurrentAssets": 285507865, "totalCurrentAssets": 686678407, "longTermInvestments": 869719772, "propertyPlantEquipment": 757778, "otherAssets": 58958642, "deferredLongTermAssetCharges": 27945800, "totalAssets": 1616114599, "accountsPayable": 633186, "otherCurrentLiab": 2746773, "otherLiab": 1442264, "minorityInterest": 1072120, "totalCurrentLiabilities": 322291379, "totalLiab": 323733643, "commonStock": 10009280, "retainedEarnings": 1250590522, "treasuryStock": 30709034, "otherStockholderEquity": 30709034, "totalStockholderEquity": 1291308836, "netTangibleAssets": 1291308836}, {"maxAge": 1, "endDate": "2017-03-31", "cash": 16271817, "shortTermInvestments": 24557680, "netReceivables": 39080983, "otherCurrentAssets": 253075807, "totalCurrentAssets": 344703958, "longTermInvestments": 948207709, "propertyPlantEquipment": 791908, "otherAssets": 35009029, "deferredLongTermAssetCharges": 24894208, "totalAssets": 1328712604, "accountsPayable": 77338603, "otherCurrentLiab": 4675038, "otherLiab": 2001848, "minorityInterest": 1090287, "totalCurrentLiabilities": 164933774, "totalLiab": 166935622, "commonStock": 6400000, "retainedEarnings": 1115428381, "treasuryStock": 34318314, "capitalSurplus": 4540000, "otherStockholderEquity": 34318314, "totalStockholderEquity": 1160686695, "netTangibleAssets": 1160686695}], "maxAge": 86400}, "financialData": {"maxAge": 86400, "currentPrice": 1989.4, "recommendationKey": "none", "grossProfits": 12469000, "financialCurrency": "INR"}}}