{"ZSVARAJT.BO": {"cashflowStatementHistory": {"cashflowStatements": [{"maxAge": 1, "endDate": "2020-03-31", "netIncome": 10044207, "depreciation": 12063, "changeToNetincome": -1216487, "changeToAccountReceivables": 2759854, "changeToLiabilities": 133537, "changeToOperatingActivities": 48154215, "totalCashFromOperatingActivities": 59887389, "capitalExpenditures": -191640, "investments": -66463425, "otherCashflowsFromInvestingActivities": 1216486, "totalCashflowsFromInvestingActivities": -65438579, "changeInCash": -5551190}, {"maxAge": 1, "endDate": "2019-03-31", "netIncome": 13025996, "depreciation": 12063, "changeToNetincome": -2458334, "changeToAccountReceivables": 19891349, "changeToLiabilities": 132852, "changeToOperatingActivities": -19943839, "totalCashFromOperatingActivities": 10648024, "capitalExpenditures": -55000000, "investments": -66463425, "otherCashflowsFromInvestingActivities": 2458333, "totalCashflowsFromInvestingActivities": -52541667, "changeInCash": -41893643}, {"maxAge": 1, "endDate": "2018-03-31", "netIncome": 12124839, "depreciation": 12102, "changeToNetincome": -1235384, "changeToAccountReceivables": 12189672, "changeToLiabilities": -241541, "changeToInventory": -35715, "changeToOperatingActivities": -2147633, "totalCashFromOperatingActivities": 20702055, "capitalExpenditures": -55000000, "investments": -66463425, "otherCashflowsFromInvestingActivities": 2236430, "totalCashflowsFromInvestingActivities": 2236430, "changeInCash": 22938485}, {"maxAge": 1, "endDate": "2017-03-31", "netIncome": 10567178, "depreciation": 26968, "changeToNetincome": 3235292, "changeToAccountReceivables": 5277432, "changeToLiabilities": -149422, "changeToInventory": 10000000, "changeToOperatingActivities": 20344489, "totalCashFromOperatingActivities": 49301937, "capitalExpenditures": -55000000, "investments": -66463425, "otherCashflowsFromInvestingActivities": 2236430, "totalCashflowsFromInvestingActivities": 2236430, "netBorrowings": -90000, "otherCashflowsFromFinancingActivities": -90927681, "totalCashFromFinancingActivities": -91017681, "changeInCash": -41715744}], "maxAge": 86400}, "institutionOwnership": {"maxAge": 1, "ownershipList": []}, "balanceSheetHistoryQuarterly": {"balanceSheetStatements": [{"maxAge": 1, "endDate": "2020-06-30", "totalStockholderEquity": 535919000, "netTangibleAssets": 535919000}, {"maxAge": 1, "endDate": "2020-03-31", "cash": 1183165, "shortTermInvestments": 66463425, "netReceivables": 3309602, "otherCurrentAssets": 21042563, "totalCurrentAssets": 91998755, "longTermInvestments": 341809594, "propertyPlantEquipment": 55182791, "otherAssets": 46624757, "totalAssets": 535615897, "otherCurrentLiab": 312798, "totalCurrentLiabilities": 731651, "totalLiab": 731651, "commonStock": 147500000, "retainedEarnings": 8641713, "treasuryStock": 378742535, "otherStockholderEquity": 378742535, "totalStockholderEquity": 534884248, "netTangibleAssets": 534884248}, {"maxAge": 1, "endDate": "2019-12-31", "totalStockholderEquity": 531383000, "netTangibleAssets": 531383000}, {"maxAge": 1, "endDate": "2019-09-30", "cash": 63609000, "shortTermInvestments": 50326000, "netReceivables": 5699000, "totalCurrentAssets": 119634000, "longTermInvestments": 362176000, "propertyPlantEquipment": 55094000, "totalAssets": 536904000, "otherCurrentLiab": 5521000, "totalCurrentLiabilities": 5521000, "totalLiab": 5521000, "commonStock": 147500000, "treasuryStock": 383883000, "otherStockholderEquity": 383883000, "totalStockholderEquity": 531383000, "netTangibleAssets": 531383000}], "maxAge": 86400}, "indexTrend": {"maxAge": 1, "symbol": "SP5", "peRatio": 19.7411, "pegRatio": 1.34172, "estimates": [{"period": "0q", "growth": 0.549}, {"period": "+1q", "growth": 0.431}, {"period": "0y", "growth": 0.305}, {"period": "+1y", "growth": 0.109}, {"period": "+5y", "growth": 0.120859005}, {"period": "-5y"}]}, "insiderTransactions": {"transactions": [{"maxAge": 1, "shares": 301097, "filerUrl": "", "transactionText": "", "filerName": "Paliwal (Madan Lal)", "filerRelation": "UNREPORTED", "moneyText": "", "startDate": "2014-11-19", "ownership": "D"}, {"maxAge": 1, "shares": 297726, "filerUrl": "", "transactionText": "", "filerName": "Paliwal (Madan Lal)", "filerRelation": "UNREPORTED", "moneyText": "", "startDate": "2014-09-19", "ownership": "D"}, {"maxAge": 1, "shares": 1800000, "filerUrl": "", "transactionText": "", "filerName": "Paliwal (Madan Lal)", "filerRelation": "UNREPORTED", "moneyText": "", "startDate": "2013-07-25", "ownership": "D"}], "maxAge": 1}, "quoteType": {"exchange": "BSE", "quoteType": "EQUITY", "symbol": "ZSVARAJT.BO", "underlyingSymbol": "ZSVARAJT.BO", "shortName": "SVARAJ TRADING & AGENCIES LTD.", "longName": "Svaraj Trading and Agencies Limited", "firstTradeDateEpochUtc": "2011-11-18 09:15:00", "timeZoneFullName": "Asia/Kolkata", "timeZoneShortName": "IST", "uuid": "d163a8a1-bb04-31be-9922-12afff4a7d03", "messageBoardId": null, "gmtOffSetMilliseconds": 19800000, "maxAge": 1}, "incomeStatementHistory": {"incomeStatementHistory": [{"maxAge": 1, "endDate": "2020-03-31", "totalRevenue": 16721754, "costOfRevenue": 0, "grossProfit": 16721754, "researchDevelopment": {}, "sellingGeneralAdministrative": 2510061, "nonRecurring": {}, "otherOperatingExpenses": 856383, "totalOperatingExpenses": 3378507, "operatingIncome": 13343247, "totalOtherIncomeExpenseNet": 75358, "ebit": 13343247, "interestExpense": {}, "incomeBeforeTax": 13418605, "incomeTaxExpense": 3374398, "minorityInterest": {}, "netIncomeFromContinuingOps": 10044207, "discontinuedOperations": {}, "extraordinaryItems": {}, "effectOfAccountingCharges": {}, "otherItems": {}, "netIncome": 10044207, "netIncomeApplicableToCommonShares": 10044207}, {"maxAge": 1, "endDate": "2019-03-31", "totalRevenue": 21717885, "costOfRevenue": 0, "grossProfit": 21717885, "researchDevelopment": {}, "sellingGeneralAdministrative": 2385119, "nonRecurring": {}, "otherOperatingExpenses": 1347075, "totalOperatingExpenses": 3732194, "operatingIncome": 17985691, "totalOtherIncomeExpenseNet": 60854, "ebit": 17985691, "interestExpense": -48, "incomeBeforeTax": 18046545, "incomeTaxExpense": 5020549, "minorityInterest": {}, "netIncomeFromContinuingOps": 13025996, "discontinuedOperations": {}, "extraordinaryItems": {}, "effectOfAccountingCharges": {}, "otherItems": {}, "netIncome": 13025996, "netIncomeApplicableToCommonShares": 13025996}, {"maxAge": 1, "endDate": "2018-03-31", "totalRevenue": 18842610, "costOfRevenue": 0, "grossProfit": 18842610, "researchDevelopment": {}, "sellingGeneralAdministrative": 2302356, "nonRecurring": {}, "otherOperatingExpenses": 393182, "totalOperatingExpenses": 2707640, "operatingIncome": 16134970, "totalOtherIncomeExpenseNet": 194780, "ebit": 16134970, "interestExpense": -48, "incomeBeforeTax": 16329750, "incomeTaxExpense": 4204911, "minorityInterest": {}, "netIncomeFromContinuingOps": 12124839, "discontinuedOperations": {}, "extraordinaryItems": {}, "effectOfAccountingCharges": {}, "otherItems": {}, "netIncome": 12124839, "netIncomeApplicableToCommonShares": 12124839}, {"maxAge": 1, "endDate": "2017-03-31", "totalRevenue": 44466277, "costOfRevenue": 26763775, "grossProfit": 17702502, "researchDevelopment": {}, "sellingGeneralAdministrative": 2277358, "nonRecurring": {}, "otherOperatingExpenses": 1818068, "totalOperatingExpenses": 30886169, "operatingIncome": 13580108, "totalOtherIncomeExpenseNet": -1839, "ebit": 13580108, "interestExpense": -48, "incomeBeforeTax": 13578269, "incomeTaxExpense": 3011091, "minorityInterest": {}, "netIncomeFromContinuingOps": 10567178, "discontinuedOperations": {}, "extraordinaryItems": {}, "effectOfAccountingCharges": {}, "otherItems": {}, "netIncome": 10567178, "netIncomeApplicableToCommonShares": 10567178}], "maxAge": 86400}, "fundOwnership": {"maxAge": 1, "ownershipList": []}, "summaryDetail": {"maxAge": 1, "priceHint": 4, "previousClose": 4.35, "open": 4.55, "dayLow": 4.14, "dayHigh": 4.55, "regularMarketPreviousClose": 4.35, "regularMarketOpen": 4.55, "regularMarketDayLow": 4.14, "regularMarketDayHigh": 4.55, "trailingPE": 8.126195, "volume": 33489, "regularMarketVolume": 33489, "averageVolume": 7470, "averageVolume10days": 15057, "averageDailyVolume10Day": 15057, "bid": 4.14, "ask": 4.25, "bidSize": 0, "askSize": 0, "marketCap": 62687500, "fiftyTwoWeekLow": 4.14, "fiftyTwoWeekHigh": 20.7, "fiftyDayAverage": 5.989143, "twoHundredDayAverage": 7.561752, "currency": "INR", "fromCurrency": null, "toCurrency": null, "lastMarket": null, "algorithm": null, "tradeable": false}, "incomeStatementHistoryQuarterly": {"incomeStatementHistory": [{"maxAge": 1, "endDate": "2020-06-30", "totalRevenue": 2112000, "costOfRevenue": 0, "grossProfit": 2112000, "researchDevelopment": {}, "sellingGeneralAdministrative": 486000, "nonRecurring": {}, "otherOperatingExpenses": 354000, "totalOperatingExpenses": 840000, "operatingIncome": 1272000, "totalOtherIncomeExpenseNet": 0, "ebit": 1272000, "interestExpense": {}, "incomeBeforeTax": 1272000, "incomeTaxExpense": 0, "minorityInterest": {}, "netIncomeFromContinuingOps": 1272000, "discontinuedOperations": {}, "extraordinaryItems": {}, "effectOfAccountingCharges": {}, "otherItems": {}, "netIncome": 1272000, "netIncomeApplicableToCommonShares": 1272000}, {"maxAge": 1, "endDate": "2020-03-31", "totalRevenue": 4533754, "costOfRevenue": 0, "grossProfit": 4533754, "researchDevelopment": {}, "sellingGeneralAdministrative": 728061, "nonRecurring": {}, "otherOperatingExpenses": -388617, "totalOperatingExpenses": 351507, "operatingIncome": 4182247, "totalOtherIncomeExpenseNet": 75358, "ebit": 4182247, "interestExpense": {}, "incomeBeforeTax": 4257605, "incomeTaxExpense": 3374398, "minorityInterest": {}, "netIncomeFromContinuingOps": 883207, "discontinuedOperations": {}, "extraordinaryItems": {}, "effectOfAccountingCharges": {}, "otherItems": {}, "netIncome": 883207, "netIncomeApplicableToCommonShares": 883207}, {"maxAge": 1, "endDate": "2019-12-31", "totalRevenue": 3573000, "costOfRevenue": 0, "grossProfit": 3573000, "researchDevelopment": {}, "sellingGeneralAdministrative": 567000, "nonRecurring": {}, "otherOperatingExpenses": 537000, "totalOperatingExpenses": 1104000, "operatingIncome": 2469000, "totalOtherIncomeExpenseNet": 0, "ebit": 2469000, "interestExpense": {}, "incomeBeforeTax": 2469000, "incomeTaxExpense": 0, "minorityInterest": {}, "netIncomeFromContinuingOps": 2469000, "discontinuedOperations": {}, "extraordinaryItems": {}, "effectOfAccountingCharges": {}, "otherItems": {}, "netIncome": 2469000, "netIncomeApplicableToCommonShares": 2469000}, {"maxAge": 1, "endDate": "2019-09-30", "totalRevenue": 3915000, "costOfRevenue": 0, "grossProfit": 3915000, "researchDevelopment": {}, "sellingGeneralAdministrative": 657000, "nonRecurring": {}, "otherOperatingExpenses": 354000, "totalOperatingExpenses": 1011000, "operatingIncome": 2904000, "totalOtherIncomeExpenseNet": 0, "ebit": 2904000, "interestExpense": {}, "incomeBeforeTax": 2904000, "incomeTaxExpense": 0, "minorityInterest": {}, "netIncomeFromContinuingOps": 2904000, "discontinuedOperations": {}, "extraordinaryItems": {}, "effectOfAccountingCharges": {}, "otherItems": {}, "netIncome": 2904000, "netIncomeApplicableToCommonShares": 2904000}], "maxAge": 86400}, "cashflowStatementHistoryQuarterly": {"cashflowStatements": [{"maxAge": 1, "endDate": "2020-06-30", "netIncome": 1272000, "changeToLiabilities": 0}, {"maxAge": 1, "endDate": "2020-03-31", "netIncome": 883207, "changeToLiabilities": 0}, {"maxAge": 1, "endDate": "2019-12-31", "netIncome": 2469000, "changeToLiabilities": 0}, {"maxAge": 1, "endDate": "2019-09-30", "netIncome": 2904000, "changeToLiabilities": 0}], "maxAge": 86400}, "insiderHolders": {"holders": [{"maxAge": 1, "name": "Paliwal (Madan Lal)", "relation": "UNREPORTED", "url": "", "transactionDescription": "Sale", "latestTransDate": "2014-11-19", "positionDirect": 1201177, "positionDirectDate": "2014-11-19"}], "maxAge": 1}, "calendarEvents": {"maxAge": 1, "earnings": {"earningsDate": []}}, "price": {"maxAge": 1, "regularMarketChangePercent": -0.022988487, "regularMarketChange": -0.099999905, "regularMarketTime": "2021-04-30 14:29:55", "priceHint": 4, "regularMarketPrice": 4.25, "regularMarketDayHigh": 4.55, "regularMarketDayLow": 4.14, "regularMarketVolume": 33489, "averageDailyVolume10Day": 15057, "averageDailyVolume3Month": 7470, "regularMarketPreviousClose": 4.35, "regularMarketSource": "FREE_REALTIME", "regularMarketOpen": 4.55, "exchange": "BSE", "exchangeName": "BSE", "exchangeDataDelayedBy": 0, "marketState": "CLOSED", "quoteType": "EQUITY", "symbol": "ZSVARAJT.BO", "underlyingSymbol": null, "shortName": "SVARAJ TRADING & AGENCIES LTD.", "longName": "Svaraj Trading and Agencies Limited", "currency": "INR", "quoteSourceName": "Delayed Quote", "currencySymbol": "\u20b9", "fromCurrency": null, "toCurrency": null, "lastMarket": null, "marketCap": 62687500}, "balanceSheetHistory": {"balanceSheetStatements": [{"maxAge": 1, "endDate": "2020-03-31", "cash": 1183165, "shortTermInvestments": 66463425, "netReceivables": 3309602, "otherCurrentAssets": 21042563, "totalCurrentAssets": 91998755, "longTermInvestments": 341809594, "propertyPlantEquipment": 55182791, "otherAssets": 46624757, "totalAssets": 535615897, "otherCurrentLiab": 312798, "totalCurrentLiabilities": 731651, "totalLiab": 731651, "commonStock": 147500000, "retainedEarnings": 8641713, "treasuryStock": 378742535, "otherStockholderEquity": 378742535, "totalStockholderEquity": 534884248, "netTangibleAssets": 534884248}, {"maxAge": 1, "endDate": "2019-03-31", "cash": 6734356, "netReceivables": 6066458, "otherCurrentAssets": 21178619, "totalCurrentAssets": 33979433, "longTermInvestments": 341809594, "propertyPlantEquipment": 55003215, "otherAssets": 94729329, "totalAssets": 525521571, "accountsPayable": 280000, "otherCurrentLiab": 396213, "totalCurrentLiabilities": 681529, "totalLiab": 681529, "commonStock": 147500000, "retainedEarnings": -1402494, "treasuryStock": 378742535, "otherStockholderEquity": 378742535, "totalStockholderEquity": 524840041, "netTangibleAssets": 524840041}, {"maxAge": 1, "endDate": "2018-03-31", "cash": 48627996, "netReceivables": 25959138, "otherCurrentAssets": 35715, "totalCurrentAssets": 74622849, "longTermInvestments": 341809594, "propertyPlantEquipment": 3215, "otherAssets": 95764913, "totalAssets": 512200571, "otherCurrentLiab": 234063, "totalCurrentLiabilities": 386527, "totalLiab": 386527, "commonStock": 147500000, "retainedEarnings": -14428490, "treasuryStock": 378742535, "otherStockholderEquity": 378742535, "totalStockholderEquity": 511814045, "netTangibleAssets": 511814045}, {"maxAge": 1, "endDate": "2017-03-31", "cash": 25689512, "netReceivables": 38150921, "otherCurrentAssets": 224200, "totalCurrentAssets": 64064633, "longTermInvestments": 341809594, "propertyPlantEquipment": 15317, "otherAssets": 96793378, "totalAssets": 502682922, "otherCurrentLiab": 3600757, "totalCurrentLiabilities": 3994762, "totalLiab": 3994762, "commonStock": 147500000, "retainedEarnings": -27554376, "treasuryStock": 378742536, "otherStockholderEquity": 378742536, "totalStockholderEquity": 498688160, "netTangibleAssets": 498688160}], "maxAge": 86400}, "financialData": {"maxAge": 86400, "currentPrice": 4.25, "recommendationKey": "none", "grossProfits": 16721754, "financialCurrency": "INR"}}}