{"ZUARI.NS": {"assetProfile": {"address1": "Global Business Park, Tower A", "address2": "5th Floor Sector 26 M.G. Road", "city": "Gurugram", "zip": "122002", "country": "India", "phone": "91 12 4482 7800", "fax": "91 12 4421 2046", "website": "http://www.zuari.in", "industry": "Agricultural Inputs", "sector": "Basic Materials", "longBusinessSummary": "Zuari Agro Chemicals Limited manufactures, trades in, and markets chemical fertilizers in India. It produces organic manure, micronutrients, seeds, pesticides, and specialty fertilizers; and DAP, ammonia, urea, and NPK A and NPK B fertilizers. The company is also involved in trading complex fertilizers, water soluble fertilizers, pesticides, and seeds. It markets its products under the Jai Kisaan brand to farmers through dealers. The company was formerly known as Zuari Holdings Limited and changed its name to Zuari Agro Chemicals Limited in September 2012. Zuari Agro Chemicals Limited was founded in 1967 and is based in Gurugram, India.", "fullTimeEmployees": 1068, "companyOfficers": [{"maxAge": 1, "name": "Mr. Nitin M. Kantak", "title": "Additional Exec. Director", "exercisedValue": 0, "unexercisedValue": 0}, {"maxAge": 1, "name": "Mr. Madan Mohan Pandey", "age": 49, "title": "Pres of Agri Bus.", "yearBorn": 1971, "exercisedValue": 0, "unexercisedValue": 0}, {"maxAge": 1, "name": "Mr. Raj Kumar Gupta", "title": "Chief Financial Officer", "exercisedValue": 0, "unexercisedValue": 0}, {"maxAge": 1, "name": "Mr. Vijayamahantesh V. Khannur", "title": "Company Sec. & Compliance Officer", "exercisedValue": 0, "unexercisedValue": 0}, {"maxAge": 1, "name": "Mr. Ranjit Singh Chugh", "age": 60, "title": "Chief Manufacturing Officer", "yearBorn": 1960, "exercisedValue": 0, "unexercisedValue": 0}, {"maxAge": 1, "name": "Mr. Nilesh  Dessai", "title": "Chief Manufacturing Officer", "exercisedValue": 0, "unexercisedValue": 0}, {"maxAge": 1, "name": "Mr. V.  Seshadri", "title": "VP of Group Treasury", "fiscalYear": 2017, "totalPay": 1847000, "exercisedValue": 0, "unexercisedValue": 0}], "compensationAsOfEpochDate": "2017-12-31 05:30:00", "maxAge": 86400}, "recommendationTrend": {"trend": [{"period": "0m", "strongBuy": 0, "buy": 0, "hold": 0, "sell": 0, "strongSell": 0}, {"period": "-1m", "strongBuy": 0, "buy": 1, "hold": 0, "sell": 0, "strongSell": 0}, {"period": "-2m", "strongBuy": 0, "buy": 1, "hold": 0, "sell": 0, "strongSell": 0}, {"period": "-3m", "strongBuy": 0, "buy": 1, "hold": 0, "sell": 0, "strongSell": 0}], "maxAge": 86400}, "cashflowStatementHistory": {"cashflowStatements": [{"maxAge": 1, "endDate": "2020-03-31", "netIncome": -8019609000, "depreciation": 1055088000, "changeToNetincome": 6513218000, "changeToAccountReceivables": 15677426000, "changeToLiabilities": -1236979000, "changeToInventory": 12166347000, "changeToOperatingActivities": 183947000, "totalCashFromOperatingActivities": 26353033000, "capitalExpenditures": -858099000, "investments": -203813000, "otherCashflowsFromInvestingActivities": 836031000, "totalCashflowsFromInvestingActivities": -159941000, "netBorrowings": -19961921000, "otherCashflowsFromFinancingActivities": -4079660000, "totalCashFromFinancingActivities": -24041581000, "changeInCash": 2151511000}, {"maxAge": 1, "endDate": "2019-03-31", "netIncome": -2883766000, "depreciation": 860985000, "changeToNetincome": 4944435000, "changeToAccountReceivables": -5359105000, "changeToLiabilities": 5651502000, "changeToInventory": -7141381000, "changeToOperatingActivities": 366944000, "totalCashFromOperatingActivities": -3546782000, "capitalExpenditures": -1477879000, "investments": -174601000, "otherCashflowsFromInvestingActivities": 621511000, "totalCashflowsFromInvestingActivities": -1026395000, "netBorrowings": 7464140000, "otherCashflowsFromFinancingActivities": -3865955000, "totalCashFromFinancingActivities": 3598185000, "changeInCash": -974992000}, {"maxAge": 1, "endDate": "2018-03-31", "netIncome": 1173661000, "depreciation": 809571000, "changeToNetincome": 2985128000, "changeToAccountReceivables": 365961000, "changeToLiabilities": 3400422000, "changeToInventory": -3439832000, "changeToOperatingActivities": -2380673000, "totalCashFromOperatingActivities": 2927061000, "capitalExpenditures": -720515000, "investments": -158592000, "otherCashflowsFromInvestingActivities": 246069000, "totalCashflowsFromInvestingActivities": -632691000, "dividendsPaid": -42058000, "netBorrowings": 1837285000, "otherCashflowsFromFinancingActivities": -3272181000, "totalCashFromFinancingActivities": -1476954000, "changeInCash": 817416000}, {"maxAge": 1, "endDate": "2017-03-31", "netIncome": -219621000, "depreciation": 759980000, "changeToNetincome": 1895800000, "changeToAccountReceivables": 6593478000, "changeToLiabilities": 2247475000, "changeToInventory": 192816000, "changeToOperatingActivities": -513676000, "totalCashFromOperatingActivities": 10969618000, "capitalExpenditures": -1463887000, "investments": -629937000, "otherCashflowsFromInvestingActivities": 1673099000, "totalCashflowsFromInvestingActivities": -404674000, "dividendsPaid": -3210000, "netBorrowings": -6824063000, "otherCashflowsFromFinancingActivities": -3198637000, "totalCashFromFinancingActivities": -10025910000, "changeInCash": 539034000}], "maxAge": 86400}, "indexTrend": {"maxAge": 1, "symbol": "SP5", "peRatio": 19.7411, "pegRatio": 1.34172, "estimates": [{"period": "0q", "growth": 0.549}, {"period": "+1q", "growth": 0.431}, {"period": "0y", "growth": 0.305}, {"period": "+1y", "growth": 0.109}, {"period": "+5y", "growth": 0.120865}, {"period": "-5y"}]}, "defaultKeyStatistics": {"maxAge": 1, "priceHint": 2, "enterpriseValue": 26851250176, "profitMargins": -0.11259, "floatShares": 10140691, "sharesOutstanding": 42058000, "heldPercentInsiders": 0.73745, "heldPercentInstitutions": 0.02973, "beta": 1.048423, "category": null, "bookValue": 58.067, "priceToBook": 1.5335733, "fundFamily": null, "legalType": null, "lastFiscalYearEnd": "2020-03-31 05:30:00", "nextFiscalYearEnd": "2022-03-31 05:30:00", "mostRecentQuarter": "2020-12-31 05:30:00", "netIncomeToCommon": -4646409216, "trailingEps": -110.469, "forwardEps": 4.3, "lastSplitFactor": null, "enterpriseToRevenue": 0.651, "enterpriseToEbitda": 23.58}, "industryTrend": {"maxAge": 1, "symbol": null, "estimates": []}, "quoteType": {"exchange": "NSI", "quoteType": "EQUITY", "symbol": "ZUARI.NS", "underlyingSymbol": "ZUARI.NS", "shortName": "ZUARI AGRO CHEMICA", "longName": "Zuari Agro Chemicals Limited", "firstTradeDateEpochUtc": "2012-11-27 09:15:00", "timeZoneFullName": "Asia/Kolkata", "timeZoneShortName": "IST", "uuid": "efcb883b-2003-3c82-920d-3c172ffb1add", "gmtOffSetMilliseconds": 19800000, "maxAge": 1}, "incomeStatementHistory": {"incomeStatementHistory": [{"maxAge": 1, "endDate": "2020-03-31", "totalRevenue": 50107859000, "costOfRevenue": 38468063000, "grossProfit": 11639796000, "researchDevelopment": {}, "sellingGeneralAdministrative": 1986492000, "nonRecurring": {}, "otherOperatingExpenses": 11150859000, "totalOperatingExpenses": 52674097000, "operatingIncome": -2566238000, "totalOtherIncomeExpenseNet": -4790557000, "ebit": -2566238000, "interestExpense": -5127378000, "incomeBeforeTax": -7356795000, "incomeTaxExpense": 366034000, "minorityInterest": 4142268000, "netIncomeFromContinuingOps": -7722829000, "discontinuedOperations": {}, "extraordinaryItems": {}, "effectOfAccountingCharges": {}, "otherItems": {}, "netIncome": -8019609000, "netIncomeApplicableToCommonShares": -8019609000}, {"maxAge": 1, "endDate": "2019-03-31", "totalRevenue": 81029001000, "costOfRevenue": 61278210000, "grossProfit": 19750791000, "researchDevelopment": {}, "sellingGeneralAdministrative": 2116770000, "nonRecurring": {}, "otherOperatingExpenses": 13892914000, "totalOperatingExpenses": 78161998000, "operatingIncome": 2867003000, "totalOtherIncomeExpenseNet": -5527421000, "ebit": 2867003000, "interestExpense": -4533208000, "incomeBeforeTax": -2660418000, "incomeTaxExpense": 68899000, "minorityInterest": 3995519000, "netIncomeFromContinuingOps": -2729317000, "discontinuedOperations": {}, "extraordinaryItems": {}, "effectOfAccountingCharges": {}, "otherItems": {}, "netIncome": -2883766000, "netIncomeApplicableToCommonShares": -2883766000}, {"maxAge": 1, "endDate": "2018-03-31", "totalRevenue": 72647740000, "costOfRevenue": 52646012000, "grossProfit": 20001728000, "researchDevelopment": {}, "sellingGeneralAdministrative": 1930396000, "nonRecurring": {}, "otherOperatingExpenses": 12394390000, "totalOperatingExpenses": 67792757000, "operatingIncome": 4854983000, "totalOtherIncomeExpenseNet": -3164172000, "ebit": 4854983000, "interestExpense": -3742150000, "incomeBeforeTax": 1690811000, "incomeTaxExpense": 232566000, "minorityInterest": 3900291000, "netIncomeFromContinuingOps": 1458245000, "discontinuedOperations": {}, "extraordinaryItems": {}, "effectOfAccountingCharges": {}, "otherItems": {}, "netIncome": 1173661000, "netIncomeApplicableToCommonShares": 1173661000}, {"maxAge": 1, "endDate": "2017-03-31", "totalRevenue": 63816876000, "costOfRevenue": 46539723000, "grossProfit": 17277153000, "researchDevelopment": {}, "sellingGeneralAdministrative": 2017890000, "nonRecurring": {}, "otherOperatingExpenses": 10265231000, "totalOperatingExpenses": 59595767000, "operatingIncome": 4221109000, "totalOtherIncomeExpenseNet": -4436364000, "ebit": 4221109000, "interestExpense": -3879488000, "incomeBeforeTax": -215255000, "incomeTaxExpense": -86835000, "minorityInterest": 3644293000, "netIncomeFromContinuingOps": -128420000, "discontinuedOperations": {}, "extraordinaryItems": {}, "effectOfAccountingCharges": {}, "otherItems": {}, "netIncome": -219621000, "netIncomeApplicableToCommonShares": -219621000}], "maxAge": 86400}, "fundOwnership": {"ownershipList": [], "maxAge": 1}, "summaryDetail": {"maxAge": 1, "priceHint": 2, "previousClose": 89.3, "open": 89.75, "dayLow": 88.65, "dayHigh": 90.4, "regularMarketPreviousClose": 89.3, "regularMarketOpen": 89.75, "regularMarketDayLow": 88.65, "regularMarketDayHigh": 90.4, "exDividendDate": "2017-07-13 05:30:00", "payoutRatio": 0.0, "beta": 1.048423, "forwardPE": 20.709303, "volume": 46063, "regularMarketVolume": 46063, "averageVolume": 242390, "averageVolume10days": 208976, "averageDailyVolume10Day": 208976, "bid": 0.0, "ask": 0.0, "bidSize": 0, "askSize": 0, "marketCap": 3734783744, "fiftyTwoWeekLow": 63.6, "fiftyTwoWeekHigh": 123.3, "priceToSalesTrailing12Months": 0.09049949, "fiftyDayAverage": 95.68823, "twoHundredDayAverage": 91.7156, "trailingAnnualDividendRate": 1.0, "trailingAnnualDividendYield": 0.011198208, "currency": "INR", "fromCurrency": null, "lastMarket": null, "algorithm": null, "tradeable": false}, "insiderHolders": {"holders": [{"maxAge": 1, "name": "Adventz Finance Pvt Ltd", "relation": "Promoter", "url": "", "transactionDescription": "Acquisition", "latestTransDate": "2015-08-17", "positionDirect": 1424201, "positionDirectDate": "2015-08-17"}, {"maxAge": 1, "name": "Birla Education Trust", "relation": "Promoter", "url": "", "transactionDescription": "Sale", "latestTransDate": "2014-03-24", "positionDirect": 0, "positionDirectDate": "2014-03-24"}, {"maxAge": 1, "name": "Coltrane Corporation Ltd", "relation": "Promoter", "url": "", "transactionDescription": "Sale", "latestTransDate": "2016-12-23", "positionDirect": 0, "positionDirectDate": "2016-12-23"}, {"maxAge": 1, "name": "Duke Commerce, Ltd.", "relation": "Promoter", "url": "", "transactionDescription": "Acquisition", "latestTransDate": "2015-03-16", "positionDirect": 111000, "positionDirectDate": "2015-03-16"}, {"maxAge": 1, "name": "Globalware Holdings Ltd", "relation": "Promoter", "url": "", "transactionDescription": "Purchase", "latestTransDate": "2016-12-23", "positionDirect": 7491750, "positionDirectDate": "2016-12-23"}, {"maxAge": 1, "name": "Joshi (Rakesh)", "relation": "UNREPORTED", "url": "", "transactionDescription": "Acquisition", "latestTransDate": "2015-07-14", "positionDirect": 2554, "positionDirectDate": "2015-07-14"}, {"maxAge": 1, "name": "Modi (Dipesh)", "relation": "UNREPORTED", "url": "", "transactionDescription": "Acquisition", "latestTransDate": "2015-07-14", "positionDirect": 5000, "positionDirectDate": "2015-07-14"}, {"maxAge": 1, "name": "Poddar (Akshay)", "relation": "Director (Non-Executive)", "url": "", "transactionDescription": "Acquisition", "latestTransDate": "2017-03-10", "positionDirect": 150585, "positionDirectDate": "2017-03-10"}, {"maxAge": 1, "name": "Poddar (Jyotsna)", "relation": "UNREPORTED", "url": "", "transactionDescription": "Purchase", "latestTransDate": "2017-03-30", "positionDirect": 171621, "positionDirectDate": "2017-03-30"}, {"maxAge": 1, "name": "Poddar (Saroj Kumar)", "relation": "UNREPORTED", "url": "", "transactionDescription": "Sale", "latestTransDate": "2017-03-30", "positionDirect": 29406, "positionDirectDate": "2017-03-30"}], "maxAge": 1}, "calendarEvents": {"maxAge": 1, "earnings": {"earningsDate": [], "revenueAverage": 55076100000, "revenueLow": 79063000000, "revenueHigh": 79063000000}, "exDividendDate": "2017-07-13 05:30:00"}, "upgradeDowngradeHistory": {"history": [], "maxAge": 86400}, "price": {"maxAge": 1, "regularMarketChangePercent": -0.0027995522, "regularMarketChange": -0.25, "regularMarketTime": "2021-04-30 15:29:23", "priceHint": 2, "regularMarketPrice": 89.05, "regularMarketDayHigh": 90.4, "regularMarketDayLow": 88.65, "regularMarketVolume": 46063, "averageDailyVolume10Day": 208976, "averageDailyVolume3Month": 242390, "regularMarketPreviousClose": 89.3, "regularMarketSource": "FREE_REALTIME", "regularMarketOpen": 89.75, "exchange": "NSI", "exchangeName": "NSE", "exchangeDataDelayedBy": 15, "marketState": "CLOSED", "quoteType": "EQUITY", "symbol": "ZUARI.NS", "underlyingSymbol": null, "shortName": "ZUARI AGRO CHEMICA", "longName": "Zuari Agro Chemicals Limited", "currency": "INR", "quoteSourceName": "Delayed Quote", "currencySymbol": "\u20b9", "fromCurrency": null, "lastMarket": null, "marketCap": 3734783744}, "balanceSheetHistory": {"balanceSheetStatements": [{"maxAge": 1, "endDate": "2020-03-31", "cash": 2650415000, "shortTermInvestments": 10000, "netReceivables": 24381709000, "inventory": 5486458000, "otherCurrentAssets": 1850241000, "totalCurrentAssets": 34552554000, "longTermInvestments": 8553335000, "propertyPlantEquipment": 19075220000, "goodWill": 153353000, "intangibleAssets": 1036675000, "otherAssets": 2253868000, "deferredLongTermAssetCharges": 674116000, "totalAssets": 65625005000, "accountsPayable": 19664129000, "shortLongTermDebt": 5286580000, "otherCurrentLiab": 2489279000, "longTermDebt": 4772701000, "otherLiab": 283661000, "minorityInterest": 4142268000, "totalCurrentLiabilities": 52130870000, "totalLiab": 58070853000, "commonStock": 420580000, "retainedEarnings": -8951294000, "treasuryStock": 11942598000, "otherStockholderEquity": 11942598000, "totalStockholderEquity": 3411884000, "netTangibleAssets": 2221856000}, {"maxAge": 1, "endDate": "2019-03-31", "cash": 498904000, "shortTermInvestments": 37851000, "netReceivables": 41015150000, "inventory": 17652805000, "otherCurrentAssets": 2767599000, "totalCurrentAssets": 62313755000, "longTermInvestments": 8188624000, "propertyPlantEquipment": 18608679000, "goodWill": 190830000, "intangibleAssets": 1058408000, "otherAssets": 2549714000, "deferredLongTermAssetCharges": 889514000, "totalAssets": 92910010000, "accountsPayable": 19566450000, "shortLongTermDebt": 3006973000, "otherCurrentLiab": 3735088000, "longTermDebt": 8683993000, "otherLiab": 415202000, "minorityInterest": 3995519000, "totalCurrentLiabilities": 68293817000, "totalLiab": 77393012000, "commonStock": 420580000, "retainedEarnings": -1025945000, "treasuryStock": 12126844000, "otherStockholderEquity": 12126844000, "totalStockholderEquity": 11521479000, "netTangibleAssets": 10272241000}, {"maxAge": 1, "endDate": "2018-03-31", "cash": 1473896000, "shortTermInvestments": 37851000, "netReceivables": 38140151000, "inventory": 10511424000, "otherCurrentAssets": 966407000, "totalCurrentAssets": 51384205000, "longTermInvestments": 9108786000, "propertyPlantEquipment": 18133224000, "goodWill": 190830000, "intangibleAssets": 1084058000, "otherAssets": 2730818000, "deferredLongTermAssetCharges": 920820000, "totalAssets": 82631921000, "accountsPayable": 14522078000, "shortLongTermDebt": 1520146000, "otherCurrentLiab": 3306646000, "longTermDebt": 5202919000, "otherLiab": 351898000, "minorityInterest": 3900291000, "totalCurrentLiabilities": 58529643000, "totalLiab": 64084460000, "commonStock": 420580000, "retainedEarnings": 1885170000, "treasuryStock": 12341420000, "otherStockholderEquity": 12341420000, "totalStockholderEquity": 14647170000, "netTangibleAssets": 13372282000}, {"maxAge": 1, "endDate": "2017-03-31", "cash": 656480000, "netReceivables": 36993254000, "inventory": 7071591000, "otherCurrentAssets": 344717000, "totalCurrentAssets": 45243278000, "longTermInvestments": 8777313000, "propertyPlantEquipment": 18018348000, "goodWill": 193713000, "intangibleAssets": 1107392000, "otherAssets": 2628708000, "deferredLongTermAssetCharges": 831067000, "totalAssets": 75968752000, "accountsPayable": 10785913000, "shortLongTermDebt": 1758647000, "otherCurrentLiab": 3219704000, "longTermDebt": 4930101000, "otherLiab": 508713000, "minorityInterest": 3644293000, "totalCurrentLiabilities": 53216073000, "totalLiab": 58654887000, "commonStock": 420580000, "retainedEarnings": 760598000, "treasuryStock": 12488394000, "otherStockholderEquity": 12488394000, "totalStockholderEquity": 13669572000, "netTangibleAssets": 12368467000}], "maxAge": 86400}, "earningsTrend": {"trend": [{"maxAge": 1, "period": "0q", "endDate": "2015-06-30", "growth": {}, "earningsEstimate": {"avg": 0.0, "low": 0.0, "high": 0.0, "yearAgoEps": {}, "numberOfAnalysts": 0, "growth": {}}, "revenueEstimate": {"avg": 55076100000, "low": 79063000000, "high": 79063000000, "numberOfAnalysts": 1, "yearAgoRevenue": 73407500000, "growth": -0.25}, "epsTrend": {"current": 0.0, "7daysAgo": 9.1, "30daysAgo": 9.1, "60daysAgo": 9.1, "90daysAgo": 9.1}, "epsRevisions": {"upLast7days": 0, "upLast30days": 0, "downLast30days": 0, "downLast90days": {}}}, {"maxAge": 1, "period": "+1q", "endDate": "2015-09-30", "growth": {}, "earningsEstimate": {"avg": 0.0, "low": 0.0, "high": 0.0, "yearAgoEps": {}, "numberOfAnalysts": 0, "growth": {}}, "revenueEstimate": {"avg": 55076100000, "low": 79063000000, "high": 79063000000, "numberOfAnalysts": 1, "yearAgoRevenue": 73407500000, "growth": -0.25}, "epsTrend": {"current": 0.0, "7daysAgo": 4.3, "30daysAgo": 4.3, "60daysAgo": 4.3, "90daysAgo": 4.3}, "epsRevisions": {"upLast7days": 0, "upLast30days": 0, "downLast30days": 0, "downLast90days": {}}}, {"maxAge": 1, "period": "0y", "endDate": "2015-03-31", "growth": {}, "earningsEstimate": {"avg": 0.0, "low": 0.0, "high": 0.0, "yearAgoEps": {}, "numberOfAnalysts": 0, "growth": {}}, "revenueEstimate": {"avg": 55076100000, "low": 79063000000, "high": 79063000000, "numberOfAnalysts": 1, "yearAgoRevenue": 73407500000, "growth": -0.25}, "epsTrend": {"current": 0.0, "7daysAgo": 12.5, "30daysAgo": 12.5, "60daysAgo": 12.5, "90daysAgo": 12.5}, "epsRevisions": {"upLast7days": 0, "upLast30days": 0, "downLast30days": 0, "downLast90days": {}}}, {"maxAge": 1, "period": "+1y", "endDate": "2016-03-31", "growth": {}, "earningsEstimate": {"avg": 0.0, "low": 0.0, "high": 0.0, "yearAgoEps": {}, "numberOfAnalysts": 0, "growth": {}}, "revenueEstimate": {"avg": 52537700000, "low": 51046000000, "high": 51046000000, "numberOfAnalysts": 1, "yearAgoRevenue": 55076100000, "growth": -0.046}, "epsTrend": {"current": 0.0, "7daysAgo": 4.3, "30daysAgo": 4.3, "60daysAgo": 4.3, "90daysAgo": 4.3}, "epsRevisions": {"upLast7days": 0, "upLast30days": 0, "downLast30days": 0, "downLast90days": {}}}, {"maxAge": 1, "period": "+5y", "endDate": null, "growth": {}, "earningsEstimate": {"avg": {}, "low": {}, "high": {}, "yearAgoEps": {}, "numberOfAnalysts": {}, "growth": {}}, "revenueEstimate": {"avg": {}, "low": {}, "high": {}, "numberOfAnalysts": {}, "yearAgoRevenue": {}, "growth": {}}, "epsTrend": {"current": {}, "7daysAgo": {}, "30daysAgo": {}, "60daysAgo": {}, "90daysAgo": {}}, "epsRevisions": {"upLast7days": {}, "upLast30days": {}, "downLast30days": {}, "downLast90days": {}}}, {"maxAge": 1, "period": "-5y", "endDate": null, "growth": 1.24779, "earningsEstimate": {"avg": {}, "low": {}, "high": {}, "yearAgoEps": {}, "numberOfAnalysts": {}, "growth": {}}, "revenueEstimate": {"avg": {}, "low": {}, "high": {}, "numberOfAnalysts": {}, "yearAgoRevenue": {}, "growth": {}}, "epsTrend": {"current": {}, "7daysAgo": {}, "30daysAgo": {}, "60daysAgo": {}, "90daysAgo": {}}, "epsRevisions": {"upLast7days": {}, "upLast30days": {}, "downLast30days": {}, "downLast90days": {}}}], "maxAge": 1}, "institutionOwnership": {"ownershipList": [], "maxAge": 1}, "majorHoldersBreakdown": {"maxAge": 1, "insidersPercentHeld": 0.73745, "institutionsPercentHeld": 0.02973, "institutionsFloatPercentHeld": 0.113249995, "institutionsCount": 2}, "balanceSheetHistoryQuarterly": {"balanceSheetStatements": [{"maxAge": 1, "endDate": "2020-12-31", "totalStockholderEquity": 2433700000, "netTangibleAssets": 1260600000}, {"maxAge": 1, "endDate": "2020-09-30", "cash": 4286100000, "shortTermInvestments": 794100000, "netReceivables": 18651500000, "inventory": 4065200000, "otherCurrentAssets": 2860000000, "totalCurrentAssets": 30656900000, "longTermInvestments": 9216000000, "propertyPlantEquipment": 18837200000, "intangibleAssets": 1173100000, "otherAssets": 1963100000, "deferredLongTermAssetCharges": 674100000, "totalAssets": 61846300000, "accountsPayable": 20958600000, "otherCurrentLiab": 9478300000, "longTermDebt": 6212700000, "otherLiab": 427000000, "minorityInterest": 4379600000, "totalCurrentLiabilities": 48393300000, "totalLiab": 55033000000, "commonStock": 420600000, "treasuryStock": 2013100000, "otherStockholderEquity": 2013100000, "totalStockholderEquity": 2433700000, "netTangibleAssets": 1260600000}, {"maxAge": 1, "endDate": "2020-06-30", "totalStockholderEquity": 3411884000, "netTangibleAssets": 2221856000}, {"maxAge": 1, "endDate": "2020-03-31", "cash": 2650415000, "shortTermInvestments": 10000, "netReceivables": 24381709000, "inventory": 5486458000, "otherCurrentAssets": 1850241000, "totalCurrentAssets": 34552554000, "longTermInvestments": 8553335000, "propertyPlantEquipment": 19075220000, "goodWill": 153353000, "intangibleAssets": 1036675000, "otherAssets": 2253868000, "deferredLongTermAssetCharges": 674116000, "totalAssets": 65625005000, "accountsPayable": 19664129000, "shortLongTermDebt": 5286580000, "otherCurrentLiab": 2489279000, "longTermDebt": 4772701000, "otherLiab": 283661000, "minorityInterest": 4142268000, "totalCurrentLiabilities": 52130870000, "totalLiab": 58070853000, "commonStock": 420580000, "retainedEarnings": -8951294000, "treasuryStock": 11942598000, "otherStockholderEquity": 11942598000, "totalStockholderEquity": 3411884000, "netTangibleAssets": 2221856000}], "maxAge": 86400}, "earningsHistory": {"history": [{"maxAge": 1, "epsActual": {}, "epsEstimate": {}, "epsDifference": {}, "surprisePercent": {}, "quarter": {}, "period": "-4q"}, {"maxAge": 1, "epsActual": {}, "epsEstimate": {}, "epsDifference": {}, "surprisePercent": {}, "quarter": {}, "period": "-3q"}, {"maxAge": 1, "epsActual": {}, "epsEstimate": {}, "epsDifference": {}, "surprisePercent": {}, "quarter": {}, "period": "-2q"}, {"maxAge": 1, "epsActual": {}, "epsEstimate": {}, "epsDifference": {}, "surprisePercent": {}, "quarter": {}, "period": "-1q"}], "maxAge": 86400}, "summaryProfile": {"address1": "Global Business Park, Tower A", "address2": "5th Floor Sector 26 M.G. Road", "city": "Gurugram", "zip": "122002", "country": "India", "phone": "91 12 4482 7800", "fax": "91 12 4421 2046", "website": "http://www.zuari.in", "industry": "Agricultural Inputs", "sector": "Basic Materials", "longBusinessSummary": "Zuari Agro Chemicals Limited manufactures, trades in, and markets chemical fertilizers in India. It produces organic manure, micronutrients, seeds, pesticides, and specialty fertilizers; and DAP, ammonia, urea, and NPK A and NPK B fertilizers. The company is also involved in trading complex fertilizers, water soluble fertilizers, pesticides, and seeds. It markets its products under the Jai Kisaan brand to farmers through dealers. The company was formerly known as Zuari Holdings Limited and changed its name to Zuari Agro Chemicals Limited in September 2012. Zuari Agro Chemicals Limited was founded in 1967 and is based in Gurugram, India.", "fullTimeEmployees": 1068, "companyOfficers": [], "maxAge": 86400}, "netSharePurchaseActivity": {"maxAge": 1, "period": "6m", "buyInfoCount": 0, "buyInfoShares": 0, "sellInfoCount": 0, "netInfoCount": 0, "netInfoShares": 0, "netPercentInsiderShares": 0.0, "totalInsiderShares": 31028808}, "insiderTransactions": {"transactions": [{"maxAge": 1, "shares": 100000, "filerUrl": "", "transactionText": "", "filerName": "Poddar (Jyotsna)", "filerRelation": "UNREPORTED", "moneyText": "", "startDate": "2017-03-30", "ownership": "D"}, {"maxAge": 1, "shares": 150000, "filerUrl": "", "transactionText": "", "filerName": "Poddar (Jyotsna)", "filerRelation": "UNREPORTED", "moneyText": "", "startDate": "2017-03-30", "ownership": "D"}, {"maxAge": 1, "shares": 100000, "filerUrl": "", "transactionText": "", "filerName": "Poddar (Saroj Kumar)", "filerRelation": "UNREPORTED", "moneyText": "", "startDate": "2017-03-30", "ownership": "D"}, {"maxAge": 1, "shares": 150000, "filerUrl": "", "transactionText": "", "filerName": "Poddar (Saroj Kumar)", "filerRelation": "UNREPORTED", "moneyText": "", "startDate": "2017-03-30", "ownership": "D"}, {"maxAge": 1, "shares": 150585, "filerUrl": "", "transactionText": "", "filerName": "Poddar (Akshay)", "filerRelation": "Director (Non-Executive)", "moneyText": "", "startDate": "2017-03-10", "ownership": "D"}, {"maxAge": 1, "shares": 479750, "filerUrl": "", "transactionText": "", "filerName": "Globalware Holdings Ltd", "filerRelation": "Promoter", "moneyText": "", "startDate": "2016-12-23", "ownership": "D"}, {"maxAge": 1, "shares": 479750, "filerUrl": "", "transactionText": "", "filerName": "Coltrane Corporation Ltd", "filerRelation": "Promoter", "moneyText": "", "startDate": "2016-12-23", "ownership": "D"}, {"maxAge": 1, "shares": 101560, "filerUrl": "", "transactionText": "", "filerName": "Adventz Finance Pvt Ltd", "filerRelation": "Promoter", "moneyText": "", "startDate": "2015-08-17", "ownership": "D"}, {"maxAge": 1, "shares": 2400, "filerUrl": "", "transactionText": "", "filerName": "Joshi (Rakesh)", "filerRelation": "UNREPORTED", "moneyText": "", "startDate": "2015-07-14", "ownership": "D"}, {"maxAge": 1, "shares": 2400, "filerUrl": "", "transactionText": "", "filerName": "Modi (Dipesh)", "filerRelation": "UNREPORTED", "moneyText": "", "startDate": "2015-07-14", "ownership": "D"}, {"maxAge": 1, "shares": 30000, "filerUrl": "", "transactionText": "", "filerName": "Duke Commerce, Ltd.", "filerRelation": "Promoter", "moneyText": "", "startDate": "2015-03-16", "ownership": "D"}, {"maxAge": 1, "shares": 1236852, "filerUrl": "", "transactionText": "", "filerName": "Adventz Finance Pvt Ltd", "filerRelation": "Promoter", "moneyText": "", "startDate": "2014-07-11", "ownership": "D"}, {"maxAge": 1, "shares": 390600, "filerUrl": "", "transactionText": "", "filerName": "Birla Education Trust", "filerRelation": "Promoter", "moneyText": "", "startDate": "2014-03-24", "ownership": "D"}, {"maxAge": 1, "shares": 400000, "filerUrl": "", "transactionText": "", "filerName": "Adventz Investments & Holdings Ltd", "filerRelation": "Promoter", "moneyText": "", "startDate": "2014-03-24", "ownership": "D"}], "maxAge": 1}, "sectorTrend": {"maxAge": 1, "symbol": null, "estimates": []}, "incomeStatementHistoryQuarterly": {"incomeStatementHistory": [{"maxAge": 1, "endDate": "2020-12-31", "totalRevenue": 9274100000, "costOfRevenue": 6454800000, "grossProfit": 2819300000, "researchDevelopment": {}, "sellingGeneralAdministrative": 481900000, "nonRecurring": {}, "otherOperatingExpenses": 2007100000, "totalOperatingExpenses": 9218800000, "operatingIncome": 55300000, "totalOtherIncomeExpenseNet": -515200000, "ebit": 55300000, "interestExpense": -974600000, "incomeBeforeTax": -459900000, "incomeTaxExpense": 2600000, "minorityInterest": {}, "netIncomeFromContinuingOps": -462500000, "discontinuedOperations": {}, "extraordinaryItems": {}, "effectOfAccountingCharges": {}, "otherItems": {}, "netIncome": -466200000, "netIncomeApplicableToCommonShares": -466200000}, {"maxAge": 1, "endDate": "2020-09-30", "totalRevenue": 11907100000, "costOfRevenue": 7751700000, "grossProfit": 4155400000, "researchDevelopment": {}, "sellingGeneralAdministrative": 397700000, "nonRecurring": {}, "otherOperatingExpenses": 2597600000, "totalOperatingExpenses": 10998600000, "operatingIncome": 908500000, "totalOtherIncomeExpenseNet": -527400000, "ebit": 908500000, "interestExpense": -1172200000, "incomeBeforeTax": 381100000, "incomeTaxExpense": 223100000, "minorityInterest": 4379600000, "netIncomeFromContinuingOps": 158000000, "discontinuedOperations": {}, "extraordinaryItems": {}, "effectOfAccountingCharges": {}, "otherItems": {}, "netIncome": -28500000, "netIncomeApplicableToCommonShares": -28500000}, {"maxAge": 1, "endDate": "2020-06-30", "totalRevenue": 10024600000, "costOfRevenue": 7051800000, "grossProfit": 2972800000, "researchDevelopment": {}, "sellingGeneralAdministrative": 420600000, "nonRecurring": {}, "otherOperatingExpenses": 2396100000, "totalOperatingExpenses": 10145500000, "operatingIncome": -120900000, "totalOtherIncomeExpenseNet": -757900000, "ebit": -120900000, "interestExpense": -1087400000, "incomeBeforeTax": -878800000, "incomeTaxExpense": 66500000, "minorityInterest": 4379600000, "netIncomeFromContinuingOps": -945300000, "discontinuedOperations": {}, "extraordinaryItems": {}, "effectOfAccountingCharges": {}, "otherItems": {}, "netIncome": -995900000, "netIncomeApplicableToCommonShares": -995900000}, {"maxAge": 1, "endDate": "2020-03-31", "totalRevenue": 10062759000, "costOfRevenue": 7326863000, "grossProfit": 2735896000, "researchDevelopment": {}, "sellingGeneralAdministrative": 654892000, "nonRecurring": {}, "otherOperatingExpenses": 2528959000, "totalOperatingExpenses": 10779097000, "operatingIncome": -716338000, "totalOtherIncomeExpenseNet": -1168357000, "ebit": -716338000, "interestExpense": -904778000, "incomeBeforeTax": -1884695000, "incomeTaxExpense": 1161334000, "minorityInterest": 4142268000, "netIncomeFromContinuingOps": -3046029000, "discontinuedOperations": {}, "extraordinaryItems": {}, "effectOfAccountingCharges": {}, "otherItems": {}, "netIncome": -3155809000, "netIncomeApplicableToCommonShares": -3155809000}], "maxAge": 86400}, "cashflowStatementHistoryQuarterly": {"cashflowStatements": [{"maxAge": 1, "endDate": "2020-12-31", "netIncome": -466200000, "changeToLiabilities": 0}, {"maxAge": 1, "endDate": "2020-09-30", "netIncome": -28500000, "changeToLiabilities": 0}, {"maxAge": 1, "endDate": "2020-06-30", "netIncome": -995900000, "changeToLiabilities": 0}, {"maxAge": 1, "endDate": "2020-03-31", "netIncome": -3155809000, "changeToLiabilities": 0}], "maxAge": 86400}, "earnings": {"maxAge": 86400, "earningsChart": {"quarterly": [], "earningsDate": []}, "financialsChart": {"yearly": [{"date": 2017, "revenue": 63816876000, "earnings": -219621000}, {"date": 2018, "revenue": 72647740000, "earnings": 1173661000}, {"date": 2019, "revenue": 81029001000, "earnings": -2883766000}, {"date": 2020, "revenue": 50107859000, "earnings": -8019609000}], "quarterly": [{"date": "1Q2020", "revenue": 10062759000, "earnings": -3155809000}, {"date": "2Q2020", "revenue": 10024600000, "earnings": -995900000}, {"date": "3Q2020", "revenue": 11907100000, "earnings": -28500000}, {"date": "4Q2020", "revenue": 9274100000, "earnings": -466200000}]}, "financialCurrency": "INR"}, "financialData": {"maxAge": 86400, "currentPrice": 89.05, "targetHighPrice": 579.0, "targetLowPrice": 579.0, "targetMeanPrice": 579.0, "targetMedianPrice": 579.0, "recommendationMean": 2.0, "recommendationKey": "buy", "numberOfAnalystOpinions": 1, "totalCash": 5080200192, "totalCashPerShare": 120.739, "ebitda": 1138720768, "totalDebt": 23804999680, "totalRevenue": 41268559872, "debtToEquity": 349.39, "revenuePerShare": 981.166, "grossProfits": 11639796000, "revenueGrowth": 0.048, "grossMargins": 0.30734, "ebitdaMargins": 0.027590001, "operatingMargins": 0.00307, "profitMargins": -0.11259, "financialCurrency": "INR"}}}