{"ZWELCAST.BO": {"recommendationTrend": {"trend": [{"period": "0m", "strongBuy": 0, "buy": 0, "hold": 0, "sell": 0, "strongSell": 0}, {"period": "-1m", "strongBuy": 0, "buy": 0, "hold": 0, "sell": 0, "strongSell": 0}, {"period": "-2m", "strongBuy": 0, "buy": 0, "hold": 0, "sell": 0, "strongSell": 0}, {"period": "-3m", "strongBuy": 0, "buy": 0, "hold": 0, "sell": 0, "strongSell": 0}], "maxAge": 86400}, "cashflowStatementHistory": {"cashflowStatements": [{"maxAge": 1, "endDate": "2020-03-31", "netIncome": -2629000, "depreciation": 13223000, "changeToNetincome": -2684000, "changeToAccountReceivables": 32257000, "changeToLiabilities": -48740000, "changeToInventory": 15520000, "changeToOperatingActivities": -9064000, "totalCashFromOperatingActivities": -1986000, "capitalExpenditures": -27623000, "investments": -342000, "otherCashflowsFromInvestingActivities": 2745000, "totalCashflowsFromInvestingActivities": -18624000, "dividendsPaid": -1595000, "netBorrowings": 28000000, "otherCashflowsFromFinancingActivities": -3771000, "totalCashFromFinancingActivities": 22634000, "changeInCash": 2024000}, {"maxAge": 1, "endDate": "2019-03-31", "netIncome": 18390000, "depreciation": 8310000, "changeToNetincome": 4307000, "changeToAccountReceivables": 5333000, "changeToLiabilities": -17291000, "changeToInventory": -15448000, "changeToOperatingActivities": 52803000, "totalCashFromOperatingActivities": 56506000, "capitalExpenditures": -16616000, "investments": 435000, "otherCashflowsFromInvestingActivities": 3930000, "totalCashflowsFromInvestingActivities": -11923000, "dividendsPaid": -1277000, "netBorrowings": -38000000, "otherCashflowsFromFinancingActivities": -3828000, "totalCashFromFinancingActivities": -43105000, "changeInCash": 1478000}, {"maxAge": 1, "endDate": "2018-03-31", "netIncome": 15936000, "depreciation": 8871000, "changeToNetincome": 5052000, "changeToAccountReceivables": -31321000, "changeToLiabilities": 10362000, "changeToInventory": -31976000, "changeToOperatingActivities": 52803000, "totalCashFromOperatingActivities": -22972000, "capitalExpenditures": -20509000, "investments": 435000, "otherCashflowsFromInvestingActivities": 3930000, "totalCashflowsFromInvestingActivities": -20509000, "dividendsPaid": -1276000, "netBorrowings": 50000000, "otherCashflowsFromFinancingActivities": -4575000, "totalCashFromFinancingActivities": 44149000, "changeInCash": 668000}, {"maxAge": 1, "endDate": "2017-03-31", "netIncome": 17650000, "depreciation": 8074000, "changeToNetincome": 667000, "changeToAccountReceivables": -61866000, "changeToLiabilities": 86646000, "changeToInventory": -45448000, "changeToOperatingActivities": 52803000, "totalCashFromOperatingActivities": 5850000, "capitalExpenditures": -10631000, "investments": 1000, "otherCashflowsFromInvestingActivities": 182000, "totalCashflowsFromInvestingActivities": -10401000, "dividendsPaid": -1276000, "netBorrowings": 50000000, "otherCashflowsFromFinancingActivities": -283000, "totalCashFromFinancingActivities": -283000, "changeInCash": -4834000}], "maxAge": 86400}, "institutionOwnership": {"maxAge": 1, "ownershipList": []}, "balanceSheetHistoryQuarterly": {"balanceSheetStatements": [{"maxAge": 1, "endDate": "2020-06-30", "totalStockholderEquity": 344195000, "netTangibleAssets": 343836000}, {"maxAge": 1, "endDate": "2020-03-31", "cash": 5490000, "shortTermInvestments": 2396000, "netReceivables": 97731000, "inventory": 204088000, "otherCurrentAssets": 36121000, "totalCurrentAssets": 347572000, "propertyPlantEquipment": 78675000, "intangibleAssets": 359000, "otherAssets": 77188000, "deferredLongTermAssetCharges": 6861000, "totalAssets": 503794000, "accountsPayable": 59136000, "otherCurrentLiab": 9699000, "otherLiab": 19393000, "totalCurrentLiabilities": 140206000, "totalLiab": 159599000, "commonStock": 6382000, "retainedEarnings": 333032000, "treasuryStock": 2000, "capitalSurplus": 4779000, "otherStockholderEquity": 2000, "totalStockholderEquity": 344195000, "netTangibleAssets": 343836000}, {"maxAge": 1, "endDate": "2019-12-31", "totalStockholderEquity": 352164000, "netTangibleAssets": 352109000}, {"maxAge": 1, "endDate": "2019-09-30", "cash": 4176000, "shortTermInvestments": 856000, "netReceivables": 44878000, "inventory": 265268000, "otherCurrentAssets": 49515000, "totalCurrentAssets": 364693000, "propertyPlantEquipment": 77380000, "intangibleAssets": 55000, "otherAssets": 69917000, "deferredLongTermAssetCharges": 7781000, "totalAssets": 512045000, "accountsPayable": 70355000, "otherCurrentLiab": 31033000, "otherLiab": 18468000, "totalCurrentLiabilities": 141413000, "totalLiab": 159881000, "commonStock": 6382000, "treasuryStock": 345782000, "otherStockholderEquity": 345782000, "totalStockholderEquity": 352164000, "netTangibleAssets": 352109000}], "maxAge": 86400}, "earningsHistory": {"history": [{"maxAge": 1, "epsActual": {}, "epsEstimate": {}, "epsDifference": {}, "surprisePercent": {}, "quarter": {}, "period": "-4q"}, {"maxAge": 1, "epsActual": {}, "epsEstimate": {}, "epsDifference": {}, "surprisePercent": {}, "quarter": {}, "period": "-3q"}, {"maxAge": 1, "epsActual": {}, "epsEstimate": {}, "epsDifference": {}, "surprisePercent": {}, "quarter": {}, "period": "-2q"}, {"maxAge": 1, "epsActual": 1.4, "epsEstimate": 6.71, "epsDifference": -5.31, "surprisePercent": -0.791, "quarter": "2018-06-30", "period": "-1q"}], "maxAge": 86400}, "indexTrend": {"maxAge": 1, "symbol": "SP5", "peRatio": 19.7411, "pegRatio": 1.34172, "estimates": [{"period": "0q", "growth": 0.549}, {"period": "+1q", "growth": 0.431}, {"period": "0y", "growth": 0.305}, {"period": "+1y", "growth": 0.109}, {"period": "+5y", "growth": 0.120859005}, {"period": "-5y"}]}, "industryTrend": {"maxAge": 1, "symbol": null, "estimates": []}, "insiderTransactions": {"transactions": [{"maxAge": 1, "shares": 16525, "filerUrl": "", "transactionText": "", "filerName": "Shah (Ashish Navnitlal)", "filerRelation": "UNREPORTED", "moneyText": "", "startDate": "2013-11-12", "ownership": "D"}, {"maxAge": 1, "shares": 13000, "filerUrl": "", "transactionText": "", "filerName": "AIA Engineering, Ltd.", "filerRelation": "Institution- Corporation", "moneyText": "", "startDate": "2013-11-08", "ownership": "D"}, {"maxAge": 1, "shares": 7780, "filerUrl": "", "transactionText": "", "filerName": "AIA Engineering, Ltd.", "filerRelation": "Institution- Corporation", "moneyText": "", "startDate": "2013-10-18", "ownership": "D"}], "maxAge": 1}, "quoteType": {"exchange": "BSE", "quoteType": "EQUITY", "symbol": "ZWELCAST.BO", "underlyingSymbol": "ZWELCAST.BO", "shortName": "WELCAST STEELS LTD.", "longName": "Welcast Steels Limited", "firstTradeDateEpochUtc": "2002-07-01 09:15:00", "timeZoneFullName": "Asia/Kolkata", "timeZoneShortName": "IST", "uuid": "0eeedb5e-27c1-3930-91ce-86bef2f9d806", "messageBoardId": null, "gmtOffSetMilliseconds": 19800000, "maxAge": 1}, "incomeStatementHistory": {"incomeStatementHistory": [{"maxAge": 1, "endDate": "2020-03-31", "totalRevenue": 1500154000, "costOfRevenue": 911052000, "grossProfit": 589102000, "researchDevelopment": {}, "sellingGeneralAdministrative": 99327000, "nonRecurring": {}, "otherOperatingExpenses": 481615000, "totalOperatingExpenses": 1505348000, "operatingIncome": -5194000, "totalOtherIncomeExpenseNet": 4688000, "ebit": -5194000, "interestExpense": -3443000, "incomeBeforeTax": -506000, "incomeTaxExpense": 2123000, "minorityInterest": {}, "netIncomeFromContinuingOps": -2629000, "discontinuedOperations": {}, "extraordinaryItems": {}, "effectOfAccountingCharges": {}, "otherItems": {}, "netIncome": -2629000, "netIncomeApplicableToCommonShares": -2629000}, {"maxAge": 1, "endDate": "2019-03-31", "totalRevenue": 2696165000, "costOfRevenue": 1799352000, "grossProfit": 896813000, "researchDevelopment": {}, "sellingGeneralAdministrative": 97761000, "nonRecurring": {}, "otherOperatingExpenses": 764303000, "totalOperatingExpenses": 2669828000, "operatingIncome": 26337000, "totalOtherIncomeExpenseNet": 1477000, "ebit": 26337000, "interestExpense": -3566000, "incomeBeforeTax": 27814000, "incomeTaxExpense": 9424000, "minorityInterest": {}, "netIncomeFromContinuingOps": 18390000, "discontinuedOperations": {}, "extraordinaryItems": {}, "effectOfAccountingCharges": {}, "otherItems": {}, "netIncome": 18390000, "netIncomeApplicableToCommonShares": 18390000}, {"maxAge": 1, "endDate": "2018-03-31", "totalRevenue": 2338487000, "costOfRevenue": 1558458000, "grossProfit": 780029000, "researchDevelopment": {}, "sellingGeneralAdministrative": 98733000, "nonRecurring": {}, "otherOperatingExpenses": 651306000, "totalOperatingExpenses": 2317471000, "operatingIncome": 21016000, "totalOtherIncomeExpenseNet": 1616000, "ebit": 21016000, "interestExpense": -3604000, "incomeBeforeTax": 22632000, "incomeTaxExpense": 6696000, "minorityInterest": {}, "netIncomeFromContinuingOps": 15936000, "discontinuedOperations": {}, "extraordinaryItems": {}, "effectOfAccountingCharges": {}, "otherItems": {}, "netIncome": 15936000, "netIncomeApplicableToCommonShares": 15936000}, {"maxAge": 1, "endDate": "2017-03-31", "totalRevenue": 2013269000, "costOfRevenue": 1309181000, "grossProfit": 704088000, "researchDevelopment": {}, "sellingGeneralAdministrative": 95653000, "nonRecurring": {}, "otherOperatingExpenses": 581998000, "totalOperatingExpenses": 1995034000, "operatingIncome": 18235000, "totalOtherIncomeExpenseNet": 5834000, "ebit": 18235000, "interestExpense": -283000, "incomeBeforeTax": 24069000, "incomeTaxExpense": 6419000, "minorityInterest": {}, "netIncomeFromContinuingOps": 17650000, "discontinuedOperations": {}, "extraordinaryItems": {}, "effectOfAccountingCharges": {}, "otherItems": {}, "netIncome": 17650000, "netIncomeApplicableToCommonShares": 17650000}], "maxAge": 86400}, "fundOwnership": {"maxAge": 1, "ownershipList": []}, "summaryDetail": {"maxAge": 1, "priceHint": 2, "previousClose": 403.4, "open": 440.0, "dayLow": 401.1, "dayHigh": 443.7, "regularMarketPreviousClose": 403.4, "regularMarketOpen": 440.0, "regularMarketDayLow": 401.1, "regularMarketDayHigh": 443.7, "forwardPE": 12.758415, "volume": 317, "regularMarketVolume": 317, "averageVolume": 157, "averageVolume10days": 72, "averageDailyVolume10Day": 72, "bid": 420.0, "ask": 438.9, "bidSize": 0, "askSize": 0, "marketCap": 273324352, "fiftyTwoWeekLow": 288.6, "fiftyTwoWeekHigh": 443.7, "fiftyDayAverage": 345.29, "twoHundredDayAverage": 341.71863, "trailingAnnualDividendRate": 2.5, "trailingAnnualDividendYield": 0.0061973226, "currency": "INR", "fromCurrency": null, "toCurrency": null, "lastMarket": null, "algorithm": null, "tradeable": false}, "sectorTrend": {"maxAge": 1, "symbol": null, "estimates": []}, "incomeStatementHistoryQuarterly": {"incomeStatementHistory": [{"maxAge": 1, "endDate": "2020-06-30", "totalRevenue": 237431000, "costOfRevenue": 147207000, "grossProfit": 90224000, "researchDevelopment": {}, "sellingGeneralAdministrative": 23147000, "nonRecurring": {}, "otherOperatingExpenses": 71375000, "totalOperatingExpenses": 245569000, "operatingIncome": -8138000, "totalOtherIncomeExpenseNet": -446000, "ebit": -8138000, "interestExpense": -1313000, "incomeBeforeTax": -8584000, "incomeTaxExpense": 81000, "minorityInterest": {}, "netIncomeFromContinuingOps": -8665000, "discontinuedOperations": {}, "extraordinaryItems": {}, "effectOfAccountingCharges": {}, "otherItems": {}, "netIncome": -8665000, "netIncomeApplicableToCommonShares": -8665000}, {"maxAge": 1, "endDate": "2020-03-31", "totalRevenue": 279287000, "costOfRevenue": 176419000, "grossProfit": 102868000, "researchDevelopment": {}, "sellingGeneralAdministrative": 22855000, "nonRecurring": {}, "otherOperatingExpenses": 80545000, "totalOperatingExpenses": 283377000, "operatingIncome": -4090000, "totalOtherIncomeExpenseNet": -124000, "ebit": -4090000, "interestExpense": -773000, "incomeBeforeTax": -4214000, "incomeTaxExpense": 710000, "minorityInterest": {}, "netIncomeFromContinuingOps": -4924000, "discontinuedOperations": {}, "extraordinaryItems": {}, "effectOfAccountingCharges": {}, "otherItems": {}, "netIncome": -4924000, "netIncomeApplicableToCommonShares": -4924000}, {"maxAge": 1, "endDate": "2019-12-31", "totalRevenue": 412117000, "costOfRevenue": 254624000, "grossProfit": 157493000, "researchDevelopment": {}, "sellingGeneralAdministrative": 25142000, "nonRecurring": {}, "otherOperatingExpenses": 131554000, "totalOperatingExpenses": 414669000, "operatingIncome": -2552000, "totalOtherIncomeExpenseNet": -7000, "ebit": -2552000, "interestExpense": -716000, "incomeBeforeTax": -2559000, "incomeTaxExpense": -1082000, "minorityInterest": {}, "netIncomeFromContinuingOps": -1477000, "discontinuedOperations": {}, "extraordinaryItems": {}, "effectOfAccountingCharges": {}, "otherItems": {}, "netIncome": -1477000, "netIncomeApplicableToCommonShares": -1477000}, {"maxAge": 1, "endDate": "2019-09-30", "totalRevenue": 390637000, "costOfRevenue": 241729000, "grossProfit": 148908000, "researchDevelopment": {}, "sellingGeneralAdministrative": 27420000, "nonRecurring": {}, "otherOperatingExpenses": 115138000, "totalOperatingExpenses": 388495000, "operatingIncome": 2142000, "totalOtherIncomeExpenseNet": -1253000, "ebit": 2142000, "interestExpense": -1253000, "incomeBeforeTax": 889000, "incomeTaxExpense": -196000, "minorityInterest": {}, "netIncomeFromContinuingOps": 1085000, "discontinuedOperations": {}, "extraordinaryItems": {}, "effectOfAccountingCharges": {}, "otherItems": {}, "netIncome": 1085000, "netIncomeApplicableToCommonShares": 1085000}], "maxAge": 86400}, "cashflowStatementHistoryQuarterly": {"cashflowStatements": [{"maxAge": 1, "endDate": "2020-06-30", "netIncome": -8665000, "changeToLiabilities": 0}, {"maxAge": 1, "endDate": "2020-03-31", "netIncome": -4924000, "changeToLiabilities": 0}, {"maxAge": 1, "endDate": "2019-12-31", "netIncome": -1477000, "changeToLiabilities": 0}, {"maxAge": 1, "endDate": "2019-09-30", "netIncome": 1085000, "changeToLiabilities": 0}], "maxAge": 86400}, "insiderHolders": {"holders": [{"maxAge": 1, "name": "AIA Engineering, Ltd.", "relation": "Institution- Corporation", "url": "", "transactionDescription": "Acquisition", "latestTransDate": "2013-11-08", "positionDirect": 477661, "positionDirectDate": "2013-11-08"}, {"maxAge": 1, "name": "Shah (Ashish Navnitlal)", "relation": "UNREPORTED", "url": "", "transactionDescription": "Acquisition", "latestTransDate": "2013-11-12", "positionDirect": 16525, "positionDirectDate": "2013-11-12"}], "maxAge": 1}, "earnings": {"maxAge": 86400, "earningsChart": {"quarterly": [{"date": "2Q2018", "actual": 1.4, "estimate": 6.71}], "currentQuarterEstimateDate": "3Q", "currentQuarterEstimateYear": 2018, "earningsDate": []}, "financialsChart": {"yearly": [{"date": 2017, "revenue": 2013269000, "earnings": 17650000}, {"date": 2018, "revenue": 2338487000, "earnings": 15936000}, {"date": 2019, "revenue": 2696165000, "earnings": 18390000}, {"date": 2020, "revenue": 1500154000, "earnings": -2629000}], "quarterly": [{"date": "3Q2019", "revenue": 390637000, "earnings": 1085000}, {"date": "4Q2019", "revenue": 412117000, "earnings": -1477000}, {"date": "1Q2020", "revenue": 279287000, "earnings": -4924000}, {"date": "2Q2020", "revenue": 237431000, "earnings": -8665000}]}, "financialCurrency": "INR"}, "calendarEvents": {"maxAge": 1, "earnings": {"earningsDate": []}}, "price": {"maxAge": 1, "regularMarketChangePercent": 0.061725322, "regularMarketChange": 24.899994, "regularMarketTime": "2021-04-30 15:29:51", "priceHint": 2, "regularMarketPrice": 428.3, "regularMarketDayHigh": 443.7, "regularMarketDayLow": 401.1, "regularMarketVolume": 317, "averageDailyVolume10Day": 72, "averageDailyVolume3Month": 157, "regularMarketPreviousClose": 403.4, "regularMarketSource": "FREE_REALTIME", "regularMarketOpen": 440.0, "exchange": "BSE", "exchangeName": "BSE", "exchangeDataDelayedBy": 0, "marketState": "CLOSED", "quoteType": "EQUITY", "symbol": "ZWELCAST.BO", "underlyingSymbol": null, "shortName": "WELCAST STEELS LTD.", "longName": "Welcast Steels Limited", "currency": "INR", "quoteSourceName": "Delayed Quote", "currencySymbol": "\u20b9", "fromCurrency": null, "toCurrency": null, "lastMarket": null, "marketCap": 273324352}, "balanceSheetHistory": {"balanceSheetStatements": [{"maxAge": 1, "endDate": "2020-03-31", "cash": 5490000, "shortTermInvestments": 2396000, "netReceivables": 97731000, "inventory": 204088000, "otherCurrentAssets": 36121000, "totalCurrentAssets": 347572000, "propertyPlantEquipment": 78675000, "intangibleAssets": 359000, "otherAssets": 77188000, "deferredLongTermAssetCharges": 6861000, "totalAssets": 503794000, "accountsPayable": 59136000, "otherCurrentLiab": 9699000, "otherLiab": 19393000, "totalCurrentLiabilities": 140206000, "totalLiab": 159599000, "commonStock": 6382000, "retainedEarnings": 333032000, "treasuryStock": 2000, "capitalSurplus": 4779000, "otherStockholderEquity": 2000, "totalStockholderEquity": 344195000, "netTangibleAssets": 343836000}, {"maxAge": 1, "endDate": "2019-03-31", "cash": 3467000, "shortTermInvestments": 1950000, "netReceivables": 130243000, "inventory": 219608000, "otherCurrentAssets": 48768000, "totalCurrentAssets": 405586000, "propertyPlantEquipment": 67047000, "intangibleAssets": 93000, "otherAssets": 77714000, "deferredLongTermAssetCharges": 9043000, "totalAssets": 550440000, "accountsPayable": 107875000, "otherCurrentLiab": 9410000, "otherLiab": 18471000, "totalCurrentLiabilities": 181829000, "totalLiab": 200300000, "commonStock": 6382000, "retainedEarnings": 338977000, "treasuryStock": 2000, "capitalSurplus": 4779000, "otherStockholderEquity": 2000, "totalStockholderEquity": 350140000, "netTangibleAssets": 350047000}, {"maxAge": 1, "endDate": "2018-03-31", "cash": 1989000, "netReceivables": 137295000, "inventory": 204160000, "otherCurrentAssets": 74897000, "totalCurrentAssets": 418341000, "propertyPlantEquipment": 58838000, "intangibleAssets": 173000, "otherAssets": 74769000, "deferredLongTermAssetCharges": 12665000, "totalAssets": 552121000, "accountsPayable": 130619000, "otherCurrentLiab": 1938000, "otherLiab": 17395000, "totalCurrentLiabilities": 201801000, "totalLiab": 219196000, "commonStock": 6382000, "retainedEarnings": 321762000, "treasuryStock": 2000, "capitalSurplus": 4779000, "otherStockholderEquity": 2000, "totalStockholderEquity": 332925000, "netTangibleAssets": 332752000}, {"maxAge": 1, "endDate": "2017-03-31", "cash": 1321000, "netReceivables": 79271000, "inventory": 172185000, "otherCurrentAssets": 101602000, "totalCurrentAssets": 354379000, "propertyPlantEquipment": 47292000, "intangibleAssets": 185000, "otherAssets": 74695000, "deferredLongTermAssetCharges": 13301000, "totalAssets": 476551000, "accountsPayable": 123039000, "otherCurrentLiab": 762000, "otherLiab": 16293000, "totalCurrentLiabilities": 141379000, "totalLiab": 157672000, "commonStock": 6382000, "retainedEarnings": 307716000, "treasuryStock": 2000, "capitalSurplus": 4779000, "otherStockholderEquity": 2000, "totalStockholderEquity": 318879000, "netTangibleAssets": 318694000}], "maxAge": 86400}, "earningsTrend": {"trend": [{"maxAge": 1, "period": "0q", "endDate": "2018-09-30", "growth": {}, "earningsEstimate": {"avg": 0.0, "low": 0.0, "high": 0.0, "yearAgoEps": {}, "numberOfAnalysts": 0, "growth": {}}, "revenueEstimate": {"avg": 0, "low": 0, "high": 0, "numberOfAnalysts": 0, "yearAgoRevenue": {}, "growth": {}}, "epsTrend": {"current": 0.0, "7daysAgo": 0.0, "30daysAgo": 0.0, "60daysAgo": 0.0, "90daysAgo": 0.0}, "epsRevisions": {"upLast7days": 0, "upLast30days": 0, "downLast30days": 0, "downLast90days": {}}}, {"maxAge": 1, "period": "+1q", "endDate": "2018-12-31", "growth": {}, "earningsEstimate": {"avg": 0.0, "low": 0.0, "high": 0.0, "yearAgoEps": {}, "numberOfAnalysts": 0, "growth": {}}, "revenueEstimate": {"avg": 0, "low": 0, "high": 0, "numberOfAnalysts": 0, "yearAgoRevenue": {}, "growth": {}}, "epsTrend": {"current": 0.0, "7daysAgo": 0.0, "30daysAgo": 0.0, "60daysAgo": 0.0, "90daysAgo": 0.0}, "epsRevisions": {"upLast7days": 0, "upLast30days": 0, "downLast30days": 0, "downLast90days": {}}}, {"maxAge": 1, "period": "0y", "endDate": "2019-03-31", "growth": {}, "earningsEstimate": {"avg": 0.0, "low": 0.0, "high": 0.0, "yearAgoEps": {}, "numberOfAnalysts": 0, "growth": {}}, "revenueEstimate": {"avg": 2698220000, "low": 2698220000, "high": 2698220000, "numberOfAnalysts": 1, "yearAgoRevenue": {}, "growth": {}}, "epsTrend": {"current": 0.0, "7daysAgo": 29.94, "30daysAgo": 29.94, "60daysAgo": 29.94, "90daysAgo": 29.94}, "epsRevisions": {"upLast7days": 0, "upLast30days": 0, "downLast30days": 0, "downLast90days": {}}}, {"maxAge": 1, "period": "+1y", "endDate": "2020-03-31", "growth": {}, "earningsEstimate": {"avg": 0.0, "low": 0.0, "high": 0.0, "yearAgoEps": {}, "numberOfAnalysts": 0, "growth": {}}, "revenueEstimate": {"avg": 2979430000, "low": 2979430000, "high": 2979430000, "numberOfAnalysts": 1, "yearAgoRevenue": 2698220000, "growth": 0.103999995}, "epsTrend": {"current": 0.0, "7daysAgo": 33.57, "30daysAgo": 33.57, "60daysAgo": 33.57, "90daysAgo": 33.57}, "epsRevisions": {"upLast7days": 0, "upLast30days": 0, "downLast30days": 0, "downLast90days": {}}}, {"maxAge": 1, "period": "+5y", "endDate": null, "growth": {}, "earningsEstimate": {"avg": {}, "low": {}, "high": {}, "yearAgoEps": {}, "numberOfAnalysts": {}, "growth": {}}, "revenueEstimate": {"avg": {}, "low": {}, "high": {}, "numberOfAnalysts": {}, "yearAgoRevenue": {}, "growth": {}}, "epsTrend": {"current": {}, "7daysAgo": {}, "30daysAgo": {}, "60daysAgo": {}, "90daysAgo": {}}, "epsRevisions": {"upLast7days": {}, "upLast30days": {}, "downLast30days": {}, "downLast90days": {}}}, {"maxAge": 1, "period": "-5y", "endDate": null, "growth": {}, "earningsEstimate": {"avg": {}, "low": {}, "high": {}, "yearAgoEps": {}, "numberOfAnalysts": {}, "growth": {}}, "revenueEstimate": {"avg": {}, "low": {}, "high": {}, "numberOfAnalysts": {}, "yearAgoRevenue": {}, "growth": {}}, "epsTrend": {"current": {}, "7daysAgo": {}, "30daysAgo": {}, "60daysAgo": {}, "90daysAgo": {}}, "epsRevisions": {"upLast7days": {}, "upLast30days": {}, "downLast30days": {}, "downLast90days": {}}}], "maxAge": 1}, "financialData": {"maxAge": 86400, "currentPrice": 428.3, "targetHighPrice": 627.0, "targetLowPrice": 627.0, "targetMeanPrice": 627.0, "targetMedianPrice": 627.0, "recommendationKey": "none", "numberOfAnalystOpinions": 1, "grossProfits": 589102000, "financialCurrency": "INR"}}}